{"jsonrpc": "2.0", "id": 1, "result": ["book.ETH-PERPETUAL.none.20.100ms"], "usIn": 1767090047198415, "usOut": 1767090047198617, "usDiff": 202, "testnet": false}
{"jsonrpc": "2.0", "method": "subscription", "params": {"channel": "book.ETH-PERPETUAL.none.20.100ms", "data": {"timestamp": 1767090047052, "change_id": 103207551873, "instrument_name": "ETH-PERPETUAL", "bids": [[2978.95, 14119.0], [2978.85, 6463.0], [2978.75, 12703.0], [2978.7, 18339.0], [2978.65, 19999.0], [2978.6, 3279.0], [2978.55, 2317.0], [2978.5, 4763.0], [2978.45, 3000.0], [2978.4, 1360.0], [2978.35, 1550.0], [2978.3, 3000.0], [2978.25, 5.0], [2978.15, 3000.0], [2978.1, 1840.0], [2978.05, 3165.0], [2978.0, 4002.0], [2977.95, 4755.0], [2977.9, 14681.0], [2977.8, 12458.0]], "asks": [[2979.0, 36081.0], [2979.1, 5000.0], [2979.25, 120.0], [2979.3, 2751.0], [2979.4, 4763.0], [2979.45, 5000.0], [2979.5, 3000.0], [2979.6, 3373.0], [2979.65, 3000.0], [2979.7, 5105.0], [2979.75, 4425.0], [2979.8, 4117.0], [2979.85, 3094.0], [2979.9, 1876.0], [2979.95, 6196.0], [2980.0, 1830.0], [2980.05, 1849.0], [2980.1, 6193.0], [2980.25, 1828.0], [2980.3, 3000.0]]}}}
{"jsonrpc": "2.0", "method": "subscription", "params": {"channel": "book.ETH-PERPETUAL.none.20.100ms", "data": {"timestamp": 1767090047234, "change_id": 103207552218, "instrument_name": "ETH-PERPETUAL", "bids": [[2978.95, 14119.0], [2978.85, 6463.0], [2978.75, 12703.0], [2978.7, 18339.0], [2978.65, 19999.0], [2978.6, 3279.0], [2978.55, 2317.0], [2978.5, 4763.0], [2978.45, 3000.0], [2978.4, 1360.0], [2978.35, 1550.0], [2978.3, 3000.0], [2978.25, 5.0], [2978.15, 3000.0], [2978.1, 1840.0], [2978.05, 3165.0], [2978.0, 4002.0], [2977.95, 4755.0], [2977.9, 14681.0], [2977.8, 12458.0]], "asks": [[2979.0, 36081.0], [2979.1, 5000.0], [2979.25, 120.0], [2979.3, 2751.0], [2979.4, 4763.0], [2979.45, 5000.0], [2979.5, 3000.0], [2979.6, 3373.0], [2979.65, 3000.0], [2979.7, 5105.0], [2979.75, 4425.0], [2979.8, 4117.0], [2979.85, 3094.0], [2979.9, 1876.0], [2979.95, 6196.0], [2980.0, 1830.0], [2980.05, 1849.0], [2980.1, 6193.0], [2980.25, 1828.0], [2980.3, 3000.0]]}}}
{"jsonrpc": "2.0", "method": "subscription", "params": {"channel": "book.ETH-PERPETUAL.none.20.100ms", "data": {"timestamp": 1767090047386, "change_id": 103207552325, "instrument_name": "ETH-PERPETUAL", "bids": [[2978.95, 14119.0], [2978.85, 6463.0], [2978.75, 12703.0], [2978.7, 18339.0], [2978.65, 19999.0], [2978.6, 3279.0], [2978.55, 2317.0], [2978.5, 4763.0], [2978.45, 3000.0], [2978.4, 1360.0], [2978.35, 1550.0], [2978.3, 3000.0], [2978.25, 5.0], [2978.15, 3000.0], [2978.1, 1840.0], [2978.05, 3165.0], [2978.0, 4002.0], [2977.95, 4755.0], [2977.9, 14681.0], [2977.8, 12458.0]], "asks": [[2979.0, 36081.0], [2979.1, 5000.0], [2979.25, 120.0], [2979.3, 2751.0], [2979.4, 4763.0], [2979.45, 5000.0], [2979.5, 3000.0], [2979.6, 3373.0], [2979.65, 3000.0], [2979.7, 5105.0], [2979.75, 4425.0], [2979.8, 4117.0], [2979.85, 3094.0], [2979.9, 1876.0], [2979.95, 6196.0], [2980.0, 1830.0], [2980.05, 1849.0], [2980.1, 6193.0], [2980.25, 1828.0], [2980.3, 3000.0]]}}}
{"jsonrpc": "2.0", "method": "subscription", "params": {"channel": "book.ETH-PERPETUAL.none.20.100ms", "data": {"timestamp": 1767090047605, "change_id": 103207552598, "instrument_name": "ETH-PERPETUAL", "bids": [[2978.95, 14119.0], [2978.85, 6463.0], [2978.75, 12703.0], [2978.7, 18339.0], [2978.65, 19999.0], [2978.6, 3279.0], [2978.55, 2317.0], [2978.5, 4763.0], [2978.45, 3000.0], [2978.4, 1360.0], [2978.35, 1550.0], [2978.3, 3000.0], [2978.25, 5.0], [2978.15, 3000.0], [2978.1, 1840.0], [2978.05, 3165.0], [2978.0, 4002.0], [2977.95, 4755.0], [2977.9, 14681.0], [2977.8, 12458.0]], "asks": [[2979.0, 36081.0], [2979.1, 5000.0], [2979.25, 120.0], [2979.3, 2751.0], [2979.4, 4763.0], [2979.45, 5000.0], [2979.5, 3000.0], [2979.6, 3373.0], [2979.65, 3000.0], [2979.7, 5105.0], [2979.75, 4425.0], [2979.8, 4117.0], [2979.85, 3094.0], [2979.9, 1876.0], [2979.95, 6196.0], [2980.0, 1830.0], [2980.05, 1849.0], [2980.1, 6193.0], [2980.25, 1828.0], [2980.3, 3000.0]]}}}
{"jsonrpc": "2.0", "method": "subscription", "params": {"channel": "book.ETH-PERPETUAL.none.20.100ms", "data": {"timestamp": 1767090048204, "change_id": 103207553039, "instrument_name": "ETH-PERPETUAL", "bids": [[2978.95, 14119.0], [2978.85, 6463.0], [2978.75, 12703.0], [2978.7, 17224.0], [2978.65, 19998.0], [2978.6, 3279.0], [2978.55, 2317.0], [2978.5, 4763.0], [2978.45, 3000.0], [2978.4, 1360.0], [2978.35, 1550.0], [2978.3, 3000.0], [2978.25, 5.0], [2978.15, 3000.0], [2978.1, 1840.0], [2978.05, 3165.0], [2978.0, 4002.0], [2977.95, 8926.0], [2977.9, 14681.0], [2977.8, 12458.0]], "asks": [[2979.0, 36081.0], [2979.1, 5000.0], [2979.25, 120.0], [2979.3, 2751.0], [2979.4, 4763.0], [2979.45, 5000.0], [2979.5, 3000.0], [2979.6, 3373.0], [2979.65, 3000.0], [2979.7, 5105.0], [2979.75, 4425.0], [2979.8, 4117.0], [2979.85, 3094.0], [2979.9, 1876.0], [2979.95, 6196.0], [2980.0, 1830.0], [2980.05, 1849.0], [2980.1, 6193.0], [2980.25, 1828.0], [2980.3, 3000.0]]}}}
{"jsonrpc": "2.0", "method": "subscription", "params": {"channel": "book.ETH-PERPETUAL.none.20.100ms", "data": {"timestamp": 1767090048487, "change_id": 103207553264, "instrument_name": "ETH-PERPETUAL", "bids": [[2978.95, 14119.0], [2978.85, 6463.0], [2978.75, 12703.0], [2978.7, 17224.0], [2978.65, 19998.0], [2978.6, 3279.0], [2978.55, 2317.0], [2978.5, 4763.0], [2978.45, 3000.0], [2978.4, 1360.0], [2978.35, 1550.0], [2978.3, 3000.0], [2978.25, 5.0], [2978.15, 3000.0], [2978.1, 1840.0], [2978.05, 3165.0], [2978.0, 4002.0], [2977.95, 8926.0], [2977.9, 14681.0], [2977.8, 12458.0]], "asks": [[2979.0, 36081.0], [2979.1, 5000.0], [2979.25, 120.0], [2979.3, 2751.0], [2979.4, 4763.0], [2979.45, 5000.0], [2979.5, 3000.0], [2979.6, 1851.0], [2979.65, 3000.0], [2979.7, 5.0], [2979.75, 4425.0], [2979.8, 4117.0], [2979.85, 3094.0], [2979.9, 1876.0], [2979.95, 6196.0], [2980.0, 1830.0], [2980.05, 1849.0], [2980.1, 6193.0], [2980.25, 1828.0], [2980.3, 3000.0]]}}}
{"jsonrpc": "2.0", "method": "subscription", "params": {"channel": "book.ETH-PERPETUAL.none.20.100ms", "data": {"timestamp": 1767090048882, "change_id": 103207553738, "instrument_name": "ETH-PERPETUAL", "bids": [[2978.95, 20477.0], [2978.9, 13000.0], [2978.85, 13973.0], [2978.8, 22999.0], [2978.75, 4866.0], [2978.7, 10276.0], [2978.6, 3279.0], [2978.45, 3000.0], [2978.4, 1360.0], [2978.35, 1550.0], [2978.3, 3000.0], [2978.25, 5.0], [2978.15, 3000.0], [2978.1, 1840.0], [2978.05, 3165.0], [2978.0, 4002.0], [2977.95, 28918.0], [2977.9, 14681.0], [2977.8, 5544.0], [2977.7, 3170.0]], "asks": [[2979.0, 100.0], [2979.4, 13000.0], [2979.45, 25000.0], [2979.6, 4377.0], [2979.65, 3000.0], [2979.7, 4768.0], [2979.75, 9425.0], [2979.8, 4117.0], [2979.85, 3094.0], [2979.9, 1876.0], [2979.95, 6196.0], [2980.0, 90.0], [2980.05, 1849.0], [2980.1, 6193.0], [2980.25, 1828.0], [2980.3, 3000.0], [2980.35, 3125.0], [2980.4, 10.0], [2980.45, 3000.0], [2980.55, 3114.0]]}}}
{"jsonrpc": "2.0", "method": "subscription", "params": {"channel": "book.ETH-PERPETUAL.none.20.100ms", "data": {"timestamp": 1767090049205, "change_id": 103207554162, "instrument_name": "ETH-PERPETUAL", "bids": [[2978.95, 22276.0], [2978.9, 23693.0], [2978.8, 22999.0], [2978.75, 4866.0], [2978.7, 10276.0], [2978.6, 3070.0], [2978.55, 1195.0], [2978.5, 1002.0], [2978.45, 3000.0], [2978.4, 1360.0], [2978.35, 1550.0], [2978.3, 3000.0], [2978.25, 5.0], [2978.15, 3000.0], [2978.1, 8797.0], [2978.05, 3165.0], [2978.0, 3000.0], [2977.95, 28918.0], [2977.9, 14681.0], [2977.8, 5544.0]], "asks": [[2979.0, 100.0], [2979.4, 13000.0], [2979.45, 25000.0], [2979.6, 3273.0], [2979.65, 3000.0], [2979.7, 9768.0], [2979.75, 4425.0], [2979.8, 4117.0], [2979.85, 3094.0], [2979.9, 1876.0], [2979.95, 6196.0], [2980.0, 1830.0], [2980.05, 1849.0], [2980.1, 6193.0], [2980.25, 1828.0], [2980.3, 3000.0], [2980.35, 3125.0], [2980.4, 10.0], [2980.45, 3000.0], [2980.55, 3114.0]]}}}
{"jsonrpc": "2.0", "method": "subscription", "params": {"channel": "book.ETH-PERPETUAL.none.20.100ms", "data": {"timestamp": 1767090049532, "change_id": 103207554502, "instrument_name": "ETH-PERPETUAL", "bids": [[2978.95, 20377.0], [2978.9, 5415.0], [2978.8, 3000.0], [2978.75, 4866.0], [2978.7, 17162.0], [2978.65, 19999.0], [2978.6, 3070.0], [2978.55, 1195.0], [2978.5, 1002.0], [2978.45, 3000.0], [2978.4, 1360.0], [2978.35, 1550.0], [2978.3, 3000.0], [2978.25, 5.0], [2978.15, 3000.0], [2978.1, 1840.0], [2978.05, 3165.0], [2978.0, 3000.0], [2977.95, 8926.0], [2977.9, 14681.0]], "asks": [[2979.0, 30277.0], [2979.4, 13000.0], [2979.5, 1493.0], [2979.55, 5000.0], [2979.6, 3273.0], [2979.65, 3000.0], [2979.7, 4768.0], [2979.75, 4425.0], [2979.8, 4117.0], [2979.85, 3094.0], [2979.9, 1876.0], [2979.95, 6196.0], [2980.0, 1830.0], [2980.05, 1849.0], [2980.1, 6193.0], [2980.25, 1828.0], [2980.3, 3000.0], [2980.35, 3125.0], [2980.4, 10.0], [2980.45, 3000.0]]}}}
{"jsonrpc": "2.0", "method": "subscription", "params": {"channel": "book.ETH-PERPETUAL.none.20.100ms", "data": {"timestamp": 1767090049873, "change_id": 103207554804, "instrument_name": "ETH-PERPETUAL", "bids": [[2978.95, 18600.0], [2978.9, 5415.0], [2978.8, 3000.0], [2978.75, 4866.0], [2978.7, 17162.0], [2978.65, 19999.0], [2978.6, 3070.0], [2978.55, 1195.0], [2978.45, 3000.0], [2978.4, 1360.0], [2978.35, 1550.0], [2978.3, 3000.0], [2978.25, 5.0], [2978.15, 3000.0], [2978.1, 1840.0], [2978.05, 4167.0], [2978.0, 3000.0], [2977.95, 8926.0], [2977.9, 14681.0], [2977.8, 5544.0]], "asks": [[2979.0, 30277.0], [2979.1, 5000.0], [2979.35, 4200.0], [2979.4, 5000.0], [2979.6, 3273.0], [2979.65, 3000.0], [2979.7, 4768.0], [2979.75, 4425.0], [2979.8, 4117.0], [2979.85, 3094.0], [2979.9, 1876.0], [2979.95, 6196.0], [2980.0, 1830.0], [2980.05, 1849.0], [2980.1, 6193.0], [2980.25, 1828.0], [2980.3, 3000.0], [2980.35, 3125.0], [2980.4, 10.0], [2980.45, 3000.0]]}}}
{"jsonrpc": "2.0", "method": "subscription", "params": {"channel": "book.ETH-PERPETUAL.none.20.100ms", "data": {"timestamp": 1767090050204, "change_id": 103207555215, "instrument_name": "ETH-PERPETUAL", "bids": [[2978.95, 18600.0], [2978.9, 5415.0], [2978.8, 3000.0], [2978.75, 4866.0], [2978.7, 17162.0], [2978.65, 19999.0], [2978.6, 3070.0], [2978.55, 1195.0], [2978.45, 3000.0], [2978.4, 1360.0], [2978.35, 1550.0], [2978.3, 3000.0], [2978.25, 5.0], [2978.15, 3000.0], [2978.1, 1840.0], [2978.05, 4167.0], [2978.0, 3000.0], [2977.95, 8926.0], [2977.9, 14681.0], [2977.8, 12458.0]], "asks": [[2979.0, 30277.0], [2979.1, 5000.0], [2979.4, 5000.0], [2979.6, 3273.0], [2979.65, 3000.0], [2979.7, 4768.0], [2979.75, 4425.0], [2979.8, 4117.0], [2979.85, 3094.0], [2979.9, 1876.0], [2979.95, 6196.0], [2980.0, 1830.0], [2980.05, 1849.0], [2980.1, 6193.0], [2980.25, 1828.0], [2980.3, 3000.0], [2980.35, 3125.0], [2980.4, 10.0], [2980.45, 3000.0], [2980.55, 3114.0]]}}}
{"jsonrpc": "2.0", "method": "subscription", "params": {"channel": "book.ETH-PERPETUAL.none.20.100ms", "data": {"timestamp": 1767090050534, "change_id": 103207555465, "instrument_name": "ETH-PERPETUAL", "bids": [[2978.95, 18277.0], [2978.9, 5415.0], [2978.8, 3000.0], [2978.75, 4866.0], [2978.7, 17162.0], [2978.65, 19999.0], [2978.6, 3070.0], [2978.55, 1195.0], [2978.45, 3000.0], [2978.4, 1360.0], [2978.35, 1550.0], [2978.3, 3000.0], [2978.15, 3000.0], [2978.1, 1840.0], [2978.05, 4167.0], [2978.0, 3000.0], [2977.95, 8926.0], [2977.9, 14681.0], [2977.85, 19992.0], [2977.8, 5544.0]], "asks": [[2979.0, 30277.0], [2979.2, 5000.0], [2979.4, 5000.0], [2979.6, 3273.0], [2979.65, 3000.0], [2979.7, 4768.0], [2979.75, 4425.0], [2979.8, 4117.0], [2979.85, 3094.0], [2979.9, 1876.0], [2979.95, 6196.0], [2980.0, 1830.0], [2980.05, 1849.0], [2980.1, 6193.0], [2980.25, 1828.0], [2980.3, 3000.0], [2980.35, 3125.0], [2980.4, 10.0], [2980.45, 3000.0], [2980.55, 3114.0]]}}}
{"jsonrpc": "2.0", "method": "subscription", "params": {"channel": "book.ETH-PERPETUAL.none.20.100ms", "data": {"timestamp": 1767090050856, "change_id": 103207555711, "instrument_name": "ETH-PERPETUAL", "bids": [[2978.95, 20078.0], [2978.9, 5415.0], [2978.8, 3000.0], [2978.75, 4866.0], [2978.7, 17162.0], [2978.65, 19999.0], [2978.6, 3070.0], [2978.55, 1195.0], [2978.45, 3000.0], [2978.4, 1360.0], [2978.35, 1550.0], [2978.3, 3000.0], [2978.15, 3000.0], [2978.1, 1840.0], [2978.05, 4167.0], [2978.0, 3000.0], [2977.95, 8926.0], [2977.9, 14681.0], [2977.85, 19992.0], [2977.8, 5544.0]], "asks": [[2979.0, 30277.0], [2979.6, 3273.0], [2979.65, 3000.0], [2979.7, 4768.0], [2979.75, 4425.0], [2979.8, 4117.0], [2979.85, 3094.0], [2979.9, 1876.0], [2979.95, 6196.0], [2980.0, 1830.0], [2980.05, 1849.0], [2980.1, 6193.0], [2980.25, 1828.0], [2980.3, 3000.0], [2980.35, 3125.0], [2980.4, 10.0], [2980.45, 3000.0], [2980.55, 3114.0], [2980.75, 3115.0], [2980.8, 5309.0]]}}}
{"jsonrpc": "2.0", "method": "subscription", "params": {"channel": "book.ETH-PERPETUAL.none.20.100ms", "data": {"timestamp": 1767090051196, "change_id": 103207556078, "instrument_name": "ETH-PERPETUAL", "bids": [[2978.95, 20078.0], [2978.9, 5415.0], [2978.8, 3000.0], [2978.75, 4866.0], [2978.7, 17162.0], [2978.65, 19999.0], [2978.6, 3070.0], [2978.55, 1195.0], [2978.45, 3000.0], [2978.4, 1360.0], [2978.35, 1550.0], [2978.3, 3000.0], [2978.15, 3000.0], [2978.1, 1840.0], [2978.05, 4167.0], [2978.0, 3000.0], [2977.95, 14360.0], [2977.9, 14681.0], [2977.85, 19992.0], [2977.8, 5544.0]], "asks": [[2979.0, 30277.0], [2979.6, 3273.0], [2979.65, 3000.0], [2979.7, 4768.0], [2979.75, 4425.0], [2979.8, 4117.0], [2979.85, 3094.0], [2979.9, 1876.0], [2979.95, 6196.0], [2980.0, 1830.0], [2980.05, 1849.0], [2980.1, 6193.0], [2980.25, 1828.0], [2980.3, 3000.0], [2980.35, 3125.0], [2980.4, 10.0], [2980.45, 3000.0], [2980.55, 3114.0], [2980.75, 3115.0], [2980.8, 10639.0]]}}}
{"jsonrpc": "2.0", "method": "subscription", "params": {"channel": "book.ETH-PERPETUAL.none.20.100ms", "data": {"timestamp": 1767090051441, "change_id": 103207556290, "instrument_name": "ETH-PERPETUAL", "bids": [[2978.95, 20178.0], [2978.9, 5415.0], [2978.8, 3000.0], [2978.75, 4866.0], [2978.7, 17162.0], [2978.65, 19999.0], [2978.6, 3070.0], [2978.55, 1195.0], [2978.45, 3000.0], [2978.4, 1360.0], [2978.35, 1550.0], [2978.3, 3000.0], [2978.15, 3000.0], [2978.1, 1840.0], [2978.05, 4167.0], [2978.0, 3000.0], [2977.95, 14360.0], [2977.9, 14681.0], [2977.85, 19992.0], [2977.8, 5544.0]], "asks": [[2979.0, 30277.0], [2979.4, 1493.0], [2979.45, 5000.0], [2979.6, 3273.0], [2979.65, 3000.0], [2979.7, 4768.0], [2979.75, 4425.0], [2979.8, 4117.0], [2979.85, 3094.0], [2979.9, 1876.0], [2979.95, 6196.0], [2980.0, 1830.0], [2980.05, 1849.0], [2980.1, 6193.0], [2980.25, 1828.0], [2980.3, 3000.0], [2980.35, 3125.0], [2980.4, 10.0], [2980.45, 3000.0], [2980.55, 3114.0]]}}}
{"jsonrpc": "2.0", "method": "subscription", "params": {"channel": "book.ETH-PERPETUAL.none.20.100ms", "data": {"timestamp": 1767090051845, "change_id": 103207556625, "instrument_name": "ETH-PERPETUAL", "bids": [[2978.95, 7178.0], [2978.85, 10700.0], [2978.8, 7520.0], [2978.75, 4866.0], [2978.7, 17162.0], [2978.65, 19999.0], [2978.6, 3070.0], [2978.55, 1195.0], [2978.45, 3000.0], [2978.4, 1360.0], [2978.35, 1550.0], [2978.3, 3000.0], [2978.15, 3000.0], [2978.1, 1840.0], [2978.05, 4167.0], [2978.0, 3000.0], [2977.95, 14360.0], [2977.9, 14681.0], [2977.85, 19992.0], [2977.8, 5544.0]], "asks": [[2979.0, 5277.0], [2979.15, 5000.0], [2979.25, 10900.0], [2979.3, 25000.0], [2979.5, 1493.0], [2979.55, 5000.0], [2979.6, 3273.0], [2979.65, 3000.0], [2979.7, 4768.0], [2979.75, 4425.0], [2979.8, 4117.0], [2979.85, 3094.0], [2979.9, 1876.0], [2979.95, 6196.0], [2980.0, 1830.0], [2980.05, 1849.0], [2980.1, 6193.0], [2980.25, 1828.0], [2980.3, 3000.0], [2980.35, 3125.0]]}}}
{"jsonrpc": "2.0", "method": "subscription", "params": {"channel": "book.ETH-PERPETUAL.none.20.100ms", "data": {"timestamp": 1767090052160, "change_id": 103207556960, "instrument_name": "ETH-PERPETUAL", "bids": [[2978.95, 7178.0], [2978.85, 13000.0], [2978.8, 7520.0], [2978.75, 4866.0], [2978.7, 17162.0], [2978.65, 19999.0], [2978.6, 3070.0], [2978.55, 1195.0], [2978.45, 3000.0], [2978.4, 1360.0], [2978.35, 1550.0], [2978.3, 3000.0], [2978.15, 3000.0], [2978.1, 1840.0], [2978.05, 4167.0], [2978.0, 3000.0], [2977.95, 14360.0], [2977.9, 14681.0], [2977.85, 19992.0], [2977.8, 5544.0]], "asks": [[2979.0, 5277.0], [2979.25, 10900.0], [2979.3, 25000.0], [2979.5, 1493.0], [2979.55, 5000.0], [2979.6, 3273.0], [2979.65, 3000.0], [2979.7, 4768.0], [2979.75, 4425.0], [2979.8, 4117.0], [2979.85, 3094.0], [2979.9, 1876.0], [2979.95, 6196.0], [2980.0, 1830.0], [2980.05, 1849.0], [2980.1, 6193.0], [2980.25, 1828.0], [2980.3, 3000.0], [2980.35, 3125.0], [2980.4, 10.0]]}}}
{"jsonrpc": "2.0", "method": "subscription", "params": {"channel": "book.ETH-PERPETUAL.none.20.100ms", "data": {"timestamp": 1767090052475, "change_id": 103207557204, "instrument_name": "ETH-PERPETUAL", "bids": [[2978.95, 7178.0], [2978.85, 13000.0], [2978.8, 12912.0], [2978.75, 24865.0], [2978.7, 10276.0], [2978.6, 3070.0], [2978.55, 1195.0], [2978.45, 3000.0], [2978.4, 1360.0], [2978.35, 1550.0], [2978.3, 3000.0], [2978.15, 3000.0], [2978.1, 1840.0], [2978.05, 4167.0], [2978.0, 3000.0], [2977.95, 14360.0], [2977.9, 14681.0], [2977.85, 19992.0], [2977.8, 5544.0], [2977.7, 3170.0]], "asks": [[2979.0, 5277.0], [2979.25, 10900.0], [2979.3, 25000.0], [2979.5, 1493.0], [2979.55, 5000.0], [2979.6, 3273.0], [2979.65, 3000.0], [2979.7, 4768.0], [2979.75, 4425.0], [2979.8, 4117.0], [2979.85, 3094.0], [2979.9, 1876.0], [2979.95, 6196.0], [2980.0, 1830.0], [2980.05, 1849.0], [2980.1, 6193.0], [2980.25, 1828.0], [2980.3, 3000.0], [2980.35, 3125.0], [2980.4, 10.0]]}}}
{"jsonrpc": "2.0", "method": "subscription", "params": {"channel": "book.ETH-PERPETUAL.none.20.100ms", "data": {"timestamp": 1767090052837, "change_id": 103207557515, "instrument_name": "ETH-PERPETUAL", "bids": [[2978.95, 20178.0], [2978.9, 11385.0], [2978.8, 3000.0], [2978.75, 24865.0], [2978.7, 10276.0], [2978.6, 3070.0], [2978.55, 1195.0], [2978.45, 3000.0], [2978.4, 1360.0], [2978.35, 1550.0], [2978.3, 3000.0], [2978.15, 3000.0], [2978.1, 1840.0], [2978.05, 4167.0], [2978.0, 3000.0], [2977.95, 14360.0], [2977.9, 14681.0], [2977.85, 19992.0], [2977.8, 5544.0], [2977.7, 3170.0]], "asks": [[2979.0, 5277.0], [2979.25, 10900.0], [2979.3, 25000.0], [2979.5, 1493.0], [2979.55, 5000.0], [2979.6, 3273.0], [2979.65, 3000.0], [2979.7, 4768.0], [2979.75, 4425.0], [2979.8, 4117.0], [2979.85, 3094.0], [2979.9, 1876.0], [2979.95, 6196.0], [2980.0, 1830.0], [2980.05, 1849.0], [2980.1, 6193.0], [2980.25, 1828.0], [2980.3, 3000.0], [2980.35, 3125.0], [2980.4, 10.0]]}}}
{"jsonrpc": "2.0", "method": "subscription", "params": {"channel": "book.ETH-PERPETUAL.none.20.100ms", "data": {"timestamp": 1767090053167, "change_id": 103207557866, "instrument_name": "ETH-PERPETUAL", "bids": [[2978.95, 20178.0], [2978.9, 5415.0], [2978.8, 3000.0], [2978.75, 4866.0], [2978.7, 17162.0], [2978.65, 19999.0], [2978.6, 3070.0], [2978.55, 1195.0], [2978.45, 3000.0], [2978.4, 1360.0], [2978.35, 1550.0], [2978.3, 3000.0], [2978.15, 3000.0], [2978.1, 1840.0], [2978.05, 4167.0], [2978.0, 3000.0], [2977.95, 14360.0], [2977.9, 14681.0], [2977.85, 19992.0], [2977.8, 5544.0]], "asks": [[2979.0, 5277.0], [2979.25, 10900.0], [2979.3, 25000.0], [2979.5, 1493.0], [2979.55, 5000.0], [2979.6, 3273.0], [2979.65, 3000.0], [2979.7, 4768.0], [2979.75, 4425.0], [2979.8, 4117.0], [2979.85, 3094.0], [2979.9, 1876.0], [2979.95, 6196.0], [2980.0, 1830.0], [2980.05, 1849.0], [2980.1, 6193.0], [2980.25, 1828.0], [2980.3, 3000.0], [2980.35, 3125.0], [2980.4, 10.0]]}}}
{"jsonrpc": "2.0", "method": "subscription", "params": {"channel": "book.ETH-PERPETUAL.none.20.100ms", "data": {"timestamp": 1767090053498, "change_id": 103207558111, "instrument_name": "ETH-PERPETUAL", "bids": [[2978.95, 20654.0], [2978.9, 10693.0], [2978.8, 3000.0], [2978.75, 24865.0], [2978.7, 10276.0], [2978.6, 3070.0], [2978.55, 1195.0], [2978.45, 3000.0], [2978.4, 1360.0], [2978.35, 1550.0], [2978.3, 3000.0], [2978.15, 3000.0], [2978.1, 1840.0], [2978.05, 4167.0], [2978.0, 3000.0], [2977.95, 14360.0], [2977.9, 14681.0], [2977.85, 19992.0], [2977.8, 5544.0], [2977.7, 3170.0]], "asks": [[2979.0, 5277.0], [2979.25, 10900.0], [2979.3, 25000.0], [2979.5, 1493.0], [2979.55, 5000.0], [2979.6, 3273.0], [2979.65, 3000.0], [2979.7, 4768.0], [2979.75, 4425.0], [2979.8, 4117.0], [2979.85, 3094.0], [2979.9, 1876.0], [2979.95, 6196.0], [2980.0, 1830.0], [2980.05, 1849.0], [2980.1, 6193.0], [2980.25, 1828.0], [2980.3, 3000.0], [2980.35, 3125.0], [2980.4, 10.0]]}}}
{"jsonrpc": "2.0", "method": "subscription", "params": {"channel": "book.ETH-PERPETUAL.none.20.100ms", "data": {"timestamp": 1767090053845, "change_id": 103207558539, "instrument_name": "ETH-PERPETUAL", "bids": [[2978.95, 20654.0], [2978.9, 5415.0], [2978.8, 11200.0], [2978.75, 4866.0], [2978.7, 10276.0], [2978.65, 19999.0], [2978.6, 3070.0], [2978.55, 1195.0], [2978.45, 3000.0], [2978.4, 1360.0], [2978.35, 1550.0], [2978.3, 3000.0], [2978.15, 3000.0], [2978.1, 1840.0], [2978.05, 4167.0], [2978.0, 3000.0], [2977.95, 14360.0], [2977.9, 14681.0], [2977.85, 19992.0], [2977.8, 5544.0]], "asks": [[2979.0, 5277.0], [2979.2, 5000.0], [2979.3, 25000.0], [2979.5, 1493.0], [2979.55, 5000.0], [2979.6, 3273.0], [2979.65, 3000.0], [2979.7, 4768.0], [2979.75, 4425.0], [2979.8, 4117.0], [2979.85, 3094.0], [2979.9, 1876.0], [2979.95, 6196.0], [2980.0, 1830.0], [2980.05, 1849.0], [2980.1, 6193.0], [2980.25, 1828.0], [2980.3, 3000.0], [2980.35, 3125.0], [2980.4, 10.0]]}}}
{"jsonrpc": "2.0", "method": "subscription", "params": {"channel": "book.ETH-PERPETUAL.none.20.100ms", "data": {"timestamp": 1767090054176, "change_id": 103207558952, "instrument_name": "ETH-PERPETUAL", "bids": [[2978.95, 20654.0], [2978.9, 13140.0], [2978.8, 11200.0], [2978.75, 24865.0], [2978.7, 10276.0], [2978.6, 3070.0], [2978.55, 1195.0], [2978.45, 3000.0], [2978.4, 1360.0], [2978.35, 1550.0], [2978.3, 3000.0], [2978.15, 3000.0], [2978.1, 1840.0], [2978.05, 4167.0], [2978.0, 3000.0], [2977.95, 3100.0], [2977.9, 14681.0], [2977.85, 19992.0], [2977.8, 5544.0], [2977.7, 3170.0]], "asks": [[2979.0, 100.0], [2979.3, 25000.0], [2979.55, 1422.0], [2979.6, 6614.0], [2979.65, 3000.0], [2979.7, 5.0], [2979.75, 4425.0], [2979.8, 4117.0], [2979.85, 3094.0], [2979.9, 1876.0], [2979.95, 6196.0], [2980.0, 1830.0], [2980.05, 1849.0], [2980.1, 6193.0], [2980.25, 1828.0], [2980.3, 3000.0], [2980.35, 3125.0], [2980.45, 3000.0], [2980.55, 3114.0], [2980.75, 3115.0]]}}}
{"jsonrpc": "2.0", "method": "subscription", "params": {"channel": "book.ETH-PERPETUAL.none.20.100ms", "data": {"timestamp": 1767090054485, "change_id": 103207559170, "instrument_name": "ETH-PERPETUAL", "bids": [[2978.95, 20654.0], [2978.9, 5415.0], [2978.8, 3000.0], [2978.75, 4866.0], [2978.7, 17162.0], [2978.65, 19998.0], [2978.6, 3070.0], [2978.55, 1195.0], [2978.45, 3000.0], [2978.4, 1360.0], [2978.35, 1550.0], [2978.3, 3000.0], [2978.15, 3000.0], [2978.1, 1840.0], [2978.05, 4167.0], [2978.0, 3000.0], [2977.95, 15105.0], [2977.9, 14681.0], [2977.85, 19992.0], [2977.8, 5544.0]], "asks": [[2979.0, 5277.0], [2979.3, 25000.0], [2979.55, 1422.0], [2979.6, 7870.0], [2979.65, 3000.0], [2979.7, 5.0], [2979.75, 9425.0], [2979.8, 4117.0], [2979.85, 3094.0], [2979.9, 1876.0], [2979.95, 6196.0], [2980.0, 1830.0], [2980.05, 1849.0], [2980.1, 6193.0], [2980.25, 1828.0], [2980.3, 3000.0], [2980.35, 3125.0], [2980.4, 10.0], [2980.45, 3000.0], [2980.55, 3114.0]]}}}
{"jsonrpc": "2.0", "method": "subscription", "params": {"channel": "book.ETH-PERPETUAL.none.20.100ms", "data": {"timestamp": 1767090054814, "change_id": 103207559519, "instrument_name": "ETH-PERPETUAL", "bids": [[2978.95, 20654.0], [2978.9, 5415.0], [2978.8, 3000.0], [2978.75, 4866.0], [2978.7, 17162.0], [2978.65, 19999.0], [2978.6, 3070.0], [2978.55, 1195.0], [2978.45, 3000.0], [2978.4, 1360.0], [2978.35, 1550.0], [2978.3, 3000.0], [2978.15, 3000.0], [2978.1, 1840.0], [2978.05, 4167.0], [2978.0, 3000.0], [2977.95, 3100.0], [2977.9, 14681.0], [2977.8, 5544.0], [2977.75, 19992.0]], "asks": [[2979.0, 30277.0], [2979.35, 3075.0], [2979.4, 5300.0], [2979.45, 5000.0], [2979.55, 1422.0], [2979.6, 6614.0], [2979.65, 3000.0], [2979.7, 5.0], [2979.75, 4425.0], [2979.8, 4117.0], [2979.85, 3094.0], [2979.9, 1876.0], [2979.95, 6196.0], [2980.0, 1830.0], [2980.05, 1849.0], [2980.1, 6193.0], [2980.25, 1828.0], [2980.3, 3000.0], [2980.35, 3125.0], [2980.4, 10.0]]}}}
{"jsonrpc": "2.0", "method": "subscription", "params": {"channel": "book.ETH-PERPETUAL.none.20.100ms", "data": {"timestamp": 1767090055050, "change_id": 103207559541, "instrument_name": "ETH-PERPETUAL", "bids": [[2978.95, 21479.0], [2978.9, 5415.0], [2978.8, 3000.0], [2978.75, 4866.0], [2978.7, 17162.0], [2978.65, 19999.0], [2978.6, 3070.0], [2978.55, 1195.0], [2978.45, 3000.0], [2978.4, 1360.0], [2978.35, 1550.0], [2978.3, 3000.0], [2978.15, 3000.0], [2978.1, 1840.0], [2978.05, 4167.0], [2978.0, 3000.0], [2977.95, 3100.0], [2977.9, 14681.0], [2977.8, 5544.0], [2977.75, 19992.0]], "asks": [[2979.0, 30277.0], [2979.35, 1493.0], [2979.45, 5000.0], [2979.55, 1422.0], [2979.6, 6614.0], [2979.65, 3000.0], [2979.7, 5.0], [2979.75, 4425.0], [2979.8, 4117.0], [2979.85, 3094.0], [2979.9, 1876.0], [2979.95, 6196.0], [2980.0, 1830.0], [2980.05, 1849.0], [2980.1, 6193.0], [2980.25, 1828.0], [2980.3, 3000.0], [2980.35, 3125.0], [2980.4, 10.0], [2980.45, 3000.0]]}}}
{"jsonrpc": "2.0", "method": "subscription", "params": {"channel": "book.ETH-PERPETUAL.none.20.100ms", "data": {"timestamp": 1767090055479, "change_id": 103207560090, "instrument_name": "ETH-PERPETUAL", "bids": [[2978.95, 21479.0], [2978.9, 5415.0], [2978.8, 3000.0], [2978.75, 4866.0], [2978.7, 17162.0], [2978.65, 19999.0], [2978.6, 3070.0], [2978.55, 1195.0], [2978.45, 3000.0], [2978.4, 1360.0], [2978.35, 1550.0], [2978.3, 3000.0], [2978.15, 3000.0], [2978.1, 1840.0], [2978.05, 4167.0], [2978.0, 3000.0], [2977.95, 15105.0], [2977.9, 14681.0], [2977.85, 19992.0], [2977.8, 5544.0]], "asks": [[2979.0, 30277.0], [2979.35, 1493.0], [2979.4, 3300.0], [2979.45, 5000.0], [2979.55, 1422.0], [2979.6, 6614.0], [2979.65, 3000.0], [2979.7, 5.0], [2979.75, 4425.0], [2979.8, 4117.0], [2979.85, 3094.0], [2979.9, 1876.0], [2979.95, 6196.0], [2980.0, 1830.0], [2980.05, 1849.0], [2980.1, 6193.0], [2980.25, 1828.0], [2980.3, 3000.0], [2980.35, 3125.0], [2980.4, 10.0]]}}}
{"jsonrpc": "2.0", "method": "subscription", "params": {"channel": "book.ETH-PERPETUAL.none.20.100ms", "data": {"timestamp": 1767090055801, "change_id": 103207560483, "instrument_name": "ETH-PERPETUAL", "bids": [[2978.95, 21479.0], [2978.9, 5415.0], [2978.8, 3000.0], [2978.75, 4866.0], [2978.7, 17162.0], [2978.65, 19999.0], [2978.6, 3070.0], [2978.55, 1195.0], [2978.45, 3000.0], [2978.4, 1360.0], [2978.35, 1550.0], [2978.3, 3000.0], [2978.15, 3000.0], [2978.1, 1840.0], [2978.05, 4167.0], [2978.0, 3000.0], [2977.95, 15105.0], [2977.9, 14681.0], [2977.85, 19992.0], [2977.8, 5544.0]], "asks": [[2979.0, 5277.0], [2979.25, 7800.0], [2979.3, 25000.0], [2979.55, 1422.0], [2979.6, 7870.0], [2979.65, 8000.0], [2979.7, 5.0], [2979.75, 4425.0], [2979.8, 4117.0], [2979.85, 3094.0], [2979.9, 1876.0], [2979.95, 6196.0], [2980.0, 1830.0], [2980.05, 1849.0], [2980.1, 6193.0], [2980.25, 1828.0], [2980.3, 3000.0], [2980.35, 3125.0], [2980.4, 10.0], [2980.45, 3000.0]]}}}
{"jsonrpc": "2.0", "method": "subscription", "params": {"channel": "book.ETH-PERPETUAL.none.20.100ms", "data": {"timestamp": 1767090056073, "change_id": 103207560501, "instrument_name": "ETH-PERPETUAL", "bids": [[2978.95, 22069.0], [2978.9, 5415.0], [2978.8, 3000.0], [2978.75, 4866.0], [2978.7, 17162.0], [2978.65, 19999.0], [2978.6, 3070.0], [2978.55, 1195.0], [2978.45, 3000.0], [2978.4, 1360.0], [2978.35, 1550.0], [2978.3, 3000.0], [2978.15, 3000.0], [2978.1, 1840.0], [2978.05, 4167.0], [2978.0, 3000.0], [2977.95, 15105.0], [2977.9, 14681.0], [2977.85, 19992.0], [2977.8, 5544.0]], "asks": [[2979.0, 5277.0], [2979.25, 7800.0], [2979.3, 25000.0], [2979.55, 1422.0], [2979.6, 7870.0], [2979.65, 8000.0], [2979.7, 5.0], [2979.75, 4425.0], [2979.8, 4117.0], [2979.85, 3094.0], [2979.9, 1876.0], [2979.95, 6196.0], [2980.0, 1830.0], [2980.05, 1849.0], [2980.1, 6193.0], [2980.25, 1828.0], [2980.3, 3000.0], [2980.35, 3125.0], [2980.4, 10.0], [2980.45, 3000.0]]}}}
{"jsonrpc": "2.0", "method": "subscription", "params": {"channel": "book.ETH-PERPETUAL.none.20.100ms", "data": {"timestamp": 1767090056410, "change_id": 103207560974, "instrument_name": "ETH-PERPETUAL", "bids": [[2978.95, 21479.0], [2978.9, 5415.0], [2978.8, 3000.0], [2978.75, 4866.0], [2978.7, 17162.0], [2978.65, 19999.0], [2978.6, 3070.0], [2978.55, 1195.0], [2978.45, 3000.0], [2978.4, 1360.0], [2978.35, 1550.0], [2978.3, 3000.0], [2978.15, 3000.0], [2978.1, 1840.0], [2978.05, 4167.0], [2978.0, 3000.0], [2977.95, 15105.0], [2977.9, 14681.0], [2977.85, 19992.0], [2977.8, 5544.0]], "asks": [[2979.0, 5277.0], [2979.1, 5000.0], [2979.25, 7800.0], [2979.3, 25000.0], [2979.55, 1422.0], [2979.6, 7870.0], [2979.65, 8000.0], [2979.7, 5.0], [2979.75, 4425.0], [2979.8, 4117.0], [2979.85, 3094.0], [2979.9, 1876.0], [2979.95, 6196.0], [2980.0, 1830.0], [2980.05, 1849.0], [2980.1, 6193.0], [2980.25, 1828.0], [2980.3, 3000.0], [2980.35, 3125.0], [2980.4, 10.0]]}}}
{"jsonrpc": "2.0", "method": "subscription", "params": {"channel": "book.ETH-PERPETUAL.none.20.100ms", "data": {"timestamp": 1767090056737, "change_id": 103207561373, "instrument_name": "ETH-PERPETUAL", "bids": [[2978.95, 21579.0], [2978.9, 5415.0], [2978.8, 3000.0], [2978.75, 4866.0], [2978.7, 17162.0], [2978.65, 19999.0], [2978.6, 3070.0], [2978.55, 1195.0], [2978.45, 3000.0], [2978.4, 1360.0], [2978.35, 1550.0], [2978.3, 3000.0], [2978.15, 3000.0], [2978.1, 1840.0], [2978.05, 4167.0], [2978.0, 3000.0], [2977.95, 15105.0], [2977.9, 14681.0], [2977.85, 19992.0], [2977.8, 5544.0]], "asks": [[2979.0, 5277.0], [2979.25, 7800.0], [2979.3, 25000.0], [2979.55, 1422.0], [2979.6, 7870.0], [2979.65, 8000.0], [2979.7, 5.0], [2979.75, 4425.0], [2979.8, 4117.0], [2979.85, 3094.0], [2979.9, 1876.0], [2979.95, 6196.0], [2980.0, 1830.0], [2980.05, 1849.0], [2980.1, 6193.0], [2980.25, 1828.0], [2980.3, 3000.0], [2980.35, 3125.0], [2980.45, 3000.0], [2980.55, 3124.0]]}}}
{"jsonrpc": "2.0", "method": "subscription", "params": {"channel": "book.ETH-PERPETUAL.none.20.100ms", "data": {"timestamp": 1767090057051, "change_id": 103207561492, "instrument_name": "ETH-PERPETUAL", "bids": [[2978.95, 22210.0], [2978.9, 5415.0], [2978.8, 3000.0], [2978.75, 4866.0], [2978.7, 17162.0], [2978.65, 19999.0], [2978.6, 3070.0], [2978.55, 1195.0], [2978.45, 3000.0], [2978.4, 1360.0], [2978.35, 1550.0], [2978.3, 3000.0], [2978.15, 3000.0], [2978.1, 1840.0], [2978.05, 4167.0], [2978.0, 3000.0], [2977.95, 15105.0], [2977.9, 14681.0], [2977.85, 19992.0], [2977.8, 5544.0]], "asks": [[2979.0, 5277.0], [2979.25, 7800.0], [2979.3, 25000.0], [2979.55, 1422.0], [2979.6, 7870.0], [2979.65, 8000.0], [2979.7, 5.0], [2979.75, 4425.0], [2979.8, 4117.0], [2979.85, 3094.0], [2979.9, 1876.0], [2979.95, 6196.0], [2980.0, 1830.0], [2980.05, 1849.0], [2980.1, 6193.0], [2980.25, 1828.0], [2980.3, 3000.0], [2980.35, 3125.0], [2980.45, 3000.0], [2980.55, 3124.0]]}}}
{"jsonrpc": "2.0", "method": "subscription", "params": {"channel": "book.ETH-PERPETUAL.none.20.100ms", "data": {"timestamp": 1767090057354, "change_id": 103207561932, "instrument_name": "ETH-PERPETUAL", "bids": [[2978.95, 21579.0], [2978.9, 5415.0], [2978.8, 3000.0], [2978.75, 4866.0], [2978.7, 17162.0], [2978.65, 19999.0], [2978.6, 3070.0], [2978.55, 1195.0], [2978.45, 3000.0], [2978.4, 1360.0], [2978.35, 1550.0], [2978.3, 3000.0], [2978.15, 3000.0], [2978.1, 1840.0], [2978.05, 4167.0], [2978.0, 3000.0], [2977.95, 15105.0], [2977.9, 14681.0], [2977.85, 19992.0], [2977.8, 5544.0]], "asks": [[2979.0, 5277.0], [2979.25, 7800.0], [2979.3, 25000.0], [2979.55, 1422.0], [2979.6, 7870.0], [2979.65, 8000.0], [2979.7, 5.0], [2979.75, 4425.0], [2979.8, 4117.0], [2979.85, 3094.0], [2979.9, 1876.0], [2979.95, 6196.0], [2980.0, 1830.0], [2980.05, 1849.0], [2980.1, 6193.0], [2980.25, 1828.0], [2980.3, 3000.0], [2980.35, 3125.0], [2980.45, 3000.0], [2980.55, 3124.0]]}}}
{"jsonrpc": "2.0", "method": "subscription", "params": {"channel": "book.ETH-PERPETUAL.none.20.100ms", "data": {"timestamp": 1767090057780, "change_id": 103207562446, "instrument_name": "ETH-PERPETUAL", "bids": [[2978.95, 15615.0], [2978.9, 5415.0], [2978.8, 3000.0], [2978.75, 4866.0], [2978.7, 10276.0], [2978.65, 6874.0], [2978.6, 23029.0], [2978.55, 1195.0], [2978.45, 3000.0], [2978.4, 1360.0], [2978.35, 1550.0], [2978.3, 3000.0], [2978.15, 3000.0], [2978.1, 1840.0], [2978.05, 4167.0], [2978.0, 3000.0], [2977.95, 3100.0], [2977.9, 14681.0], [2977.8, 12458.0], [2977.75, 19992.0]], "asks": [[2979.0, 30277.0], [2979.35, 2448.0], [2979.4, 3200.0], [2979.45, 5000.0], [2979.55, 1422.0], [2979.6, 6614.0], [2979.65, 3000.0], [2979.7, 5.0], [2979.75, 4425.0], [2979.8, 4117.0], [2979.85, 3094.0], [2979.9, 1876.0], [2979.95, 6196.0], [2980.0, 1830.0], [2980.05, 1849.0], [2980.1, 6193.0], [2980.25, 1828.0], [2980.3, 3000.0], [2980.35, 3125.0], [2980.45, 3000.0]]}}}
{"jsonrpc": "2.0", "method": "subscription", "params": {"channel": "book.ETH-PERPETUAL.none.20.100ms", "data": {"timestamp": 1767090058060, "change_id": 103207562502, "instrument_name": "ETH-PERPETUAL", "bids": [[2978.95, 15139.0], [2978.9, 5415.0], [2978.8, 3000.0], [2978.75, 4866.0], [2978.7, 10276.0], [2978.65, 6874.0], [2978.6, 23029.0], [2978.55, 1195.0], [2978.45, 3000.0], [2978.4, 1360.0], [2978.35, 1550.0], [2978.3, 3000.0], [2978.15, 3000.0], [2978.1, 1840.0], [2978.05, 4167.0], [2978.0, 3000.0], [2977.95, 3100.0], [2977.9, 14681.0], [2977.8, 12458.0], [2977.75, 19992.0]], "asks": [[2979.0, 30277.0], [2979.35, 2448.0], [2979.4, 3200.0], [2979.45, 5000.0], [2979.55, 1422.0], [2979.6, 6614.0], [2979.65, 3000.0], [2979.7, 5.0], [2979.75, 4425.0], [2979.8, 4117.0], [2979.85, 3094.0], [2979.9, 1876.0], [2979.95, 6196.0], [2980.0, 1830.0], [2980.05, 1849.0], [2980.1, 6193.0], [2980.25, 1828.0], [2980.3, 3000.0], [2980.35, 3125.0], [2980.45, 3000.0]]}}}
{"jsonrpc": "2.0", "method": "subscription", "params": {"channel": "book.ETH-PERPETUAL.none.20.100ms", "data": {"timestamp": 1767090058392, "change_id": 103207562960, "instrument_name": "ETH-PERPETUAL", "bids": [[2978.95, 15937.0], [2978.9, 5415.0], [2978.8, 3000.0], [2978.75, 4866.0], [2978.7, 17150.0], [2978.65, 19999.0], [2978.6, 3030.0], [2978.55, 1195.0], [2978.45, 3000.0], [2978.4, 1360.0], [2978.35, 1550.0], [2978.3, 3000.0], [2978.15, 3000.0], [2978.1, 1840.0], [2978.05, 4167.0], [2978.0, 3000.0], [2977.95, 3100.0], [2977.9, 14681.0], [2977.8, 12458.0], [2977.75, 19992.0]], "asks": [[2979.0, 30277.0], [2979.35, 2448.0], [2979.4, 6900.0], [2979.45, 5000.0], [2979.55, 1422.0], [2979.6, 6614.0], [2979.65, 3000.0], [2979.7, 5.0], [2979.75, 4425.0], [2979.8, 4117.0], [2979.85, 3094.0], [2979.9, 1876.0], [2979.95, 6196.0], [2980.0, 1830.0], [2980.05, 1849.0], [2980.1, 6193.0], [2980.25, 1828.0], [2980.3, 3000.0], [2980.35, 3125.0], [2980.45, 3000.0]]}}}
{"jsonrpc": "2.0", "method": "subscription", "params": {"channel": "book.ETH-PERPETUAL.none.20.100ms", "data": {"timestamp": 1767090058630, "change_id": 103207563251, "instrument_name": "ETH-PERPETUAL", "bids": [[2978.95, 15937.0], [2978.9, 5415.0], [2978.8, 3000.0], [2978.75, 4866.0], [2978.7, 17150.0], [2978.65, 19999.0], [2978.6, 3030.0], [2978.55, 1195.0], [2978.45, 3000.0], [2978.4, 1360.0], [2978.35, 1550.0], [2978.3, 3000.0], [2978.15, 3000.0], [2978.1, 1840.0], [2978.05, 4167.0], [2978.0, 3000.0], [2977.95, 3100.0], [2977.9, 14681.0], [2977.8, 12458.0], [2977.75, 19992.0]], "asks": [[2979.0, 30277.0], [2979.05, 5000.0], [2979.35, 2448.0], [2979.4, 6900.0], [2979.45, 5000.0], [2979.55, 1422.0], [2979.6, 6614.0], [2979.65, 3000.0], [2979.7, 5.0], [2979.75, 4425.0], [2979.8, 4117.0], [2979.85, 3094.0], [2979.9, 1876.0], [2979.95, 6196.0], [2980.0, 1830.0], [2980.05, 1849.0], [2980.1, 6193.0], [2980.25, 1828.0], [2980.3, 3000.0], [2980.35, 3125.0]]}}}
{"jsonrpc": "2.0", "method": "subscription", "params": {"channel": "book.ETH-PERPETUAL.none.20.100ms", "data": {"timestamp": 1767090059050, "change_id": 103207563357, "instrument_name": "ETH-PERPETUAL", "bids": [[2978.95, 15139.0], [2978.9, 5415.0], [2978.8, 3000.0], [2978.75, 4866.0], [2978.7, 17150.0], [2978.65, 19999.0], [2978.6, 3030.0], [2978.55, 1195.0], [2978.45, 3000.0], [2978.4, 1360.0], [2978.35, 1550.0], [2978.3, 3000.0], [2978.15, 3000.0], [2978.1, 1840.0], [2978.05, 4167.0], [2978.0, 3000.0], [2977.95, 3100.0], [2977.9, 14681.0], [2977.8, 12458.0], [2977.75, 19992.0]], "asks": [[2979.0, 30277.0], [2979.05, 5000.0], [2979.35, 2448.0], [2979.4, 3200.0], [2979.45, 5000.0], [2979.55, 1422.0], [2979.6, 6614.0], [2979.65, 3000.0], [2979.7, 5.0], [2979.75, 4425.0], [2979.8, 4117.0], [2979.85, 3094.0], [2979.9, 1876.0], [2979.95, 6196.0], [2980.0, 1830.0], [2980.05, 1849.0], [2980.1, 6193.0], [2980.25, 1828.0], [2980.3, 3000.0], [2980.35, 3125.0]]}}}
{"jsonrpc": "2.0", "method": "subscription", "params": {"channel": "book.ETH-PERPETUAL.none.20.100ms", "data": {"timestamp": 1767090059409, "change_id": 103207563855, "instrument_name": "ETH-PERPETUAL", "bids": [[2978.95, 15139.0], [2978.9, 5415.0], [2978.8, 3000.0], [2978.75, 4866.0], [2978.7, 17150.0], [2978.65, 19999.0], [2978.6, 3030.0], [2978.55, 1195.0], [2978.45, 3000.0], [2978.4, 1360.0], [2978.35, 1550.0], [2978.3, 3000.0], [2978.15, 3000.0], [2978.1, 1840.0], [2978.05, 4167.0], [2978.0, 3000.0], [2977.95, 9137.0], [2977.9, 14681.0], [2977.8, 12458.0], [2977.7, 23162.0]], "asks": [[2979.0, 30277.0], [2979.35, 2448.0], [2979.4, 3200.0], [2979.45, 5000.0], [2979.55, 1422.0], [2979.6, 6614.0], [2979.65, 3000.0], [2979.7, 5.0], [2979.75, 4425.0], [2979.8, 4117.0], [2979.85, 3094.0], [2979.9, 1876.0], [2979.95, 6196.0], [2980.0, 1830.0], [2980.05, 1849.0], [2980.1, 6193.0], [2980.25, 1828.0], [2980.3, 3000.0], [2980.35, 3125.0], [2980.45, 3000.0]]}}}
{"jsonrpc": "2.0", "method": "subscription", "params": {"channel": "book.ETH-PERPETUAL.none.20.100ms", "data": {"timestamp": 1767090059759, "change_id": 103207564209, "instrument_name": "ETH-PERPETUAL", "bids": [[2978.95, 15783.0], [2978.9, 5415.0], [2978.8, 3000.0], [2978.75, 4866.0], [2978.7, 10276.0], [2978.65, 6874.0], [2978.6, 23029.0], [2978.55, 1195.0], [2978.45, 3000.0], [2978.4, 1360.0], [2978.35, 1550.0], [2978.3, 3000.0], [2978.15, 3000.0], [2978.1, 1840.0], [2978.05, 4167.0], [2978.0, 3000.0], [2977.95, 9137.0], [2977.9, 14681.0], [2977.8, 12458.0], [2977.7, 23162.0]], "asks": [[2979.0, 30277.0], [2979.35, 4165.0], [2979.4, 10000.0], [2979.45, 5000.0], [2979.55, 1422.0], [2979.6, 6614.0], [2979.65, 3000.0], [2979.7, 5.0], [2979.75, 4425.0], [2979.8, 4117.0], [2979.85, 3094.0], [2979.9, 1876.0], [2979.95, 6196.0], [2980.0, 1830.0], [2980.05, 1849.0], [2980.1, 6193.0], [2980.25, 1828.0], [2980.3, 3000.0], [2980.35, 3125.0], [2980.45, 3000.0]]}}}
{"jsonrpc": "2.0", "method": "subscription", "params": {"channel": "book.ETH-PERPETUAL.none.20.100ms", "data": {"timestamp": 1767090060077, "change_id": 103207564307, "instrument_name": "ETH-PERPETUAL", "bids": [[2978.95, 15783.0], [2978.9, 5415.0], [2978.8, 3000.0], [2978.75, 4866.0], [2978.7, 10276.0], [2978.65, 6874.0], [2978.6, 23029.0], [2978.55, 1195.0], [2978.45, 3000.0], [2978.4, 1360.0], [2978.35, 1550.0], [2978.3, 3000.0], [2978.15, 3000.0], [2978.1, 1840.0], [2978.05, 4167.0], [2978.0, 3000.0], [2977.95, 9137.0], [2977.9, 14681.0], [2977.8, 12458.0], [2977.7, 23162.0]], "asks": [[2979.0, 30277.0], [2979.35, 2448.0], [2979.4, 3200.0], [2979.45, 5000.0], [2979.55, 1422.0], [2979.6, 6614.0], [2979.65, 3000.0], [2979.7, 5.0], [2979.75, 4425.0], [2979.8, 4117.0], [2979.85, 3094.0], [2979.9, 1876.0], [2979.95, 6196.0], [2980.0, 1830.0], [2980.05, 1849.0], [2980.1, 6193.0], [2980.25, 1828.0], [2980.3, 3000.0], [2980.35, 3125.0], [2980.45, 3000.0]]}}}
{"jsonrpc": "2.0", "method": "subscription", "params": {"channel": "book.ETH-PERPETUAL.none.20.100ms", "data": {"timestamp": 1767090060442, "change_id": 103207564870, "instrument_name": "ETH-PERPETUAL", "bids": [[2978.95, 15783.0], [2978.9, 5415.0], [2978.8, 3000.0], [2978.75, 4866.0], [2978.7, 17150.0], [2978.65, 19999.0], [2978.6, 3030.0], [2978.55, 1195.0], [2978.45, 3000.0], [2978.4, 1360.0], [2978.35, 1550.0], [2978.3, 3000.0], [2978.15, 3000.0], [2978.1, 1840.0], [2978.05, 4167.0], [2978.0, 3000.0], [2977.95, 9137.0], [2977.9, 14681.0], [2977.8, 12458.0], [2977.7, 23162.0]], "asks": [[2979.0, 30277.0], [2979.35, 2448.0], [2979.4, 3200.0], [2979.45, 5000.0], [2979.55, 1422.0], [2979.6, 6614.0], [2979.65, 3000.0], [2979.7, 5.0], [2979.75, 4425.0], [2979.8, 4117.0], [2979.85, 3094.0], [2979.9, 1876.0], [2979.95, 6196.0], [2980.0, 1830.0], [2980.05, 1849.0], [2980.1, 6193.0], [2980.25, 1828.0], [2980.3, 3000.0], [2980.35, 3125.0], [2980.45, 3000.0]]}}}
{"jsonrpc": "2.0", "method": "subscription", "params": {"channel": "book.ETH-PERPETUAL.none.20.100ms", "data": {"timestamp": 1767090060746, "change_id": 103207565076, "instrument_name": "ETH-PERPETUAL", "bids": [[2978.95, 15783.0], [2978.9, 5415.0], [2978.8, 3000.0], [2978.75, 4866.0], [2978.7, 17150.0], [2978.65, 19999.0], [2978.6, 3030.0], [2978.55, 1195.0], [2978.45, 3000.0], [2978.4, 1360.0], [2978.35, 1550.0], [2978.3, 3000.0], [2978.15, 3000.0], [2978.1, 1840.0], [2978.05, 4167.0], [2978.0, 3000.0], [2977.95, 9137.0], [2977.9, 14681.0], [2977.8, 12458.0], [2977.7, 23162.0]], "asks": [[2979.0, 30277.0], [2979.35, 2734.0], [2979.4, 4800.0], [2979.45, 5000.0], [2979.55, 1422.0], [2979.6, 6614.0], [2979.65, 3000.0], [2979.7, 5.0], [2979.75, 4425.0], [2979.8, 4117.0], [2979.85, 3094.0], [2979.9, 1876.0], [2979.95, 6196.0], [2980.0, 1830.0], [2980.05, 1849.0], [2980.1, 6193.0], [2980.25, 1828.0], [2980.3, 3000.0], [2980.35, 3125.0], [2980.45, 3000.0]]}}}
{"jsonrpc": "2.0", "method": "subscription", "params": {"channel": "book.ETH-PERPETUAL.none.20.100ms", "data": {"timestamp": 1767090061073, "change_id": 103207565159, "instrument_name": "ETH-PERPETUAL", "bids": [[2978.95, 15783.0], [2978.9, 5415.0], [2978.8, 3000.0], [2978.75, 4866.0], [2978.7, 17150.0], [2978.65, 19999.0], [2978.6, 3030.0], [2978.55, 1195.0], [2978.45, 3000.0], [2978.4, 1360.0], [2978.35, 1550.0], [2978.3, 3000.0], [2978.15, 3000.0], [2978.1, 1840.0], [2978.05, 4167.0], [2978.0, 3000.0], [2977.95, 9137.0], [2977.9, 14681.0], [2977.8, 12458.0], [2977.7, 23162.0]], "asks": [[2979.0, 30277.0], [2979.35, 1493.0], [2979.45, 5000.0], [2979.55, 1422.0], [2979.6, 6614.0], [2979.65, 3000.0], [2979.7, 5.0], [2979.75, 4425.0], [2979.8, 4117.0], [2979.85, 3094.0], [2979.9, 1876.0], [2979.95, 6196.0], [2980.0, 1830.0], [2980.05, 1849.0], [2980.1, 6193.0], [2980.25, 1828.0], [2980.3, 3000.0], [2980.35, 3125.0], [2980.45, 3000.0], [2980.55, 3124.0]]}}}
{"jsonrpc": "2.0", "method": "subscription", "params": {"channel": "book.ETH-PERPETUAL.none.20.100ms", "data": {"timestamp": 1767090061392, "change_id": 103207565611, "instrument_name": "ETH-PERPETUAL", "bids": [[2978.95, 15783.0], [2978.9, 5415.0], [2978.8, 3000.0], [2978.75, 4866.0], [2978.7, 10276.0], [2978.6, 3030.0], [2978.55, 6712.0], [2978.5, 19999.0], [2978.45, 3000.0], [2978.4, 1360.0], [2978.35, 1550.0], [2978.3, 3000.0], [2978.15, 3000.0], [2978.1, 1840.0], [2978.05, 4167.0], [2978.0, 3000.0], [2977.95, 9137.0], [2977.9, 14681.0], [2977.8, 12458.0], [2977.7, 23162.0]], "asks": [[2979.0, 30277.0], [2979.35, 1493.0], [2979.45, 5000.0], [2979.55, 1422.0], [2979.6, 6614.0], [2979.65, 3000.0], [2979.7, 5.0], [2979.75, 4425.0], [2979.8, 4117.0], [2979.85, 3094.0], [2979.9, 1876.0], [2979.95, 6196.0], [2980.0, 1830.0], [2980.05, 1849.0], [2980.1, 6193.0], [2980.25, 1828.0], [2980.3, 3000.0], [2980.35, 3125.0], [2980.45, 3000.0], [2980.55, 3124.0]]}}}
{"jsonrpc": "2.0", "method": "subscription", "params": {"channel": "book.ETH-PERPETUAL.none.20.100ms", "data": {"timestamp": 1767090061769, "change_id": 103207566413, "instrument_name": "ETH-PERPETUAL", "bids": [[2978.95, 668.0], [2978.6, 30.0], [2978.45, 1300.0], [2978.25, 8287.0], [2978.2, 19998.0], [2978.15, 3000.0], [2978.1, 1840.0], [2978.0, 3000.0], [2977.95, 4755.0], [2977.8, 7076.0], [2977.7, 3170.0], [2977.65, 2075.0], [2977.6, 3000.0], [2977.55, 3953.0], [2977.5, 1287.0], [2977.45, 4149.0], [2977.35, 3173.0], [2977.3, 3000.0], [2977.2, 19992.0], [2977.1, 3173.0]], "asks": [[2979.0, 38222.0], [2979.05, 1422.0], [2979.1, 4763.0], [2979.2, 6881.0], [2979.25, 18000.0], [2979.35, 3000.0], [2979.5, 3000.0], [2979.6, 1851.0], [2979.65, 3000.0], [2979.75, 4425.0], [2979.8, 4117.0], [2979.85, 3094.0], [2979.9, 1876.0], [2979.95, 6196.0], [2980.0, 90.0], [2980.05, 1849.0], [2980.1, 6193.0], [2980.25, 1828.0], [2980.3, 20785.0], [2980.35, 3125.0]]}}}
{"jsonrpc": "2.0", "method": "subscription", "params": {"channel": "book.ETH-PERPETUAL.none.20.100ms", "data": {"timestamp": 1767090062098, "change_id": 103207566795, "instrument_name": "ETH-PERPETUAL", "bids": [[2978.95, 441.0], [2978.6, 30.0], [2978.45, 1300.0], [2978.35, 5970.0], [2978.3, 19999.0], [2978.15, 3000.0], [2978.1, 3243.0], [2978.05, 4763.0], [2978.0, 3000.0], [2977.95, 4755.0], [2977.8, 7076.0], [2977.7, 3170.0], [2977.65, 2075.0], [2977.6, 3000.0], [2977.55, 3170.0], [2977.5, 1287.0], [2977.45, 5151.0], [2977.35, 23165.0], [2977.3, 3000.0], [2977.1, 3173.0]], "asks": [[2979.0, 43996.0], [2979.05, 1422.0], [2979.1, 4763.0], [2979.2, 6881.0], [2979.25, 18000.0], [2979.35, 3000.0], [2979.45, 1415.0], [2979.5, 4739.0], [2979.6, 1851.0], [2979.65, 3000.0], [2979.75, 4425.0], [2979.8, 4117.0], [2979.85, 3094.0], [2979.9, 1876.0], [2979.95, 6196.0], [2980.0, 90.0], [2980.05, 1849.0], [2980.1, 6193.0], [2980.25, 3186.0], [2980.3, 20785.0]]}}}
{"jsonrpc": "2.0", "method": "subscription", "params": {"channel": "book.ETH-PERPETUAL.none.20.100ms", "data": {"timestamp": 1767090062421, "change_id": 103207567282, "instrument_name": "ETH-PERPETUAL", "bids": [[2978.6, 1330.0], [2978.35, 1421.0], [2978.3, 4761.0], [2978.25, 6865.0], [2978.2, 19999.0], [2978.15, 3000.0], [2978.1, 1821.0], [2978.0, 3000.0], [2977.95, 4755.0], [2977.8, 7076.0], [2977.7, 3170.0], [2977.65, 2075.0], [2977.6, 3000.0], [2977.55, 3170.0], [2977.5, 1287.0], [2977.45, 5151.0], [2977.35, 23165.0], [2977.3, 3000.0], [2977.1, 3173.0], [2977.05, 40.0]], "asks": [[2978.65, 36295.0], [2978.8, 4761.0], [2978.9, 5000.0], [2979.0, 5231.0], [2979.15, 1229.0], [2979.2, 3000.0], [2979.25, 1116.0], [2979.35, 3000.0], [2979.45, 2328.0], [2979.5, 7799.0], [2979.65, 3000.0], [2979.75, 3196.0], [2979.8, 3000.0], [2979.85, 1545.0], [2979.9, 1876.0], [2979.95, 6196.0], [2980.0, 90.0], [2980.05, 1849.0], [2980.1, 6193.0], [2980.25, 3186.0]]}}}
{"jsonrpc": "2.0", "method": "subscription", "params": {"channel": "book.ETH-PERPETUAL.none.20.100ms", "data": {"timestamp": 1767090062757, "change_id": 103207567804, "instrument_name": "ETH-PERPETUAL", "bids": [[2978.6, 7317.0], [2978.35, 1421.0], [2978.3, 7761.0], [2978.15, 3000.0], [2978.1, 7557.0], [2978.05, 19998.0], [2978.0, 3000.0], [2977.95, 4755.0], [2977.8, 7076.0], [2977.7, 3170.0], [2977.65, 2075.0], [2977.6, 3000.0], [2977.55, 3170.0], [2977.5, 1287.0], [2977.45, 5151.0], [2977.35, 23165.0], [2977.3, 3000.0], [2977.1, 3173.0], [2977.05, 40.0], [2977.0, 2977.0]], "asks": [[2978.65, 35981.0], [2978.8, 4761.0], [2979.0, 5131.0], [2979.05, 3492.0], [2979.1, 11700.0], [2979.15, 1229.0], [2979.2, 3000.0], [2979.25, 1116.0], [2979.35, 3000.0], [2979.45, 2328.0], [2979.5, 7799.0], [2979.65, 3000.0], [2979.75, 3196.0], [2979.8, 3000.0], [2979.9, 1876.0], [2979.95, 6196.0], [2980.0, 90.0], [2980.05, 1849.0], [2980.1, 6193.0], [2980.25, 3186.0]]}}}
{"jsonrpc": "2.0", "method": "subscription", "params": {"channel": "book.ETH-PERPETUAL.none.20.100ms", "data": {"timestamp": 1767090063093, "change_id": 103207568004, "instrument_name": "ETH-PERPETUAL", "bids": [[2978.6, 6514.0], [2978.35, 1421.0], [2978.3, 7761.0], [2978.25, 3962.0], [2978.2, 10274.0], [2978.15, 3000.0], [2978.1, 7558.0], [2978.05, 19999.0], [2978.0, 3000.0], [2977.95, 4755.0], [2977.8, 7076.0], [2977.7, 3170.0], [2977.65, 2075.0], [2977.6, 3000.0], [2977.55, 3170.0], [2977.5, 1287.0], [2977.45, 5151.0], [2977.35, 23165.0], [2977.3, 3000.0], [2977.1, 3173.0]], "asks": [[2978.65, 36081.0], [2978.8, 4761.0], [2979.0, 5131.0], [2979.05, 3492.0], [2979.1, 11700.0], [2979.15, 1229.0], [2979.2, 3000.0], [2979.25, 1116.0], [2979.35, 3000.0], [2979.45, 2328.0], [2979.5, 7799.0], [2979.65, 3000.0], [2979.75, 3196.0], [2979.8, 3000.0], [2979.9, 1876.0], [2979.95, 6196.0], [2980.0, 90.0], [2980.05, 1849.0], [2980.1, 6193.0], [2980.25, 3186.0]]}}}
{"jsonrpc": "2.0", "method": "subscription", "params": {"channel": "book.ETH-PERPETUAL.none.20.100ms", "data": {"timestamp": 1767090063417, "change_id": 103207568450, "instrument_name": "ETH-PERPETUAL", "bids": [[2978.6, 6379.0], [2978.35, 1421.0], [2978.3, 7761.0], [2978.25, 3962.0], [2978.2, 10274.0], [2978.15, 3000.0], [2978.1, 7558.0], [2978.05, 19999.0], [2978.0, 3000.0], [2977.95, 4755.0], [2977.8, 7076.0], [2977.7, 3170.0], [2977.65, 2075.0], [2977.6, 3000.0], [2977.55, 3170.0], [2977.5, 1287.0], [2977.45, 5151.0], [2977.35, 23165.0], [2977.3, 3000.0], [2977.1, 3173.0]], "asks": [[2978.65, 36081.0], [2978.7, 1539.0], [2978.8, 4761.0], [2978.95, 1532.0], [2979.0, 5131.0], [2979.05, 3492.0], [2979.1, 11700.0], [2979.15, 1229.0], [2979.2, 3000.0], [2979.25, 1116.0], [2979.35, 3000.0], [2979.45, 2328.0], [2979.5, 7799.0], [2979.65, 3000.0], [2979.75, 3196.0], [2979.8, 3000.0], [2979.9, 1876.0], [2979.95, 6196.0], [2980.0, 90.0], [2980.05, 1849.0]]}}}
{"jsonrpc": "2.0", "method": "subscription", "params": {"channel": "book.ETH-PERPETUAL.none.20.100ms", "data": {"timestamp": 1767090063745, "change_id": 103207568809, "instrument_name": "ETH-PERPETUAL", "bids": [[2978.6, 8177.0], [2978.45, 3881.0], [2978.4, 13000.0], [2978.35, 1421.0], [2978.3, 7761.0], [2978.25, 9425.0], [2978.2, 30273.0], [2978.15, 3000.0], [2978.1, 1821.0], [2978.0, 3000.0], [2977.95, 4755.0], [2977.8, 7076.0], [2977.7, 3170.0], [2977.65, 17398.0], [2977.6, 3000.0], [2977.55, 3170.0], [2977.5, 8288.0], [2977.45, 5151.0], [2977.35, 23165.0], [2977.3, 3000.0]], "asks": [[2978.65, 36081.0], [2978.7, 1539.0], [2978.8, 4761.0], [2978.85, 5000.0], [2978.9, 5000.0], [2979.0, 131.0], [2979.05, 3492.0], [2979.1, 11700.0], [2979.15, 1229.0], [2979.2, 3000.0], [2979.25, 1116.0], [2979.35, 3000.0], [2979.45, 2328.0], [2979.5, 7799.0], [2979.6, 1850.0], [2979.65, 3000.0], [2979.75, 3196.0], [2979.8, 3000.0], [2979.9, 1876.0], [2979.95, 6196.0]]}}}
{"jsonrpc": "2.0", "method": "subscription", "params": {"channel": "book.ETH-PERPETUAL.none.20.100ms", "data": {"timestamp": 1767090064085, "change_id": 103207569011, "instrument_name": "ETH-PERPETUAL", "bids": [[2978.6, 9146.0], [2978.45, 3881.0], [2978.4, 13000.0], [2978.35, 1421.0], [2978.3, 7761.0], [2978.25, 23961.0], [2978.2, 10274.0], [2978.15, 3000.0], [2978.1, 1821.0], [2978.0, 3000.0], [2977.95, 4755.0], [2977.8, 7076.0], [2977.7, 3170.0], [2977.65, 17398.0], [2977.6, 3000.0], [2977.55, 3170.0], [2977.5, 8288.0], [2977.45, 5151.0], [2977.35, 23165.0], [2977.3, 3000.0]], "asks": [[2978.65, 36081.0], [2978.7, 1539.0], [2978.8, 4761.0], [2978.85, 5000.0], [2979.0, 131.0], [2979.15, 1229.0], [2979.2, 3000.0], [2979.25, 1116.0], [2979.35, 3000.0], [2979.45, 2328.0], [2979.5, 7799.0], [2979.6, 1850.0], [2979.65, 3000.0], [2979.75, 3196.0], [2979.8, 3000.0], [2979.9, 1876.0], [2979.95, 6196.0], [2980.0, 90.0], [2980.05, 1849.0], [2980.1, 6193.0]]}}}
{"jsonrpc": "2.0", "method": "subscription", "params": {"channel": "book.ETH-PERPETUAL.none.20.100ms", "data": {"timestamp": 1767090064390, "change_id": 103207569418, "instrument_name": "ETH-PERPETUAL", "bids": [[2978.6, 9086.0], [2978.45, 3881.0], [2978.4, 13000.0], [2978.35, 8105.0], [2978.3, 7761.0], [2978.25, 23961.0], [2978.2, 10274.0], [2978.15, 3000.0], [2978.1, 1821.0], [2978.0, 3000.0], [2977.95, 4755.0], [2977.8, 7076.0], [2977.7, 3170.0], [2977.65, 17398.0], [2977.6, 3000.0], [2977.55, 3170.0], [2977.5, 8288.0], [2977.45, 5151.0], [2977.35, 23165.0], [2977.3, 3000.0]], "asks": [[2978.65, 37620.0], [2978.8, 4761.0], [2978.85, 5000.0], [2978.95, 1528.0], [2979.0, 5120.0], [2979.15, 1229.0], [2979.2, 3000.0], [2979.25, 1116.0], [2979.35, 3011.0], [2979.45, 2328.0], [2979.5, 7799.0], [2979.6, 1850.0], [2979.65, 3000.0], [2979.75, 3196.0], [2979.8, 3000.0], [2979.9, 1876.0], [2979.95, 6196.0], [2980.0, 90.0], [2980.05, 1849.0], [2980.1, 6193.0]]}}}
{"jsonrpc": "2.0", "method": "subscription", "params": {"channel": "book.ETH-PERPETUAL.none.20.100ms", "data": {"timestamp": 1767090064744, "change_id": 103207569768, "instrument_name": "ETH-PERPETUAL", "bids": [[2978.6, 5836.0], [2978.45, 3881.0], [2978.4, 13000.0], [2978.35, 8105.0], [2978.3, 7761.0], [2978.25, 23961.0], [2978.2, 10274.0], [2978.15, 3000.0], [2978.1, 1821.0], [2978.0, 3000.0], [2977.95, 4755.0], [2977.8, 7076.0], [2977.7, 7744.0], [2977.65, 17398.0], [2977.6, 3000.0], [2977.55, 3170.0], [2977.5, 8288.0], [2977.45, 5151.0], [2977.35, 23165.0], [2977.3, 3000.0]], "asks": [[2978.65, 37620.0], [2978.8, 4761.0], [2978.85, 5000.0], [2978.95, 1528.0], [2979.0, 5120.0], [2979.15, 1229.0], [2979.2, 3000.0], [2979.25, 1116.0], [2979.35, 3011.0], [2979.45, 2328.0], [2979.5, 7799.0], [2979.6, 1850.0], [2979.65, 3000.0], [2979.75, 3196.0], [2979.8, 3000.0], [2979.9, 1876.0], [2979.95, 6196.0], [2980.0, 90.0], [2980.05, 1849.0], [2980.1, 6193.0]]}}}
{"jsonrpc": "2.0", "method": "subscription", "params": {"channel": "book.ETH-PERPETUAL.none.20.100ms", "data": {"timestamp": 1767090065059, "change_id": 103207570058, "instrument_name": "ETH-PERPETUAL", "bids": [[2978.6, 10675.0], [2978.55, 11375.0], [2978.5, 4761.0], [2978.45, 3000.0], [2978.4, 32999.0], [2978.3, 3000.0], [2978.25, 3962.0], [2978.2, 10274.0], [2978.15, 3000.0], [2978.1, 1821.0], [2978.0, 3000.0], [2977.95, 4755.0], [2977.8, 7076.0], [2977.7, 7744.0], [2977.65, 17398.0], [2977.6, 3000.0], [2977.55, 3170.0], [2977.5, 21279.0], [2977.45, 4149.0], [2977.35, 3173.0]], "asks": [[2978.65, 1639.0], [2979.05, 25000.0], [2979.15, 1229.0], [2979.2, 3000.0], [2979.25, 1116.0], [2979.35, 3011.0], [2979.45, 2328.0], [2979.5, 7799.0], [2979.6, 1850.0], [2979.65, 3000.0], [2979.75, 3196.0], [2979.8, 3000.0], [2979.9, 1876.0], [2979.95, 6196.0], [2980.0, 90.0], [2980.05, 1849.0], [2980.1, 6193.0], [2980.25, 3186.0], [2980.3, 3000.0], [2980.35, 3125.0]]}}}
{"jsonrpc": "2.0", "method": "subscription", "params": {"channel": "book.ETH-PERPETUAL.none.20.100ms", "data": {"timestamp": 1767090065403, "change_id": 103207570597, "instrument_name": "ETH-PERPETUAL", "bids": [[2978.6, 11011.0], [2978.55, 6197.0], [2978.5, 4761.0], [2978.45, 3000.0], [2978.4, 19865.0], [2978.35, 19999.0], [2978.3, 3000.0], [2978.25, 3962.0], [2978.2, 10274.0], [2978.15, 3000.0], [2978.1, 1821.0], [2978.0, 4002.0], [2977.95, 4755.0], [2977.8, 7076.0], [2977.7, 3170.0], [2977.65, 2075.0], [2977.6, 3000.0], [2977.55, 3170.0], [2977.5, 21279.0], [2977.45, 4139.0]], "asks": [[2978.65, 1639.0], [2979.05, 25000.0], [2979.15, 5990.0], [2979.2, 3000.0], [2979.25, 1116.0], [2979.3, 2391.0], [2979.35, 3011.0], [2979.45, 7328.0], [2979.5, 6060.0], [2979.6, 1850.0], [2979.65, 3000.0], [2979.75, 3196.0], [2979.8, 3000.0], [2979.9, 1876.0], [2979.95, 6196.0], [2980.0, 90.0], [2980.05, 1849.0], [2980.1, 6193.0], [2980.25, 1838.0], [2980.3, 3000.0]]}}}
{"jsonrpc": "2.0", "method": "subscription", "params": {"channel": "book.ETH-PERPETUAL.none.20.100ms", "data": {"timestamp": 1767090065715, "change_id": 103207570961, "instrument_name": "ETH-PERPETUAL", "bids": [[2978.6, 21768.0], [2978.55, 2317.0], [2978.5, 4761.0], [2978.45, 3000.0], [2978.4, 6865.0], [2978.35, 19999.0], [2978.3, 3000.0], [2978.25, 3962.0], [2978.2, 10274.0], [2978.15, 3000.0], [2978.1, 1821.0], [2978.0, 4002.0], [2977.95, 4755.0], [2977.8, 7076.0], [2977.75, 4352.0], [2977.7, 3170.0], [2977.65, 17103.0], [2977.6, 3000.0], [2977.55, 3170.0], [2977.5, 1287.0]], "asks": [[2978.65, 7590.0], [2979.0, 13000.0], [2979.05, 25000.0], [2979.15, 4761.0], [2979.2, 1826.0], [2979.25, 6116.0], [2979.35, 3011.0], [2979.45, 2328.0], [2979.5, 6060.0], [2979.55, 1739.0], [2979.6, 1850.0], [2979.65, 3000.0], [2979.75, 3196.0], [2979.8, 3000.0], [2979.9, 1876.0], [2979.95, 6196.0], [2980.0, 90.0], [2980.05, 1849.0], [2980.1, 6193.0], [2980.25, 1838.0]]}}}
{"jsonrpc": "2.0", "method": "subscription", "params": {"channel": "book.ETH-PERPETUAL.none.20.100ms", "data": {"timestamp": 1767090066057, "change_id": 103207571098, "instrument_name": "ETH-PERPETUAL", "bids": [[2978.6, 21970.0], [2978.55, 2317.0], [2978.5, 4761.0], [2978.45, 3000.0], [2978.4, 6865.0], [2978.35, 19999.0], [2978.3, 3000.0], [2978.25, 3962.0], [2978.2, 10274.0], [2978.15, 3000.0], [2978.1, 1821.0], [2978.0, 4002.0], [2977.95, 4755.0], [2977.8, 7076.0], [2977.75, 4352.0], [2977.7, 3170.0], [2977.65, 17103.0], [2977.6, 3000.0], [2977.55, 3170.0], [2977.5, 21279.0]], "asks": [[2978.65, 7590.0], [2979.0, 13000.0], [2979.05, 25000.0], [2979.15, 4761.0], [2979.2, 1826.0], [2979.25, 6116.0], [2979.35, 3011.0], [2979.45, 2328.0], [2979.5, 6060.0], [2979.55, 1739.0], [2979.6, 1850.0], [2979.65, 3000.0], [2979.75, 3196.0], [2979.8, 3000.0], [2979.9, 1876.0], [2979.95, 6196.0], [2980.0, 90.0], [2980.05, 1849.0], [2980.1, 6193.0], [2980.25, 1838.0]]}}}
{"jsonrpc": "2.0", "method": "subscription", "params": {"channel": "book.ETH-PERPETUAL.none.20.100ms", "data": {"timestamp": 1767090066383, "change_id": 103207571588, "instrument_name": "ETH-PERPETUAL", "bids": [[2978.6, 6304.0], [2978.55, 2317.0], [2978.5, 4761.0], [2978.45, 3000.0], [2978.4, 6865.0], [2978.3, 3000.0], [2978.25, 23960.0], [2978.2, 10274.0], [2978.15, 3000.0], [2978.1, 1821.0], [2978.0, 4002.0], [2977.95, 4755.0], [2977.8, 7076.0], [2977.75, 4352.0], [2977.7, 3170.0], [2977.65, 17103.0], [2977.6, 3000.0], [2977.55, 3170.0], [2977.5, 1287.0], [2977.45, 4139.0]], "asks": [[2978.65, 32590.0], [2978.95, 3881.0], [2979.0, 14421.0], [2979.15, 4761.0], [2979.2, 1826.0], [2979.25, 6116.0], [2979.35, 3011.0], [2979.45, 2328.0], [2979.5, 6060.0], [2979.55, 1739.0], [2979.6, 1850.0], [2979.65, 3000.0], [2979.75, 3196.0], [2979.8, 3000.0], [2979.9, 1876.0], [2979.95, 6196.0], [2980.0, 90.0], [2980.05, 1849.0], [2980.1, 6193.0], [2980.25, 1838.0]]}}}
{"jsonrpc": "2.0", "method": "subscription", "params": {"channel": "book.ETH-PERPETUAL.none.20.100ms", "data": {"timestamp": 1767090066711, "change_id": 103207571938, "instrument_name": "ETH-PERPETUAL", "bids": [[2978.6, 19826.0], [2978.55, 2317.0], [2978.5, 4761.0], [2978.45, 3000.0], [2978.4, 6865.0], [2978.3, 22999.0], [2978.25, 3962.0], [2978.2, 10274.0], [2978.15, 3000.0], [2978.1, 1821.0], [2978.0, 3000.0], [2977.95, 4755.0], [2977.8, 7076.0], [2977.75, 4352.0], [2977.7, 3170.0], [2977.65, 18105.0], [2977.6, 3000.0], [2977.55, 3170.0], [2977.5, 21279.0], [2977.45, 4139.0]], "asks": [[2978.65, 32590.0], [2978.95, 4761.0], [2979.25, 1116.0], [2979.35, 3011.0], [2979.45, 2328.0], [2979.5, 6060.0], [2979.55, 1739.0], [2979.6, 1850.0], [2979.65, 3000.0], [2979.75, 3196.0], [2979.8, 3000.0], [2979.9, 1876.0], [2979.95, 6196.0], [2980.0, 90.0], [2980.05, 1849.0], [2980.1, 6193.0], [2980.25, 1838.0], [2980.3, 3000.0], [2980.35, 3125.0], [2980.45, 11282.0]]}}}
{"jsonrpc": "2.0", "method": "subscription", "params": {"channel": "book.ETH-PERPETUAL.none.20.100ms", "data": {"timestamp": 1767090067058, "change_id": 103207572063, "instrument_name": "ETH-PERPETUAL", "bids": [[2978.6, 19663.0], [2978.55, 2317.0], [2978.5, 4761.0], [2978.45, 3000.0], [2978.4, 6865.0], [2978.3, 22999.0], [2978.25, 3962.0], [2978.2, 10274.0], [2978.15, 3000.0], [2978.1, 1821.0], [2978.0, 3000.0], [2977.95, 4755.0], [2977.8, 7076.0], [2977.75, 4352.0], [2977.7, 3170.0], [2977.65, 18105.0], [2977.6, 3000.0], [2977.55, 3170.0], [2977.5, 21279.0], [2977.45, 4139.0]], "asks": [[2978.65, 32590.0], [2978.95, 4761.0], [2979.25, 1116.0], [2979.35, 3011.0], [2979.45, 2328.0], [2979.5, 6060.0], [2979.55, 1739.0], [2979.6, 1850.0], [2979.65, 3000.0], [2979.75, 3196.0], [2979.8, 3000.0], [2979.9, 1876.0], [2979.95, 6196.0], [2980.0, 90.0], [2980.05, 1849.0], [2980.1, 6193.0], [2980.25, 1838.0], [2980.3, 3000.0], [2980.35, 3125.0], [2980.45, 11282.0]]}}}
{"jsonrpc": "2.0", "method": "subscription", "params": {"channel": "book.ETH-PERPETUAL.none.20.100ms", "data": {"timestamp": 1767090067370, "change_id": 103207572531, "instrument_name": "ETH-PERPETUAL", "bids": [[2978.6, 5738.0], [2978.55, 2317.0], [2978.5, 4761.0], [2978.45, 3000.0], [2978.4, 6865.0], [2978.3, 3000.0], [2978.25, 23960.0], [2978.2, 10274.0], [2978.15, 3000.0], [2978.1, 1821.0], [2978.0, 3000.0], [2977.95, 4755.0], [2977.8, 7076.0], [2977.75, 4352.0], [2977.7, 3170.0], [2977.65, 18105.0], [2977.6, 3000.0], [2977.55, 3170.0], [2977.5, 21279.0], [2977.45, 4139.0]], "asks": [[2978.65, 32590.0], [2978.95, 4761.0], [2979.25, 1116.0], [2979.35, 3011.0], [2979.45, 2328.0], [2979.5, 6060.0], [2979.55, 1739.0], [2979.6, 1850.0], [2979.65, 3000.0], [2979.75, 3196.0], [2979.8, 3000.0], [2979.9, 1876.0], [2979.95, 6196.0], [2980.0, 90.0], [2980.05, 1849.0], [2980.1, 6193.0], [2980.25, 1838.0], [2980.3, 3000.0], [2980.35, 3125.0], [2980.45, 11282.0]]}}}
{"jsonrpc": "2.0", "method": "subscription", "params": {"channel": "book.ETH-PERPETUAL.none.20.100ms", "data": {"timestamp": 1767090067706, "change_id": 103207572969, "instrument_name": "ETH-PERPETUAL", "bids": [[2978.6, 5586.0], [2978.45, 3881.0], [2978.4, 13000.0], [2978.35, 2317.0], [2978.3, 7761.0], [2978.25, 9425.0], [2978.2, 30273.0], [2978.15, 3000.0], [2978.1, 1821.0], [2978.0, 3000.0], [2977.95, 4755.0], [2977.8, 7076.0], [2977.75, 4352.0], [2977.7, 3170.0], [2977.65, 18105.0], [2977.6, 3000.0], [2977.55, 3170.0], [2977.5, 7986.0], [2977.45, 4139.0], [2977.4, 19992.0]], "asks": [[2978.65, 32590.0], [2978.85, 3391.0], [2978.9, 6600.0], [2978.95, 4761.0], [2979.0, 5000.0], [2979.25, 1116.0], [2979.35, 3011.0], [2979.45, 2328.0], [2979.5, 6060.0], [2979.55, 1739.0], [2979.6, 1850.0], [2979.65, 3000.0], [2979.75, 3196.0], [2979.8, 3000.0], [2979.9, 1876.0], [2979.95, 6196.0], [2980.0, 90.0], [2980.05, 1849.0], [2980.1, 6193.0], [2980.25, 1838.0]]}}}
{"jsonrpc": "2.0", "method": "subscription", "params": {"channel": "book.ETH-PERPETUAL.none.20.100ms", "data": {"timestamp": 1767090068032, "change_id": 103207573154, "instrument_name": "ETH-PERPETUAL", "bids": [[2978.6, 5069.0], [2978.45, 3881.0], [2978.4, 13000.0], [2978.35, 2317.0], [2978.3, 7851.0], [2978.25, 6359.0], [2978.2, 19999.0], [2978.15, 3000.0], [2978.1, 1821.0], [2978.0, 3000.0], [2977.95, 4755.0], [2977.8, 7076.0], [2977.75, 4352.0], [2977.7, 3170.0], [2977.65, 3077.0], [2977.6, 3000.0], [2977.55, 3170.0], [2977.5, 7986.0], [2977.45, 4139.0], [2977.35, 23165.0]], "asks": [[2978.65, 32590.0], [2978.8, 5000.0], [2978.85, 3391.0], [2978.95, 4761.0], [2979.0, 5000.0], [2979.15, 1229.0], [2979.2, 3000.0], [2979.25, 1116.0], [2979.35, 3011.0], [2979.45, 2328.0], [2979.5, 6060.0], [2979.55, 1739.0], [2979.6, 1850.0], [2979.65, 3000.0], [2979.75, 3196.0], [2979.8, 3000.0], [2979.9, 1876.0], [2979.95, 6196.0], [2980.0, 90.0], [2980.05, 1849.0]]}}}
{"jsonrpc": "2.0", "method": "subscription", "params": {"channel": "book.ETH-PERPETUAL.none.20.100ms", "data": {"timestamp": 1767090068363, "change_id": 103207573700, "instrument_name": "ETH-PERPETUAL", "bids": [[2978.6, 5752.0], [2978.45, 3881.0], [2978.4, 13000.0], [2978.35, 2317.0], [2978.3, 7851.0], [2978.25, 6865.0], [2978.2, 19999.0], [2978.15, 3000.0], [2978.1, 1821.0], [2978.0, 3000.0], [2977.95, 4755.0], [2977.8, 7076.0], [2977.75, 4352.0], [2977.7, 3170.0], [2977.65, 3077.0], [2977.6, 3000.0], [2977.55, 3170.0], [2977.5, 7986.0], [2977.45, 4139.0], [2977.35, 23165.0]], "asks": [[2978.65, 32590.0], [2978.8, 5000.0], [2978.85, 3391.0], [2978.95, 4761.0], [2979.0, 5000.0], [2979.15, 1229.0], [2979.2, 3000.0], [2979.25, 1116.0], [2979.35, 3011.0], [2979.45, 2328.0], [2979.5, 6060.0], [2979.55, 1739.0], [2979.6, 1850.0], [2979.65, 3000.0], [2979.75, 3196.0], [2979.8, 3000.0], [2979.9, 1876.0], [2979.95, 6196.0], [2980.0, 90.0], [2980.05, 1849.0]]}}}
{"jsonrpc": "2.0", "method": "subscription", "params": {"channel": "book.ETH-PERPETUAL.none.20.100ms", "data": {"timestamp": 1767090068709, "change_id": 103207574135, "instrument_name": "ETH-PERPETUAL", "bids": [[2978.6, 4843.0], [2978.3, 3090.0], [2978.25, 9425.0], [2978.2, 30273.0], [2978.15, 3000.0], [2978.1, 1821.0], [2978.0, 3000.0], [2977.95, 4755.0], [2977.8, 7076.0], [2977.75, 4352.0], [2977.7, 3170.0], [2977.65, 3077.0], [2977.6, 3000.0], [2977.55, 3170.0], [2977.5, 1287.0], [2977.45, 4139.0], [2977.35, 3173.0], [2977.3, 3010.0], [2977.15, 23224.0], [2977.1, 3956.0]], "asks": [[2978.65, 32590.0], [2978.85, 2914.0], [2978.9, 4761.0], [2979.0, 5000.0], [2979.05, 3881.0], [2979.1, 13000.0], [2979.15, 1229.0], [2979.2, 3000.0], [2979.25, 1116.0], [2979.35, 3011.0], [2979.45, 2328.0], [2979.5, 6060.0], [2979.55, 1739.0], [2979.6, 1850.0], [2979.65, 3000.0], [2979.75, 3196.0], [2979.8, 3000.0], [2979.9, 1876.0], [2979.95, 6196.0], [2980.0, 90.0]]}}}
{"jsonrpc": "2.0", "method": "subscription", "params": {"channel": "book.ETH-PERPETUAL.none.20.100ms", "data": {"timestamp": 1767090069009, "change_id": 103207574321, "instrument_name": "ETH-PERPETUAL", "bids": [[2978.6, 5060.0], [2978.35, 2344.0], [2978.3, 3090.0], [2978.25, 11120.0], [2978.2, 19999.0], [2978.15, 3000.0], [2978.1, 1821.0], [2978.0, 3000.0], [2977.95, 4755.0], [2977.8, 7076.0], [2977.75, 4352.0], [2977.7, 3170.0], [2977.65, 3077.0], [2977.6, 3000.0], [2977.55, 3170.0], [2977.5, 1287.0], [2977.45, 4139.0], [2977.35, 23165.0], [2977.3, 3010.0], [2977.1, 3956.0]], "asks": [[2978.65, 32590.0], [2978.85, 2914.0], [2978.9, 4761.0], [2979.0, 5000.0], [2979.05, 3881.0], [2979.1, 13000.0], [2979.15, 1229.0], [2979.2, 3000.0], [2979.25, 1116.0], [2979.35, 3011.0], [2979.45, 2328.0], [2979.5, 6060.0], [2979.55, 1739.0], [2979.6, 1850.0], [2979.65, 3000.0], [2979.75, 3196.0], [2979.8, 3000.0], [2979.9, 1876.0], [2979.95, 6196.0], [2980.0, 90.0]]}}}
{"jsonrpc": "2.0", "method": "subscription", "params": {"channel": "book.ETH-PERPETUAL.none.20.100ms", "data": {"timestamp": 1767090069349, "change_id": 103207574831, "instrument_name": "ETH-PERPETUAL", "bids": [[2978.6, 5972.0], [2978.35, 2344.0], [2978.3, 3090.0], [2978.25, 13880.0], [2978.2, 30273.0], [2978.15, 3000.0], [2978.1, 1821.0], [2978.0, 3000.0], [2977.95, 4755.0], [2977.8, 7076.0], [2977.75, 4352.0], [2977.7, 3170.0], [2977.65, 3077.0], [2977.6, 3000.0], [2977.55, 3170.0], [2977.5, 1287.0], [2977.45, 4139.0], [2977.35, 23165.0], [2977.3, 3010.0], [2977.1, 3956.0]], "asks": [[2978.65, 32590.0], [2978.85, 2914.0], [2978.9, 4761.0], [2979.0, 5000.0], [2979.15, 1229.0], [2979.2, 3000.0], [2979.25, 1116.0], [2979.35, 3011.0], [2979.45, 2328.0], [2979.5, 6060.0], [2979.55, 1739.0], [2979.6, 1850.0], [2979.65, 3000.0], [2979.75, 3196.0], [2979.8, 3000.0], [2979.9, 1876.0], [2979.95, 6196.0], [2980.0, 90.0], [2980.05, 1849.0], [2980.1, 6193.0]]}}}
{"jsonrpc": "2.0", "method": "subscription", "params": {"channel": "book.ETH-PERPETUAL.none.20.100ms", "data": {"timestamp": 1767090069683, "change_id": 103207575171, "instrument_name": "ETH-PERPETUAL", "bids": [[2978.6, 5960.0], [2978.45, 3881.0], [2978.4, 13000.0], [2978.35, 8014.0], [2978.3, 3090.0], [2978.25, 27520.0], [2978.2, 10274.0], [2978.15, 3000.0], [2978.1, 1821.0], [2978.0, 3000.0], [2977.95, 4755.0], [2977.8, 7076.0], [2977.75, 4352.0], [2977.7, 3170.0], [2977.65, 3077.0], [2977.6, 3000.0], [2977.55, 3170.0], [2977.5, 7986.0], [2977.45, 4139.0], [2977.35, 23165.0]], "asks": [[2978.65, 32590.0], [2978.85, 2914.0], [2978.9, 4761.0], [2979.0, 5000.0], [2979.05, 3104.0], [2979.1, 10400.0], [2979.15, 1229.0], [2979.2, 3000.0], [2979.25, 1116.0], [2979.35, 3011.0], [2979.45, 2328.0], [2979.5, 6060.0], [2979.55, 1739.0], [2979.6, 1850.0], [2979.65, 3000.0], [2979.75, 3196.0], [2979.8, 3000.0], [2979.9, 1876.0], [2979.95, 6196.0], [2980.0, 90.0]]}}}
{"jsonrpc": "2.0", "method": "subscription", "params": {"channel": "book.ETH-PERPETUAL.none.20.100ms", "data": {"timestamp": 1767090070026, "change_id": 103207575296, "instrument_name": "ETH-PERPETUAL", "bids": [[2978.6, 6202.0], [2978.45, 3881.0], [2978.4, 13000.0], [2978.35, 2344.0], [2978.3, 3090.0], [2978.25, 14340.0], [2978.2, 30272.0], [2978.15, 3000.0], [2978.1, 1821.0], [2978.0, 3000.0], [2977.95, 4755.0], [2977.8, 7076.0], [2977.75, 4352.0], [2977.7, 3170.0], [2977.65, 18140.0], [2977.6, 3000.0], [2977.55, 3170.0], [2977.5, 7986.0], [2977.45, 4139.0], [2977.35, 23165.0]], "asks": [[2978.65, 32590.0], [2978.85, 2914.0], [2978.9, 4761.0], [2979.0, 5000.0], [2979.05, 3104.0], [2979.1, 10400.0], [2979.15, 1229.0], [2979.2, 3000.0], [2979.25, 1116.0], [2979.35, 3011.0], [2979.45, 2328.0], [2979.5, 6060.0], [2979.55, 1739.0], [2979.6, 1850.0], [2979.65, 3000.0], [2979.75, 3196.0], [2979.8, 3000.0], [2979.9, 1876.0], [2979.95, 6196.0], [2980.0, 90.0]]}}}
{"jsonrpc": "2.0", "method": "subscription", "params": {"channel": "book.ETH-PERPETUAL.none.20.100ms", "data": {"timestamp": 1767090070362, "change_id": 103207575804, "instrument_name": "ETH-PERPETUAL", "bids": [[2978.6, 3796.0], [2978.4, 12100.0], [2978.35, 2344.0], [2978.3, 3090.0], [2978.25, 14340.0], [2978.2, 10274.0], [2978.15, 22999.0], [2978.1, 1821.0], [2978.0, 3000.0], [2977.95, 4755.0], [2977.8, 7076.0], [2977.75, 4352.0], [2977.7, 3170.0], [2977.65, 18140.0], [2977.6, 3000.0], [2977.55, 3170.0], [2977.5, 1287.0], [2977.45, 4139.0], [2977.35, 3173.0], [2977.3, 3010.0]], "asks": [[2978.65, 32590.0], [2978.85, 2914.0], [2978.9, 4761.0], [2979.0, 5000.0], [2979.05, 3104.0], [2979.1, 13000.0], [2979.15, 1229.0], [2979.2, 3000.0], [2979.25, 1116.0], [2979.35, 3011.0], [2979.45, 2328.0], [2979.5, 6060.0], [2979.55, 1739.0], [2979.6, 1850.0], [2979.65, 3000.0], [2979.75, 3196.0], [2979.8, 3000.0], [2979.9, 1876.0], [2979.95, 6196.0], [2980.0, 90.0]]}}}
{"jsonrpc": "2.0", "method": "subscription", "params": {"channel": "book.ETH-PERPETUAL.none.20.100ms", "data": {"timestamp": 1767090070687, "change_id": 103207576353, "instrument_name": "ETH-PERPETUAL", "bids": [[2978.6, 1942.0], [2978.4, 1300.0], [2978.3, 90.0], [2978.05, 2317.0], [2978.0, 7761.0], [2977.95, 1655.0], [2977.8, 12720.0], [2977.75, 24350.0], [2977.7, 3170.0], [2977.65, 2075.0], [2977.6, 3000.0], [2977.55, 3170.0], [2977.5, 1287.0], [2977.45, 4139.0], [2977.35, 3173.0], [2977.3, 3010.0], [2977.2, 7160.0], [2977.1, 3956.0], [2977.05, 20032.0], [2977.0, 2977.0]], "asks": [[2978.65, 45610.0], [2978.7, 4761.0], [2978.85, 4734.0], [2978.9, 3000.0], [2978.95, 11500.0], [2979.0, 5000.0], [2979.05, 3011.0], [2979.15, 1229.0], [2979.2, 3000.0], [2979.25, 1116.0], [2979.35, 3000.0], [2979.45, 2328.0], [2979.5, 6060.0], [2979.55, 1739.0], [2979.6, 1850.0], [2979.65, 3000.0], [2979.75, 3196.0], [2979.8, 3000.0], [2979.9, 1876.0], [2979.95, 6196.0]]}}}
{"jsonrpc": "2.0", "method": "subscription", "params": {"channel": "book.ETH-PERPETUAL.none.20.100ms", "data": {"timestamp": 1767090070975, "change_id": 103207576650, "instrument_name": "ETH-PERPETUAL", "bids": [[2978.6, 699.0], [2978.4, 1300.0], [2978.3, 90.0], [2978.05, 2317.0], [2978.0, 7761.0], [2977.95, 1655.0], [2977.8, 11448.0], [2977.75, 19999.0], [2977.7, 3170.0], [2977.65, 2075.0], [2977.6, 3000.0], [2977.55, 3170.0], [2977.5, 1287.0], [2977.45, 4139.0], [2977.35, 7525.0], [2977.3, 3010.0], [2977.2, 9808.0], [2977.1, 3956.0], [2977.05, 20032.0], [2977.0, 2977.0]], "asks": [[2978.65, 45621.0], [2978.7, 4761.0], [2978.85, 4734.0], [2978.9, 3000.0], [2978.95, 11500.0], [2979.0, 6415.0], [2979.05, 4739.0], [2979.15, 1229.0], [2979.2, 3000.0], [2979.25, 1116.0], [2979.35, 3000.0], [2979.45, 2328.0], [2979.5, 6060.0], [2979.6, 1850.0], [2979.65, 4358.0], [2979.75, 3196.0], [2979.8, 3000.0], [2979.9, 1876.0], [2979.95, 6196.0], [2980.0, 90.0]]}}}
{"jsonrpc": "2.0", "method": "subscription", "params": {"channel": "book.ETH-PERPETUAL.none.20.100ms", "data": {"timestamp": 1767090071318, "change_id": 103207577180, "instrument_name": "ETH-PERPETUAL", "bids": [[2978.6, 30.0], [2978.4, 1300.0], [2978.3, 90.0], [2978.05, 2317.0], [2978.0, 7761.0], [2977.95, 1655.0], [2977.8, 11448.0], [2977.75, 19999.0], [2977.7, 3170.0], [2977.65, 2075.0], [2977.6, 3000.0], [2977.55, 3170.0], [2977.5, 1287.0], [2977.45, 4139.0], [2977.35, 7525.0], [2977.3, 3010.0], [2977.25, 1002.0], [2977.2, 9808.0], [2977.1, 3956.0], [2977.05, 20032.0]], "asks": [[2978.65, 45621.0], [2978.7, 4761.0], [2978.85, 4734.0], [2978.9, 3000.0], [2978.95, 11500.0], [2979.0, 6415.0], [2979.05, 4739.0], [2979.15, 1229.0], [2979.2, 3000.0], [2979.25, 1116.0], [2979.35, 3000.0], [2979.45, 2328.0], [2979.5, 6060.0], [2979.6, 1850.0], [2979.65, 4358.0], [2979.75, 3196.0], [2979.8, 3000.0], [2979.9, 1876.0], [2979.95, 6196.0], [2980.0, 90.0]]}}}
{"jsonrpc": "2.0", "method": "subscription", "params": {"channel": "book.ETH-PERPETUAL.none.20.100ms", "data": {"timestamp": 1767090071674, "change_id": 103207577603, "instrument_name": "ETH-PERPETUAL", "bids": [[2978.6, 30.0], [2978.4, 1300.0], [2978.3, 90.0], [2978.05, 2317.0], [2978.0, 7761.0], [2977.95, 7111.0], [2977.85, 19999.0], [2977.8, 4532.0], [2977.7, 3170.0], [2977.65, 2075.0], [2977.6, 3000.0], [2977.55, 3170.0], [2977.5, 3317.0], [2977.45, 4139.0], [2977.35, 7525.0], [2977.3, 3010.0], [2977.25, 1002.0], [2977.2, 9808.0], [2977.1, 3956.0], [2977.05, 20032.0]], "asks": [[2978.65, 37710.0], [2978.7, 4761.0], [2978.85, 6081.0], [2978.9, 3000.0], [2978.95, 13000.0], [2979.0, 6426.0], [2979.05, 4739.0], [2979.15, 1229.0], [2979.2, 3000.0], [2979.25, 1116.0], [2979.35, 3000.0], [2979.45, 2328.0], [2979.5, 6060.0], [2979.6, 1850.0], [2979.65, 4358.0], [2979.75, 3196.0], [2979.8, 3000.0], [2979.9, 1876.0], [2979.95, 6196.0], [2980.0, 90.0]]}}}
{"jsonrpc": "2.0", "method": "subscription", "params": {"channel": "book.ETH-PERPETUAL.none.20.100ms", "data": {"timestamp": 1767090072006, "change_id": 103207577790, "instrument_name": "ETH-PERPETUAL", "bids": [[2978.6, 266.0], [2978.4, 1300.0], [2978.3, 90.0], [2978.05, 2317.0], [2978.0, 7761.0], [2977.95, 7111.0], [2977.85, 19999.0], [2977.8, 4532.0], [2977.7, 3170.0], [2977.65, 2075.0], [2977.6, 3000.0], [2977.55, 3170.0], [2977.5, 3317.0], [2977.45, 4139.0], [2977.35, 7525.0], [2977.3, 3010.0], [2977.25, 1002.0], [2977.2, 9808.0], [2977.1, 3956.0], [2977.05, 20032.0]], "asks": [[2978.65, 37721.0], [2978.7, 4761.0], [2978.85, 6081.0], [2978.9, 3000.0], [2978.95, 13000.0], [2979.0, 6415.0], [2979.05, 4739.0], [2979.15, 1229.0], [2979.2, 3000.0], [2979.25, 1116.0], [2979.35, 3000.0], [2979.45, 2328.0], [2979.5, 6060.0], [2979.6, 1850.0], [2979.65, 4358.0], [2979.75, 3196.0], [2979.8, 3000.0], [2979.9, 1876.0], [2979.95, 6196.0], [2980.0, 90.0]]}}}
{"jsonrpc": "2.0", "method": "subscription", "params": {"channel": "book.ETH-PERPETUAL.none.20.100ms", "data": {"timestamp": 1767090072345, "change_id": 103207578268, "instrument_name": "ETH-PERPETUAL", "bids": [[2978.6, 422.0], [2978.4, 1300.0], [2978.3, 90.0], [2978.05, 2317.0], [2978.0, 7761.0], [2977.95, 7111.0], [2977.85, 19999.0], [2977.8, 4532.0], [2977.7, 3170.0], [2977.65, 2075.0], [2977.6, 3000.0], [2977.55, 3170.0], [2977.5, 1287.0], [2977.45, 4139.0], [2977.35, 3173.0], [2977.3, 3010.0], [2977.25, 1002.0], [2977.2, 9808.0], [2977.1, 3956.0], [2977.05, 20032.0]], "asks": [[2978.65, 37721.0], [2978.7, 4761.0], [2978.85, 6081.0], [2978.9, 3000.0], [2978.95, 13000.0], [2979.0, 6415.0], [2979.05, 4739.0], [2979.15, 1229.0], [2979.2, 3000.0], [2979.25, 1116.0], [2979.35, 3000.0], [2979.45, 2328.0], [2979.5, 6060.0], [2979.6, 1850.0], [2979.65, 4358.0], [2979.75, 3196.0], [2979.8, 3000.0], [2979.9, 1876.0], [2979.95, 6196.0], [2980.0, 90.0]]}}}
{"jsonrpc": "2.0", "method": "subscription", "params": {"channel": "book.ETH-PERPETUAL.none.20.100ms", "data": {"timestamp": 1767090072644, "change_id": 103207578630, "instrument_name": "ETH-PERPETUAL", "bids": [[2978.6, 457.0], [2978.4, 1300.0], [2978.3, 90.0], [2978.05, 2317.0], [2978.0, 7761.0], [2977.95, 1655.0], [2977.8, 11448.0], [2977.75, 19998.0], [2977.7, 3170.0], [2977.65, 2075.0], [2977.6, 3000.0], [2977.55, 3170.0], [2977.5, 1287.0], [2977.45, 4139.0], [2977.35, 3173.0], [2977.3, 3010.0], [2977.25, 6411.0], [2977.2, 25280.0], [2977.1, 3956.0], [2977.05, 20032.0]], "asks": [[2978.65, 45221.0], [2978.7, 4761.0], [2978.85, 6081.0], [2978.9, 3000.0], [2978.95, 13000.0], [2979.0, 6415.0], [2979.05, 4739.0], [2979.15, 1229.0], [2979.2, 3000.0], [2979.25, 1116.0], [2979.35, 3000.0], [2979.45, 2328.0], [2979.5, 6060.0], [2979.6, 1850.0], [2979.65, 4358.0], [2979.75, 3196.0], [2979.8, 3000.0], [2979.9, 1876.0], [2979.95, 6196.0], [2980.0, 90.0]]}}}
{"jsonrpc": "2.0", "method": "subscription", "params": {"channel": "book.ETH-PERPETUAL.none.20.100ms", "data": {"timestamp": 1767090072948, "change_id": 103207578748, "instrument_name": "ETH-PERPETUAL", "bids": [[2978.6, 447.0], [2978.4, 1300.0], [2978.3, 90.0], [2978.05, 2317.0], [2978.0, 7761.0], [2977.95, 1655.0], [2977.8, 11448.0], [2977.75, 19998.0], [2977.7, 3170.0], [2977.65, 2075.0], [2977.6, 3000.0], [2977.55, 3170.0], [2977.5, 1287.0], [2977.45, 4139.0], [2977.35, 3173.0], [2977.3, 3010.0], [2977.25, 6411.0], [2977.2, 25280.0], [2977.1, 3956.0], [2977.05, 20032.0]], "asks": [[2978.65, 45221.0], [2978.7, 4761.0], [2978.85, 6081.0], [2978.9, 3000.0], [2978.95, 13000.0], [2979.0, 6415.0], [2979.05, 4739.0], [2979.15, 1229.0], [2979.2, 3000.0], [2979.25, 1116.0], [2979.35, 3000.0], [2979.45, 2328.0], [2979.5, 6060.0], [2979.6, 1850.0], [2979.65, 4358.0], [2979.75, 3196.0], [2979.8, 3000.0], [2979.9, 1876.0], [2979.95, 6196.0], [2980.0, 90.0]]}}}
{"jsonrpc": "2.0", "method": "subscription", "params": {"channel": "book.ETH-PERPETUAL.none.20.100ms", "data": {"timestamp": 1767090073323, "change_id": 103207579219, "instrument_name": "ETH-PERPETUAL", "bids": [[2978.6, 243.0], [2978.4, 1300.0], [2978.3, 90.0], [2978.05, 2317.0], [2978.0, 7761.0], [2977.95, 1655.0], [2977.8, 11448.0], [2977.75, 19998.0], [2977.7, 3170.0], [2977.65, 2075.0], [2977.6, 3000.0], [2977.55, 3170.0], [2977.5, 1287.0], [2977.45, 4139.0], [2977.35, 3173.0], [2977.3, 3010.0], [2977.25, 6411.0], [2977.2, 25280.0], [2977.1, 3956.0], [2977.05, 20032.0]], "asks": [[2978.65, 45221.0], [2978.7, 4761.0], [2978.85, 1493.0], [2978.9, 3000.0], [2979.0, 6415.0], [2979.05, 4739.0], [2979.15, 1229.0], [2979.2, 3000.0], [2979.25, 1116.0], [2979.35, 3000.0], [2979.45, 2328.0], [2979.5, 6060.0], [2979.6, 1850.0], [2979.65, 4358.0], [2979.75, 3196.0], [2979.8, 3000.0], [2979.9, 1876.0], [2979.95, 6196.0], [2980.0, 90.0], [2980.1, 3193.0]]}}}
{"jsonrpc": "2.0", "method": "subscription", "params": {"channel": "book.ETH-PERPETUAL.none.20.100ms", "data": {"timestamp": 1767090073620, "change_id": 103207579562, "instrument_name": "ETH-PERPETUAL", "bids": [[2978.6, 388.0], [2978.4, 1300.0], [2978.35, 9300.0], [2978.3, 90.0], [2978.05, 2317.0], [2978.0, 7761.0], [2977.95, 1655.0], [2977.8, 11448.0], [2977.75, 19998.0], [2977.7, 3170.0], [2977.65, 2075.0], [2977.6, 3000.0], [2977.55, 3170.0], [2977.5, 1287.0], [2977.45, 4139.0], [2977.35, 3173.0], [2977.3, 3010.0], [2977.25, 6411.0], [2977.2, 25280.0], [2977.1, 3956.0]], "asks": [[2978.65, 37721.0], [2978.7, 4761.0], [2978.85, 6078.0], [2978.9, 3000.0], [2978.95, 13000.0], [2979.0, 6415.0], [2979.05, 4739.0], [2979.15, 1229.0], [2979.2, 3000.0], [2979.25, 1116.0], [2979.35, 3000.0], [2979.45, 2328.0], [2979.5, 6060.0], [2979.6, 1850.0], [2979.65, 4358.0], [2979.75, 3196.0], [2979.8, 3000.0], [2979.9, 1876.0], [2979.95, 6196.0], [2980.0, 90.0]]}}}
{"jsonrpc": "2.0", "method": "subscription", "params": {"channel": "book.ETH-PERPETUAL.none.20.100ms", "data": {"timestamp": 1767090073989, "change_id": 103207579690, "instrument_name": "ETH-PERPETUAL", "bids": [[2978.6, 245.0], [2978.4, 1300.0], [2978.35, 9300.0], [2978.3, 90.0], [2978.05, 2317.0], [2978.0, 7761.0], [2977.95, 7111.0], [2977.85, 19999.0], [2977.8, 4532.0], [2977.7, 3170.0], [2977.65, 2075.0], [2977.6, 3000.0], [2977.55, 3170.0], [2977.5, 1287.0], [2977.45, 4139.0], [2977.35, 3173.0], [2977.3, 3010.0], [2977.25, 6411.0], [2977.2, 25280.0], [2977.1, 3956.0]], "asks": [[2978.65, 42482.0], [2978.8, 1493.0], [2978.85, 11078.0], [2978.9, 3000.0], [2978.95, 13000.0], [2979.0, 1415.0], [2979.05, 4739.0], [2979.15, 1229.0], [2979.2, 3000.0], [2979.25, 1116.0], [2979.35, 3000.0], [2979.45, 2328.0], [2979.5, 6060.0], [2979.6, 1850.0], [2979.65, 4358.0], [2979.75, 3196.0], [2979.8, 3000.0], [2979.9, 1876.0], [2979.95, 6196.0], [2980.0, 90.0]]}}}
{"jsonrpc": "2.0", "method": "subscription", "params": {"channel": "book.ETH-PERPETUAL.none.20.100ms", "data": {"timestamp": 1767090074317, "change_id": 103207580199, "instrument_name": "ETH-PERPETUAL", "bids": [[2978.6, 208.0], [2978.4, 1300.0], [2978.3, 90.0], [2978.05, 2317.0], [2978.0, 7761.0], [2977.95, 1655.0], [2977.8, 11448.0], [2977.75, 19999.0], [2977.7, 3170.0], [2977.65, 2075.0], [2977.6, 3000.0], [2977.55, 3170.0], [2977.5, 1287.0], [2977.45, 4139.0], [2977.35, 3173.0], [2977.3, 3010.0], [2977.25, 6411.0], [2977.2, 18120.0], [2977.1, 3956.0], [2977.05, 40.0]], "asks": [[2978.65, 42482.0], [2978.75, 3194.0], [2978.8, 5700.0], [2978.85, 5000.0], [2978.9, 3000.0], [2979.0, 1415.0], [2979.05, 4739.0], [2979.15, 1229.0], [2979.2, 3000.0], [2979.25, 1116.0], [2979.35, 3000.0], [2979.45, 2328.0], [2979.5, 6060.0], [2979.6, 1850.0], [2979.65, 4358.0], [2979.75, 3196.0], [2979.8, 3000.0], [2979.9, 1876.0], [2979.95, 6196.0], [2980.0, 90.0]]}}}
{"jsonrpc": "2.0", "method": "subscription", "params": {"channel": "book.ETH-PERPETUAL.none.20.100ms", "data": {"timestamp": 1767090074648, "change_id": 103207580584, "instrument_name": "ETH-PERPETUAL", "bids": [[2978.6, 390.0], [2978.3, 90.0], [2978.2, 1300.0], [2978.05, 2317.0], [2978.0, 7761.0], [2977.95, 1655.0], [2977.8, 11448.0], [2977.75, 19999.0], [2977.7, 3170.0], [2977.65, 2075.0], [2977.6, 3000.0], [2977.55, 3170.0], [2977.5, 1287.0], [2977.45, 4139.0], [2977.35, 3173.0], [2977.3, 3000.0], [2977.25, 1002.0], [2977.2, 2648.0], [2977.15, 10.0], [2977.1, 3956.0]], "asks": [[2978.65, 47496.0], [2978.75, 3194.0], [2978.8, 5700.0], [2978.85, 5000.0], [2979.0, 5084.0], [2979.05, 4739.0], [2979.1, 12900.0], [2979.15, 1229.0], [2979.2, 3000.0], [2979.25, 1116.0], [2979.35, 3000.0], [2979.45, 2328.0], [2979.5, 6060.0], [2979.6, 1850.0], [2979.65, 4358.0], [2979.75, 3196.0], [2979.8, 3000.0], [2979.9, 1876.0], [2979.95, 6196.0], [2980.0, 90.0]]}}}
{"jsonrpc": "2.0", "method": "subscription", "params": {"channel": "book.ETH-PERPETUAL.none.20.100ms", "data": {"timestamp": 1767090074960, "change_id": 103207580720, "instrument_name": "ETH-PERPETUAL", "bids": [[2978.6, 216.0], [2978.3, 90.0], [2978.2, 1300.0], [2978.05, 2317.0], [2978.0, 7761.0], [2977.95, 1655.0], [2977.8, 11448.0], [2977.75, 19999.0], [2977.7, 3170.0], [2977.65, 2075.0], [2977.6, 3000.0], [2977.55, 3170.0], [2977.5, 1287.0], [2977.45, 4139.0], [2977.35, 3173.0], [2977.3, 3000.0], [2977.25, 1002.0], [2977.2, 18028.0], [2977.15, 10.0], [2977.1, 3956.0]], "asks": [[2978.65, 47496.0], [2978.75, 3194.0], [2978.8, 5700.0], [2978.85, 5000.0], [2979.0, 5084.0], [2979.05, 4739.0], [2979.1, 12900.0], [2979.15, 1229.0], [2979.2, 3000.0], [2979.25, 1116.0], [2979.35, 3000.0], [2979.45, 2328.0], [2979.5, 6060.0], [2979.6, 1850.0], [2979.65, 4358.0], [2979.75, 3196.0], [2979.8, 3000.0], [2979.9, 1876.0], [2979.95, 6196.0], [2980.0, 90.0]]}}}
{"jsonrpc": "2.0", "method": "subscription", "params": {"channel": "book.ETH-PERPETUAL.none.20.100ms", "data": {"timestamp": 1767090075247, "change_id": 103207581074, "instrument_name": "ETH-PERPETUAL", "bids": [[2978.6, 63.0], [2978.3, 90.0], [2978.2, 1300.0], [2978.05, 2317.0], [2978.0, 7761.0], [2977.95, 1655.0], [2977.8, 11448.0], [2977.75, 19999.0], [2977.7, 3170.0], [2977.65, 2075.0], [2977.6, 3000.0], [2977.55, 3170.0], [2977.5, 1287.0], [2977.45, 4139.0], [2977.35, 3173.0], [2977.3, 3000.0], [2977.25, 1002.0], [2977.2, 18028.0], [2977.15, 10.0], [2977.1, 3956.0]], "asks": [[2978.65, 47496.0], [2978.75, 3194.0], [2978.8, 5700.0], [2978.85, 5000.0], [2979.0, 5084.0], [2979.05, 4739.0], [2979.1, 12900.0], [2979.15, 1229.0], [2979.2, 3000.0], [2979.25, 1116.0], [2979.35, 3000.0], [2979.45, 2328.0], [2979.5, 6060.0], [2979.6, 1850.0], [2979.65, 4358.0], [2979.75, 3196.0], [2979.8, 3000.0], [2979.9, 1876.0], [2979.95, 6196.0], [2980.0, 90.0]]}}}
{"jsonrpc": "2.0", "method": "subscription", "params": {"channel": "book.ETH-PERPETUAL.none.20.100ms", "data": {"timestamp": 1767090075646, "change_id": 103207581537, "instrument_name": "ETH-PERPETUAL", "bids": [[2978.6, 63.0], [2978.3, 90.0], [2978.2, 1300.0], [2978.0, 3000.0], [2977.85, 2317.0], [2977.8, 14677.0], [2977.7, 19998.0], [2977.65, 2075.0], [2977.6, 3000.0], [2977.55, 3170.0], [2977.5, 1287.0], [2977.45, 4139.0], [2977.35, 3173.0], [2977.3, 3000.0], [2977.25, 1002.0], [2977.2, 18028.0], [2977.1, 3966.0], [2977.05, 40.0], [2977.0, 2977.0], [2976.95, 19992.0]], "asks": [[2978.65, 42796.0], [2978.75, 3194.0], [2978.8, 5700.0], [2978.85, 5000.0], [2979.0, 5084.0], [2979.05, 4739.0], [2979.1, 12900.0], [2979.15, 1229.0], [2979.2, 3000.0], [2979.25, 1116.0], [2979.35, 3000.0], [2979.45, 2328.0], [2979.5, 6060.0], [2979.6, 1850.0], [2979.65, 4358.0], [2979.75, 3196.0], [2979.8, 3000.0], [2979.9, 6945.0], [2979.95, 6196.0], [2980.0, 90.0]]}}}
{"jsonrpc": "2.0", "method": "subscription", "params": {"channel": "book.ETH-PERPETUAL.none.20.100ms", "data": {"timestamp": 1767090075978, "change_id": 103207581741, "instrument_name": "ETH-PERPETUAL", "bids": [[2978.6, 63.0], [2978.3, 90.0], [2978.2, 1300.0], [2978.0, 3000.0], [2977.85, 2317.0], [2977.8, 7761.0], [2977.75, 5970.0], [2977.7, 19999.0], [2977.65, 2075.0], [2977.6, 3000.0], [2977.55, 3170.0], [2977.5, 2809.0], [2977.45, 4139.0], [2977.35, 3173.0], [2977.3, 3000.0], [2977.25, 1002.0], [2977.2, 18028.0], [2977.1, 3183.0], [2977.05, 40.0], [2977.0, 2977.0]], "asks": [[2978.65, 42796.0], [2978.75, 3194.0], [2978.8, 5700.0], [2978.85, 5000.0], [2979.0, 5084.0], [2979.05, 4739.0], [2979.1, 12900.0], [2979.15, 1229.0], [2979.2, 3000.0], [2979.25, 1116.0], [2979.35, 3000.0], [2979.45, 2328.0], [2979.5, 6060.0], [2979.6, 1850.0], [2979.65, 4358.0], [2979.75, 3196.0], [2979.8, 3000.0], [2979.9, 6945.0], [2979.95, 6196.0], [2980.0, 90.0]]}}}
{"jsonrpc": "2.0", "method": "subscription", "params": {"channel": "book.ETH-PERPETUAL.none.20.100ms", "data": {"timestamp": 1767090076311, "change_id": 103207582280, "instrument_name": "ETH-PERPETUAL", "bids": [[2978.6, 63.0], [2978.3, 90.0], [2978.2, 1300.0], [2978.0, 3000.0], [2977.9, 7990.0], [2977.8, 7761.0], [2977.7, 19999.0], [2977.65, 2075.0], [2977.6, 3000.0], [2977.55, 3170.0], [2977.5, 2809.0], [2977.45, 4139.0], [2977.35, 3173.0], [2977.3, 3000.0], [2977.25, 1002.0], [2977.2, 2648.0], [2977.1, 3183.0], [2977.05, 40.0], [2977.0, 2977.0], [2976.95, 19992.0]], "asks": [[2978.65, 42796.0], [2978.75, 3194.0], [2978.8, 5700.0], [2978.85, 5000.0], [2979.0, 5084.0], [2979.05, 4739.0], [2979.1, 12900.0], [2979.15, 1229.0], [2979.2, 3000.0], [2979.25, 1116.0], [2979.35, 3000.0], [2979.45, 2328.0], [2979.5, 6060.0], [2979.6, 1850.0], [2979.65, 4358.0], [2979.75, 3196.0], [2979.8, 3000.0], [2979.9, 6945.0], [2979.95, 6196.0], [2980.0, 90.0]]}}}
{"jsonrpc": "2.0", "method": "subscription", "params": {"channel": "book.ETH-PERPETUAL.none.20.100ms", "data": {"timestamp": 1767090076634, "change_id": 103207582654, "instrument_name": "ETH-PERPETUAL", "bids": [[2978.6, 63.0], [2978.3, 90.0], [2978.2, 1300.0], [2978.0, 3000.0], [2977.9, 2317.0], [2977.85, 1139.0], [2977.8, 7761.0], [2977.75, 5970.0], [2977.7, 19999.0], [2977.65, 2075.0], [2977.6, 3000.0], [2977.55, 3170.0], [2977.5, 2809.0], [2977.45, 3000.0], [2977.35, 3173.0], [2977.3, 3000.0], [2977.25, 1002.0], [2977.2, 2648.0], [2977.1, 3183.0], [2977.05, 40.0]], "asks": [[2978.65, 55096.0], [2978.75, 3194.0], [2978.8, 5700.0], [2978.85, 5000.0], [2978.9, 1582.0], [2978.95, 5300.0], [2979.0, 1415.0], [2979.05, 4739.0], [2979.15, 1229.0], [2979.2, 3000.0], [2979.25, 1116.0], [2979.35, 3000.0], [2979.45, 2328.0], [2979.5, 6060.0], [2979.6, 1850.0], [2979.65, 4358.0], [2979.75, 3196.0], [2979.8, 3000.0], [2979.9, 12271.0], [2979.95, 6196.0]]}}}
{"jsonrpc": "2.0", "method": "subscription", "params": {"channel": "book.ETH-PERPETUAL.none.20.100ms", "data": {"timestamp": 1767090076968, "change_id": 103207582788, "instrument_name": "ETH-PERPETUAL", "bids": [[2978.6, 63.0], [2978.3, 90.0], [2978.2, 1300.0], [2978.0, 3000.0], [2977.9, 2317.0], [2977.85, 1139.0], [2977.8, 7761.0], [2977.75, 5970.0], [2977.7, 19999.0], [2977.65, 2075.0], [2977.6, 3000.0], [2977.55, 3170.0], [2977.5, 2809.0], [2977.45, 3000.0], [2977.35, 3173.0], [2977.3, 3000.0], [2977.25, 1002.0], [2977.2, 2648.0], [2977.1, 3183.0], [2977.05, 40.0]], "asks": [[2978.65, 55096.0], [2978.75, 3194.0], [2978.8, 5700.0], [2978.85, 5000.0], [2978.9, 1582.0], [2978.95, 5300.0], [2979.0, 1415.0], [2979.05, 4739.0], [2979.15, 1229.0], [2979.2, 3000.0], [2979.25, 1116.0], [2979.35, 3000.0], [2979.45, 2328.0], [2979.5, 6060.0], [2979.6, 1850.0], [2979.65, 4358.0], [2979.75, 3196.0], [2979.8, 3000.0], [2979.9, 12271.0], [2979.95, 6196.0]]}}}
{"jsonrpc": "2.0", "method": "subscription", "params": {"channel": "book.ETH-PERPETUAL.none.20.100ms", "data": {"timestamp": 1767090077301, "change_id": 103207583664, "instrument_name": "ETH-PERPETUAL", "bids": [[2978.3, 90.0], [2978.0, 5600.0], [2977.85, 1139.0], [2977.8, 3000.0], [2977.7, 19999.0], [2977.6, 3000.0], [2977.5, 3099.0], [2977.45, 4521.0], [2977.4, 4761.0], [2977.35, 5158.0], [2977.3, 3000.0], [2977.25, 1002.0], [2977.2, 2648.0], [2977.1, 3183.0], [2977.05, 1824.0], [2977.0, 5977.0], [2976.9, 8106.0], [2976.85, 3170.0], [2976.8, 19992.0], [2976.75, 5045.0]], "asks": [[2978.35, 62848.0], [2978.4, 5609.0], [2978.45, 23790.0], [2978.55, 1853.0], [2978.6, 1910.0], [2978.65, 6400.0], [2979.0, 1415.0], [2979.05, 4739.0], [2979.15, 1229.0], [2979.2, 4522.0], [2979.25, 1116.0], [2979.3, 1804.0], [2979.35, 3000.0], [2979.4, 3043.0], [2979.45, 2328.0], [2979.5, 6060.0], [2979.6, 1850.0], [2979.65, 4358.0], [2979.75, 3196.0], [2979.8, 14282.0]]}}}
{"jsonrpc": "2.0", "method": "subscription", "params": {"channel": "book.ETH-PERPETUAL.none.20.100ms", "data": {"timestamp": 1767090077622, "change_id": 103207584251, "instrument_name": "ETH-PERPETUAL", "bids": [[2978.3, 90.0], [2978.0, 5600.0], [2977.85, 10900.0], [2977.8, 3000.0], [2977.75, 5970.0], [2977.65, 19999.0], [2977.6, 3000.0], [2977.5, 3099.0], [2977.45, 4521.0], [2977.4, 4761.0], [2977.35, 5158.0], [2977.3, 3000.0], [2977.25, 1002.0], [2977.2, 4506.0], [2977.15, 3000.0], [2977.1, 3173.0], [2977.05, 1824.0], [2977.0, 5977.0], [2976.95, 10.0], [2976.9, 8106.0]], "asks": [[2978.35, 67848.0], [2978.4, 5609.0], [2978.45, 18790.0], [2978.55, 1853.0], [2978.6, 1910.0], [2978.65, 6300.0], [2978.75, 1116.0], [2978.9, 3000.0], [2979.0, 1415.0], [2979.05, 4739.0], [2979.15, 1229.0], [2979.2, 6040.0], [2979.3, 1804.0], [2979.35, 3000.0], [2979.4, 3043.0], [2979.5, 3000.0], [2979.6, 1850.0], [2979.65, 4358.0], [2979.75, 3196.0], [2979.8, 14282.0]]}}}
{"jsonrpc": "2.0", "method": "subscription", "params": {"channel": "book.ETH-PERPETUAL.none.20.100ms", "data": {"timestamp": 1767090077957, "change_id": 103207584450, "instrument_name": "ETH-PERPETUAL", "bids": [[2978.3, 90.0], [2978.0, 5600.0], [2977.9, 4149.0], [2977.85, 10900.0], [2977.8, 8970.0], [2977.7, 19999.0], [2977.65, 2317.0], [2977.6, 7761.0], [2977.5, 1287.0], [2977.45, 4521.0], [2977.35, 5158.0], [2977.3, 3000.0], [2977.25, 1002.0], [2977.2, 4506.0], [2977.15, 3000.0], [2977.1, 3173.0], [2977.05, 1824.0], [2977.0, 5977.0], [2976.95, 10.0], [2976.9, 6920.0]], "asks": [[2978.35, 67848.0], [2978.4, 5609.0], [2978.45, 18790.0], [2978.55, 1853.0], [2978.6, 1910.0], [2978.65, 6300.0], [2978.75, 1116.0], [2978.9, 3000.0], [2979.0, 1415.0], [2979.05, 4739.0], [2979.15, 1229.0], [2979.2, 6040.0], [2979.3, 1804.0], [2979.35, 3000.0], [2979.4, 3043.0], [2979.5, 3000.0], [2979.6, 1850.0], [2979.65, 4358.0], [2979.75, 3196.0], [2979.8, 14282.0]]}}}
{"jsonrpc": "2.0", "method": "subscription", "params": {"channel": "book.ETH-PERPETUAL.none.20.100ms", "data": {"timestamp": 1767090078247, "change_id": 103207584841, "instrument_name": "ETH-PERPETUAL", "bids": [[2978.3, 90.0], [2978.0, 5600.0], [2977.9, 4149.0], [2977.85, 10900.0], [2977.8, 8970.0], [2977.7, 19999.0], [2977.65, 2317.0], [2977.6, 7761.0], [2977.5, 1287.0], [2977.45, 4521.0], [2977.35, 5158.0], [2977.3, 3000.0], [2977.25, 1002.0], [2977.2, 4506.0], [2977.15, 3000.0], [2977.1, 3173.0], [2977.05, 1824.0], [2977.0, 5977.0], [2976.95, 10.0], [2976.9, 6920.0]], "asks": [[2978.35, 67848.0], [2978.4, 5609.0], [2978.45, 18790.0], [2978.55, 1853.0], [2978.6, 1910.0], [2978.65, 6300.0], [2978.75, 1116.0], [2978.9, 3000.0], [2979.0, 1415.0], [2979.05, 4739.0], [2979.15, 1229.0], [2979.2, 6040.0], [2979.3, 1804.0], [2979.35, 3000.0], [2979.4, 3043.0], [2979.5, 3000.0], [2979.6, 1850.0], [2979.65, 4358.0], [2979.75, 3196.0], [2979.8, 14282.0]]}}}
{"jsonrpc": "2.0", "method": "subscription", "params": {"channel": "book.ETH-PERPETUAL.none.20.100ms", "data": {"timestamp": 1767090078588, "change_id": 103207585215, "instrument_name": "ETH-PERPETUAL", "bids": [[2978.3, 90.0], [2978.0, 5600.0], [2977.9, 4149.0], [2977.85, 10900.0], [2977.8, 8970.0], [2977.7, 19999.0], [2977.65, 2317.0], [2977.6, 7761.0], [2977.5, 1287.0], [2977.45, 4521.0], [2977.35, 5158.0], [2977.3, 3000.0], [2977.25, 1002.0], [2977.2, 4506.0], [2977.15, 3000.0], [2977.1, 3173.0], [2977.05, 1824.0], [2977.0, 5977.0], [2976.9, 6920.0], [2976.85, 3170.0]], "asks": [[2978.35, 69487.0], [2978.4, 5609.0], [2978.45, 18790.0], [2978.55, 1853.0], [2978.6, 1421.0], [2978.65, 4761.0], [2978.75, 1116.0], [2978.9, 3000.0], [2979.0, 1415.0], [2979.05, 4739.0], [2979.15, 1229.0], [2979.2, 6040.0], [2979.3, 1804.0], [2979.35, 3000.0], [2979.4, 3043.0], [2979.5, 3000.0], [2979.6, 1850.0], [2979.65, 4358.0], [2979.75, 3196.0], [2979.8, 14282.0]]}}}
{"jsonrpc": "2.0", "method": "subscription", "params": {"channel": "book.ETH-PERPETUAL.none.20.100ms", "data": {"timestamp": 1767090078836, "change_id": 103207585377, "instrument_name": "ETH-PERPETUAL", "bids": [[2978.3, 90.0], [2978.0, 5600.0], [2977.9, 4149.0], [2977.85, 10900.0], [2977.8, 8970.0], [2977.7, 19999.0], [2977.65, 2317.0], [2977.6, 7761.0], [2977.5, 1287.0], [2977.45, 4521.0], [2977.35, 5158.0], [2977.3, 3000.0], [2977.25, 1002.0], [2977.2, 4506.0], [2977.15, 3000.0], [2977.1, 3173.0], [2977.05, 1824.0], [2977.0, 5977.0], [2976.9, 6920.0], [2976.85, 3170.0]], "asks": [[2978.35, 69487.0], [2978.4, 5609.0], [2978.45, 18790.0], [2978.6, 1421.0], [2978.65, 4761.0], [2978.75, 1116.0], [2978.9, 3000.0], [2979.0, 1415.0], [2979.05, 4739.0], [2979.15, 1229.0], [2979.2, 6040.0], [2979.3, 1804.0], [2979.35, 3000.0], [2979.4, 3043.0], [2979.5, 3000.0], [2979.6, 1850.0], [2979.65, 4358.0], [2979.7, 10.0], [2979.75, 3196.0], [2979.8, 14282.0]]}}}
{"jsonrpc": "2.0", "method": "subscription", "params": {"channel": "book.ETH-PERPETUAL.none.20.100ms", "data": {"timestamp": 1767090079249, "change_id": 103207585764, "instrument_name": "ETH-PERPETUAL", "bids": [[2978.3, 90.0], [2978.0, 5600.0], [2977.9, 4149.0], [2977.85, 10900.0], [2977.8, 8970.0], [2977.7, 19999.0], [2977.65, 2317.0], [2977.6, 7761.0], [2977.5, 1287.0], [2977.45, 4521.0], [2977.35, 5158.0], [2977.3, 3000.0], [2977.25, 1002.0], [2977.2, 4506.0], [2977.15, 3000.0], [2977.1, 3173.0], [2977.05, 1824.0], [2977.0, 5982.0], [2976.9, 6920.0], [2976.85, 3170.0]], "asks": [[2978.35, 69487.0], [2978.4, 5609.0], [2978.45, 18790.0], [2978.6, 1421.0], [2978.65, 4761.0], [2978.75, 1116.0], [2978.9, 3000.0], [2979.0, 1415.0], [2979.05, 4739.0], [2979.15, 1229.0], [2979.2, 6040.0], [2979.3, 1804.0], [2979.35, 3000.0], [2979.4, 3043.0], [2979.5, 3000.0], [2979.6, 1850.0], [2979.65, 4358.0], [2979.7, 10.0], [2979.75, 3196.0], [2979.8, 14282.0]]}}}
{"jsonrpc": "2.0", "method": "subscription", "params": {"channel": "book.ETH-PERPETUAL.none.20.100ms", "data": {"timestamp": 1767090079614, "change_id": 103207586613, "instrument_name": "ETH-PERPETUAL", "bids": [[2978.3, 11690.0], [2978.25, 10068.0], [2978.2, 12700.0], [2978.15, 23000.0], [2978.05, 2317.0], [2978.0, 7761.0], [2977.8, 3000.0], [2977.6, 3000.0], [2977.5, 1287.0], [2977.45, 4521.0], [2977.35, 5158.0], [2977.3, 3005.0], [2977.25, 1002.0], [2977.2, 10233.0], [2977.15, 3000.0], [2977.1, 23165.0], [2977.05, 6432.0], [2977.0, 2977.0], [2976.95, 15436.0], [2976.9, 1092.0]], "asks": [[2978.35, 1944.0], [2978.65, 25000.0], [2978.75, 5877.0], [2979.05, 5.0], [2979.15, 1229.0], [2979.2, 6040.0], [2979.25, 5000.0], [2979.3, 1804.0], [2979.35, 3000.0], [2979.4, 3043.0], [2979.5, 3000.0], [2979.6, 1850.0], [2979.65, 3000.0], [2979.7, 10.0], [2979.75, 3196.0], [2979.8, 3000.0], [2979.9, 1906.0], [2979.95, 6296.0], [2980.0, 90.0], [2980.05, 17785.0]]}}}
{"jsonrpc": "2.0", "method": "subscription", "params": {"channel": "book.ETH-PERPETUAL.none.20.100ms", "data": {"timestamp": 1767090079922, "change_id": 103207586903, "instrument_name": "ETH-PERPETUAL", "bids": [[2978.3, 32125.0], [2978.2, 17461.0], [2978.15, 3000.0], [2978.0, 3000.0], [2977.9, 1195.0], [2977.85, 1002.0], [2977.8, 6066.0], [2977.75, 10273.0], [2977.6, 3005.0], [2977.5, 1287.0], [2977.45, 4521.0], [2977.35, 5158.0], [2977.3, 3000.0], [2977.2, 10233.0], [2977.15, 3000.0], [2977.1, 3173.0], [2977.05, 26424.0], [2977.0, 2977.0], [2976.95, 15436.0], [2976.9, 1092.0]], "asks": [[2978.35, 1639.0], [2978.65, 25000.0], [2978.75, 1116.0], [2979.05, 5.0], [2979.15, 3138.0], [2979.2, 6040.0], [2979.25, 5000.0], [2979.3, 1804.0], [2979.35, 3000.0], [2979.4, 3043.0], [2979.5, 3000.0], [2979.6, 1850.0], [2979.65, 3000.0], [2979.7, 10.0], [2979.75, 3196.0], [2979.8, 3000.0], [2979.9, 1906.0], [2979.95, 6296.0], [2980.0, 90.0], [2980.1, 3193.0]]}}}
{"jsonrpc": "2.0", "method": "subscription", "params": {"channel": "book.ETH-PERPETUAL.none.20.100ms", "data": {"timestamp": 1767090080248, "change_id": 103207587348, "instrument_name": "ETH-PERPETUAL", "bids": [[2978.3, 31809.0], [2978.25, 6108.0], [2978.2, 17461.0], [2978.15, 3000.0], [2978.0, 3000.0], [2977.9, 1195.0], [2977.85, 1002.0], [2977.8, 6066.0], [2977.75, 10273.0], [2977.6, 3005.0], [2977.5, 1287.0], [2977.45, 4521.0], [2977.35, 5158.0], [2977.3, 3000.0], [2977.2, 10233.0], [2977.15, 3000.0], [2977.1, 3173.0], [2977.05, 26424.0], [2977.0, 2977.0], [2976.95, 15436.0]], "asks": [[2978.35, 1639.0], [2978.65, 25000.0], [2978.75, 1421.0], [2978.8, 4761.0], [2979.05, 5.0], [2979.15, 3138.0], [2979.2, 6040.0], [2979.25, 5000.0], [2979.3, 1804.0], [2979.35, 3000.0], [2979.4, 3043.0], [2979.5, 3000.0], [2979.6, 1850.0], [2979.65, 3000.0], [2979.7, 10.0], [2979.75, 4578.0], [2979.8, 4630.0], [2979.9, 6971.0], [2979.95, 6296.0], [2980.0, 90.0]]}}}
{"jsonrpc": "2.0", "method": "subscription", "params": {"channel": "book.ETH-PERPETUAL.none.20.100ms", "data": {"timestamp": 1767090080602, "change_id": 103207587763, "instrument_name": "ETH-PERPETUAL", "bids": [[2978.3, 13123.0], [2978.25, 29803.0], [2978.2, 17461.0], [2978.15, 18000.0], [2978.0, 3000.0], [2977.9, 1195.0], [2977.8, 6066.0], [2977.75, 10273.0], [2977.6, 3005.0], [2977.5, 1287.0], [2977.45, 4521.0], [2977.35, 5158.0], [2977.3, 3000.0], [2977.2, 10233.0], [2977.15, 3000.0], [2977.1, 3173.0], [2977.05, 26424.0], [2977.0, 2977.0], [2976.95, 15436.0], [2976.9, 1092.0]], "asks": [[2978.35, 13916.0], [2978.45, 5000.0], [2978.65, 25000.0], [2978.75, 1421.0], [2978.8, 4761.0], [2978.95, 1493.0], [2979.0, 5000.0], [2979.05, 5.0], [2979.15, 2345.0], [2979.2, 6040.0], [2979.3, 1804.0], [2979.35, 3000.0], [2979.4, 3043.0], [2979.5, 3000.0], [2979.6, 1850.0], [2979.65, 3010.0], [2979.75, 4578.0], [2979.8, 4630.0], [2979.9, 6971.0], [2979.95, 6296.0]]}}}
