{"jsonrpc": "2.0", "id": 1, "result": ["book.ETH-PERPETUAL.none.20.100ms"], "usIn": 1758103761728750, "usOut": 1758103761728914, "usDiff": 164, "testnet": false}
{"jsonrpc": "2.0", "method": "subscription", "params": {"channel": "book.ETH-PERPETUAL.none.20.100ms", "data": {"timestamp": 1758103761685, "change_id": 86850756574, "instrument_name": "ETH-PERPETUAL", "bids": [[4500.5, 41348.0], [4500.45, 3225.0], [4500.15, 6454.0], [4500.05, 21463.0], [4500.0, 50.0], [4499.8, 1405.0], [4499.75, 4653.0], [4499.65, 30.0], [4499.6, 21781.0], [4499.5, 16500.0], [4499.45, 31046.0], [4499.4, 19994.0], [4499.35, 16417.0], [4499.25, 21683.0], [4499.2, 25000.0], [4499.0, 119461.0], [4498.9, 2593.0], [4498.85, 914.0], [4498.8, 33425.0], [4498.75, 10856.0]], "asks": [[4500.55, 118267.0], [4500.6, 188677.0], [4500.85, 11912.0], [4500.9, 10007.0], [4500.95, 29700.0], [4501.0, 39246.0], [4501.05, 100800.0], [4501.4, 2507.0], [4501.45, 18539.0], [4501.5, 38673.0], [4501.55, 27500.0], [4501.85, 5133.0], [4501.9, 10839.0], [4502.0, 2621.0], [4502.05, 1588.0], [4502.15, 18804.0], [4502.2, 67374.0], [4502.25, 10876.0], [4502.35, 956.0], [4502.4, 11567.0]]}}}
{"jsonrpc": "2.0", "method": "subscription", "params": {"channel": "book.ETH-PERPETUAL.none.20.100ms", "data": {"timestamp": 1758103761988, "change_id": 86850756959, "instrument_name": "ETH-PERPETUAL", "bids": [[4500.5, 41348.0], [4500.45, 3225.0], [4500.15, 6454.0], [4500.05, 21463.0], [4500.0, 50.0], [4499.8, 1405.0], [4499.75, 4653.0], [4499.65, 30.0], [4499.6, 21781.0], [4499.5, 36494.0], [4499.45, 31046.0], [4499.4, 14972.0], [4499.35, 28225.0], [4499.25, 21683.0], [4499.05, 35523.0], [4499.0, 119461.0], [4498.9, 2593.0], [4498.85, 914.0], [4498.8, 33425.0], [4498.75, 10856.0]], "asks": [[4500.55, 118267.0], [4500.6, 188677.0], [4500.7, 5000.0], [4500.85, 11912.0], [4500.9, 10007.0], [4500.95, 29700.0], [4501.0, 39246.0], [4501.05, 100800.0], [4501.4, 2507.0], [4501.45, 18539.0], [4501.5, 38673.0], [4501.55, 27500.0], [4501.85, 5133.0], [4501.9, 10839.0], [4502.0, 2621.0], [4502.05, 1588.0], [4502.15, 18804.0], [4502.2, 67374.0], [4502.25, 10876.0], [4502.35, 956.0]]}}}
{"jsonrpc": "2.0", "method": "subscription", "params": {"channel": "book.ETH-PERPETUAL.none.20.100ms", "data": {"timestamp": 1758103762358, "change_id": 86850757475, "instrument_name": "ETH-PERPETUAL", "bids": [[4500.5, 41348.0], [4500.45, 3225.0], [4500.15, 6454.0], [4500.05, 21463.0], [4500.0, 50.0], [4499.8, 1405.0], [4499.75, 4653.0], [4499.65, 30.0], [4499.6, 14248.0], [4499.5, 36494.0], [4499.45, 31046.0], [4499.4, 14972.0], [4499.35, 28225.0], [4499.25, 21683.0], [4499.05, 35523.0], [4499.0, 119461.0], [4498.9, 2593.0], [4498.85, 914.0], [4498.8, 33425.0], [4498.75, 10856.0]], "asks": [[4500.55, 118267.0], [4500.6, 188677.0], [4500.7, 5000.0], [4500.85, 11912.0], [4500.9, 10007.0], [4500.95, 29700.0], [4501.0, 39246.0], [4501.05, 100800.0], [4501.4, 2507.0], [4501.45, 18539.0], [4501.5, 38673.0], [4501.55, 27500.0], [4501.85, 5133.0], [4501.9, 10839.0], [4502.0, 2621.0], [4502.05, 1588.0], [4502.15, 18804.0], [4502.2, 67374.0], [4502.25, 10876.0], [4502.35, 956.0]]}}}
{"jsonrpc": "2.0", "method": "subscription", "params": {"channel": "book.ETH-PERPETUAL.none.20.100ms", "data": {"timestamp": 1758103762688, "change_id": 86850757765, "instrument_name": "ETH-PERPETUAL", "bids": [[4500.5, 41348.0], [4500.45, 3225.0], [4500.15, 6454.0], [4500.05, 21463.0], [4500.0, 50.0], [4499.8, 1405.0], [4499.75, 4653.0], [4499.65, 30.0], [4499.6, 14248.0], [4499.5, 36494.0], [4499.45, 31046.0], [4499.4, 14972.0], [4499.35, 28225.0], [4499.25, 21683.0], [4499.05, 35523.0], [4499.0, 119461.0], [4498.9, 2593.0], [4498.85, 914.0], [4498.8, 33425.0], [4498.75, 10856.0]], "asks": [[4500.55, 118267.0], [4500.6, 188677.0], [4500.7, 5000.0], [4500.85, 11912.0], [4500.9, 10007.0], [4500.95, 29700.0], [4501.0, 39246.0], [4501.05, 100800.0], [4501.4, 2507.0], [4501.45, 10504.0], [4501.5, 7613.0], [4501.55, 27500.0], [4501.85, 5133.0], [4501.9, 10839.0], [4502.0, 2621.0], [4502.05, 1588.0], [4502.15, 18804.0], [4502.2, 67374.0], [4502.25, 10876.0], [4502.35, 956.0]]}}}
{"jsonrpc": "2.0", "method": "subscription", "params": {"channel": "book.ETH-PERPETUAL.none.20.100ms", "data": {"timestamp": 1758103762962, "change_id": 86850758012, "instrument_name": "ETH-PERPETUAL", "bids": [[4500.5, 41348.0], [4500.45, 3225.0], [4500.15, 10297.0], [4500.1, 15500.0], [4500.05, 21463.0], [4500.0, 50.0], [4499.8, 1405.0], [4499.75, 4653.0], [4499.65, 30.0], [4499.6, 14248.0], [4499.5, 36494.0], [4499.45, 31046.0], [4499.4, 14972.0], [4499.35, 28225.0], [4499.25, 21683.0], [4499.05, 35523.0], [4499.0, 119461.0], [4498.9, 2593.0], [4498.85, 914.0], [4498.8, 33425.0]], "asks": [[4500.55, 118267.0], [4500.6, 188677.0], [4500.7, 5000.0], [4500.85, 11912.0], [4500.9, 10007.0], [4500.95, 29700.0], [4501.0, 39246.0], [4501.05, 100800.0], [4501.4, 2507.0], [4501.45, 10504.0], [4501.5, 7613.0], [4501.55, 27500.0], [4501.85, 5133.0], [4501.9, 10839.0], [4502.0, 2621.0], [4502.05, 1588.0], [4502.15, 18804.0], [4502.2, 67374.0], [4502.25, 10876.0], [4502.35, 956.0]]}}}
{"jsonrpc": "2.0", "method": "subscription", "params": {"channel": "book.ETH-PERPETUAL.none.20.100ms", "data": {"timestamp": 1758103763359, "change_id": 86850758618, "instrument_name": "ETH-PERPETUAL", "bids": [[4500.5, 41348.0], [4500.45, 3225.0], [4500.05, 21463.0], [4500.0, 50.0], [4499.6, 14148.0], [4499.45, 31046.0], [4499.4, 34966.0], [4499.35, 28225.0], [4499.25, 21695.0], [4499.15, 30.0], [4499.0, 5121.0], [4498.95, 14000.0], [4498.9, 97959.0], [4498.85, 914.0], [4498.8, 33425.0], [4498.75, 10856.0], [4498.65, 1119.0], [4498.6, 100800.0], [4498.55, 3257.0], [4498.5, 10856.0]], "asks": [[4500.55, 126029.0], [4500.6, 188677.0], [4500.85, 11912.0], [4500.9, 10007.0], [4500.95, 29700.0], [4501.0, 39246.0], [4501.05, 100800.0], [4501.15, 31057.0], [4501.4, 2507.0], [4501.45, 10504.0], [4501.5, 7613.0], [4501.55, 27500.0], [4501.85, 5133.0], [4501.9, 10839.0], [4502.0, 2621.0], [4502.05, 1588.0], [4502.15, 18804.0], [4502.2, 67374.0], [4502.25, 10876.0], [4502.35, 956.0]]}}}
{"jsonrpc": "2.0", "method": "subscription", "params": {"channel": "book.ETH-PERPETUAL.none.20.100ms", "data": {"timestamp": 1758103763682, "change_id": 86850758954, "instrument_name": "ETH-PERPETUAL", "bids": [[4500.5, 41348.0], [4500.45, 3225.0], [4500.1, 6454.0], [4500.05, 21463.0], [4500.0, 50.0], [4499.65, 1396.0], [4499.6, 18801.0], [4499.5, 19995.0], [4499.45, 31046.0], [4499.4, 15002.0], [4499.35, 28225.0], [4499.3, 14000.0], [4499.25, 21695.0], [4499.0, 5121.0], [4498.9, 97959.0], [4498.85, 914.0], [4498.8, 33425.0], [4498.75, 10856.0], [4498.65, 1119.0], [4498.6, 100800.0]], "asks": [[4500.55, 126029.0], [4500.6, 188677.0], [4500.85, 11912.0], [4500.9, 10007.0], [4500.95, 29700.0], [4501.0, 39246.0], [4501.05, 100800.0], [4501.15, 31057.0], [4501.4, 2507.0], [4501.45, 10504.0], [4501.5, 7613.0], [4501.55, 27500.0], [4501.85, 5133.0], [4501.9, 10839.0], [4502.0, 2621.0], [4502.05, 1588.0], [4502.15, 2748.0], [4502.2, 65315.0], [4502.25, 10876.0], [4502.35, 956.0]]}}}
{"jsonrpc": "2.0", "method": "subscription", "params": {"channel": "book.ETH-PERPETUAL.none.20.100ms", "data": {"timestamp": 1758103763987, "change_id": 86850759304, "instrument_name": "ETH-PERPETUAL", "bids": [[4500.5, 41348.0], [4500.45, 3225.0], [4500.15, 6454.0], [4500.05, 21463.0], [4500.0, 50.0], [4499.65, 1426.0], [4499.6, 18801.0], [4499.5, 19995.0], [4499.45, 31046.0], [4499.4, 14972.0], [4499.35, 28225.0], [4499.3, 14000.0], [4499.25, 21695.0], [4499.0, 5121.0], [4498.9, 97959.0], [4498.85, 914.0], [4498.8, 33425.0], [4498.75, 10856.0], [4498.65, 1119.0], [4498.6, 100800.0]], "asks": [[4500.55, 126029.0], [4500.6, 188677.0], [4500.85, 11912.0], [4500.9, 10007.0], [4500.95, 29700.0], [4501.0, 39246.0], [4501.05, 100800.0], [4501.15, 31057.0], [4501.4, 2507.0], [4501.45, 10504.0], [4501.5, 7613.0], [4501.55, 27500.0], [4501.85, 5133.0], [4501.9, 10839.0], [4502.0, 2621.0], [4502.05, 1588.0], [4502.15, 18186.0], [4502.2, 65315.0], [4502.25, 10876.0], [4502.35, 956.0]]}}}
{"jsonrpc": "2.0", "method": "subscription", "params": {"channel": "book.ETH-PERPETUAL.none.20.100ms", "data": {"timestamp": 1758103764303, "change_id": 86850759815, "instrument_name": "ETH-PERPETUAL", "bids": [[4500.5, 41348.0], [4500.45, 3225.0], [4500.15, 6454.0], [4500.05, 21463.0], [4500.0, 50.0], [4499.65, 1426.0], [4499.6, 18801.0], [4499.45, 51040.0], [4499.4, 14972.0], [4499.35, 28225.0], [4499.3, 14000.0], [4499.25, 21695.0], [4499.0, 5121.0], [4498.9, 97959.0], [4498.85, 914.0], [4498.8, 33425.0], [4498.75, 10856.0], [4498.65, 1119.0], [4498.6, 100800.0], [4498.55, 3257.0]], "asks": [[4500.55, 126029.0], [4500.6, 188677.0], [4500.85, 11912.0], [4500.9, 10007.0], [4500.95, 29700.0], [4501.0, 39246.0], [4501.05, 100800.0], [4501.15, 31057.0], [4501.4, 2507.0], [4501.45, 10504.0], [4501.5, 7613.0], [4501.55, 27500.0], [4501.85, 5133.0], [4501.9, 10839.0], [4502.0, 2621.0], [4502.05, 1588.0], [4502.15, 18186.0], [4502.2, 65315.0], [4502.25, 10876.0], [4502.35, 956.0]]}}}
{"jsonrpc": "2.0", "method": "subscription", "params": {"channel": "book.ETH-PERPETUAL.none.20.100ms", "data": {"timestamp": 1758103764634, "change_id": 86850760021, "instrument_name": "ETH-PERPETUAL", "bids": [[4500.5, 41348.0], [4500.45, 3225.0], [4500.15, 6454.0], [4500.05, 21463.0], [4500.0, 50.0], [4499.65, 1426.0], [4499.6, 18801.0], [4499.45, 51040.0], [4499.4, 14972.0], [4499.35, 28225.0], [4499.3, 14000.0], [4499.25, 21695.0], [4499.0, 5121.0], [4498.9, 97959.0], [4498.85, 914.0], [4498.8, 33425.0], [4498.75, 10856.0], [4498.65, 1119.0], [4498.6, 100800.0], [4498.55, 3257.0]], "asks": [[4500.55, 126029.0], [4500.6, 188677.0], [4500.7, 5000.0], [4500.85, 11912.0], [4500.9, 10007.0], [4500.95, 29700.0], [4501.0, 39246.0], [4501.05, 100800.0], [4501.15, 31057.0], [4501.4, 2507.0], [4501.45, 10504.0], [4501.5, 7613.0], [4501.55, 27500.0], [4501.85, 5133.0], [4501.9, 10839.0], [4502.0, 2621.0], [4502.05, 1588.0], [4502.15, 18186.0], [4502.2, 65315.0], [4502.25, 10876.0]]}}}
{"jsonrpc": "2.0", "method": "subscription", "params": {"channel": "book.ETH-PERPETUAL.none.20.100ms", "data": {"timestamp": 1758103764968, "change_id": 86850760339, "instrument_name": "ETH-PERPETUAL", "bids": [[4500.5, 41348.0], [4500.45, 3225.0], [4500.15, 9067.0], [4500.1, 11400.0], [4500.05, 21463.0], [4500.0, 50.0], [4499.65, 1426.0], [4499.6, 18801.0], [4499.45, 51040.0], [4499.4, 14972.0], [4499.35, 28225.0], [4499.3, 14000.0], [4499.25, 21695.0], [4499.0, 5121.0], [4498.9, 97959.0], [4498.85, 914.0], [4498.8, 33425.0], [4498.75, 10856.0], [4498.65, 1119.0], [4498.6, 100800.0]], "asks": [[4500.55, 126029.0], [4500.6, 188677.0], [4500.7, 5000.0], [4500.85, 11912.0], [4500.9, 10007.0], [4500.95, 29700.0], [4501.0, 39246.0], [4501.05, 100800.0], [4501.15, 31057.0], [4501.4, 2507.0], [4501.45, 10504.0], [4501.5, 7613.0], [4501.55, 27500.0], [4501.85, 5133.0], [4501.9, 10839.0], [4502.0, 2621.0], [4502.05, 1588.0], [4502.15, 18186.0], [4502.2, 65315.0], [4502.25, 10876.0]]}}}
{"jsonrpc": "2.0", "method": "subscription", "params": {"channel": "book.ETH-PERPETUAL.none.20.100ms", "data": {"timestamp": 1758103765343, "change_id": 86850760753, "instrument_name": "ETH-PERPETUAL", "bids": [[4500.5, 41348.0], [4500.45, 3225.0], [4500.05, 21463.0], [4500.0, 50.0], [4499.65, 1426.0], [4499.6, 18801.0], [4499.45, 51040.0], [4499.4, 14972.0], [4499.35, 28225.0], [4499.3, 14000.0], [4499.25, 21695.0], [4499.0, 29022.0], [4498.9, 97959.0], [4498.85, 914.0], [4498.8, 33425.0], [4498.75, 10856.0], [4498.65, 1119.0], [4498.6, 100800.0], [4498.55, 3257.0], [4498.5, 10856.0]], "asks": [[4500.55, 126029.0], [4500.6, 188677.0], [4500.7, 5000.0], [4500.85, 11912.0], [4500.9, 10007.0], [4500.95, 29700.0], [4501.0, 39246.0], [4501.05, 100800.0], [4501.15, 31057.0], [4501.4, 2507.0], [4501.45, 10504.0], [4501.5, 7613.0], [4501.55, 27500.0], [4501.85, 5133.0], [4501.9, 10839.0], [4502.0, 2621.0], [4502.05, 1588.0], [4502.15, 2748.0], [4502.2, 12710.0], [4502.25, 10876.0]]}}}
{"jsonrpc": "2.0", "method": "subscription", "params": {"channel": "book.ETH-PERPETUAL.none.20.100ms", "data": {"timestamp": 1758103765667, "change_id": 86850760967, "instrument_name": "ETH-PERPETUAL", "bids": [[4500.5, 41348.0], [4500.45, 3225.0], [4500.1, 6454.0], [4500.05, 21463.0], [4500.0, 50.0], [4499.65, 1426.0], [4499.6, 18801.0], [4499.45, 51040.0], [4499.4, 14972.0], [4499.35, 28225.0], [4499.3, 14000.0], [4499.25, 21695.0], [4499.0, 29022.0], [4498.9, 97959.0], [4498.85, 914.0], [4498.8, 33425.0], [4498.75, 10856.0], [4498.65, 1119.0], [4498.6, 100800.0], [4498.55, 3257.0]], "asks": [[4500.55, 126029.0], [4500.6, 188677.0], [4500.7, 5000.0], [4500.85, 11912.0], [4500.9, 10007.0], [4500.95, 29700.0], [4501.0, 39246.0], [4501.05, 100800.0], [4501.15, 31057.0], [4501.4, 2507.0], [4501.45, 10504.0], [4501.5, 7613.0], [4501.55, 27500.0], [4501.85, 5133.0], [4501.9, 10839.0], [4502.0, 2621.0], [4502.05, 1588.0], [4502.1, 54817.0], [4502.15, 2748.0], [4502.2, 12710.0]]}}}
{"jsonrpc": "2.0", "method": "subscription", "params": {"channel": "book.ETH-PERPETUAL.none.20.100ms", "data": {"timestamp": 1758103766000, "change_id": 86850761382, "instrument_name": "ETH-PERPETUAL", "bids": [[4500.5, 41348.0], [4500.45, 3225.0], [4500.1, 6454.0], [4500.05, 21463.0], [4500.0, 50.0], [4499.65, 1426.0], [4499.6, 9487.0], [4499.45, 19994.0], [4499.4, 14972.0], [4499.35, 28225.0], [4499.3, 14000.0], [4499.25, 21695.0], [4499.0, 29022.0], [4498.9, 97959.0], [4498.85, 914.0], [4498.8, 33425.0], [4498.75, 10856.0], [4498.65, 1119.0], [4498.6, 100800.0], [4498.55, 3257.0]], "asks": [[4500.55, 126029.0], [4500.6, 188677.0], [4500.7, 5000.0], [4500.85, 11912.0], [4500.9, 10007.0], [4500.95, 29700.0], [4501.0, 39246.0], [4501.05, 100800.0], [4501.15, 31057.0], [4501.4, 2507.0], [4501.45, 10504.0], [4501.5, 7613.0], [4501.55, 27500.0], [4501.85, 5133.0], [4501.9, 10839.0], [4502.0, 2621.0], [4502.05, 1588.0], [4502.1, 54817.0], [4502.15, 2748.0], [4502.2, 12710.0]]}}}
{"jsonrpc": "2.0", "method": "subscription", "params": {"channel": "book.ETH-PERPETUAL.none.20.100ms", "data": {"timestamp": 1758103766259, "change_id": 86850761747, "instrument_name": "ETH-PERPETUAL", "bids": [[4500.5, 41348.0], [4500.45, 3225.0], [4500.1, 6454.0], [4500.05, 21463.0], [4500.0, 50.0], [4499.9, 9314.0], [4499.85, 31048.0], [4499.65, 1426.0], [4499.6, 9487.0], [4499.45, 19994.0], [4499.4, 14972.0], [4499.35, 28225.0], [4499.3, 14000.0], [4499.25, 21695.0], [4499.0, 29022.0], [4498.9, 97959.0], [4498.85, 914.0], [4498.8, 33425.0], [4498.75, 10856.0], [4498.65, 1119.0]], "asks": [[4500.55, 126029.0], [4500.6, 188677.0], [4500.7, 5000.0], [4500.85, 11912.0], [4500.9, 10007.0], [4500.95, 29700.0], [4501.0, 39246.0], [4501.05, 100800.0], [4501.15, 31057.0], [4501.4, 2507.0], [4501.45, 10504.0], [4501.5, 7613.0], [4501.55, 27500.0], [4501.85, 5133.0], [4501.9, 10839.0], [4502.0, 2621.0], [4502.05, 1588.0], [4502.1, 54817.0], [4502.15, 2748.0], [4502.2, 12710.0]]}}}
{"jsonrpc": "2.0", "method": "subscription", "params": {"channel": "book.ETH-PERPETUAL.none.20.100ms", "data": {"timestamp": 1758103766635, "change_id": 86850762109, "instrument_name": "ETH-PERPETUAL", "bids": [[4500.5, 41348.0], [4500.45, 3225.0], [4500.1, 6454.0], [4500.05, 21463.0], [4500.0, 50.0], [4499.9, 9314.0], [4499.85, 31048.0], [4499.65, 1426.0], [4499.6, 9487.0], [4499.45, 19994.0], [4499.4, 14972.0], [4499.35, 28225.0], [4499.3, 14000.0], [4499.25, 21695.0], [4499.0, 29022.0], [4498.9, 97959.0], [4498.85, 914.0], [4498.8, 33425.0], [4498.75, 10856.0], [4498.65, 1119.0]], "asks": [[4500.55, 126059.0], [4500.6, 188677.0], [4500.7, 5000.0], [4500.85, 11912.0], [4500.9, 10007.0], [4500.95, 29700.0], [4501.0, 39246.0], [4501.05, 100800.0], [4501.15, 31057.0], [4501.4, 2507.0], [4501.45, 10504.0], [4501.5, 7613.0], [4501.55, 27500.0], [4501.85, 5133.0], [4501.9, 10839.0], [4502.0, 2621.0], [4502.05, 20781.0], [4502.1, 54817.0], [4502.2, 12710.0], [4502.25, 10876.0]]}}}
{"jsonrpc": "2.0", "method": "subscription", "params": {"channel": "book.ETH-PERPETUAL.none.20.100ms", "data": {"timestamp": 1758103766968, "change_id": 86850762436, "instrument_name": "ETH-PERPETUAL", "bids": [[4500.5, 41348.0], [4500.45, 3225.0], [4500.15, 6454.0], [4500.05, 21463.0], [4500.0, 50.0], [4499.9, 9314.0], [4499.85, 31048.0], [4499.65, 1426.0], [4499.6, 9487.0], [4499.45, 19994.0], [4499.4, 14972.0], [4499.35, 28225.0], [4499.3, 14000.0], [4499.25, 21695.0], [4499.0, 29022.0], [4498.9, 97959.0], [4498.85, 914.0], [4498.8, 33425.0], [4498.75, 10856.0], [4498.65, 1119.0]], "asks": [[4500.55, 126059.0], [4500.6, 188677.0], [4500.7, 5000.0], [4500.85, 11912.0], [4500.9, 10007.0], [4500.95, 29700.0], [4501.0, 39246.0], [4501.05, 100800.0], [4501.15, 31057.0], [4501.4, 2507.0], [4501.45, 10504.0], [4501.5, 7613.0], [4501.55, 27500.0], [4501.85, 5133.0], [4501.9, 10839.0], [4502.0, 2621.0], [4502.05, 20781.0], [4502.1, 54817.0], [4502.2, 12710.0], [4502.25, 10876.0]]}}}
{"jsonrpc": "2.0", "method": "subscription", "params": {"channel": "book.ETH-PERPETUAL.none.20.100ms", "data": {"timestamp": 1758103767161, "change_id": 86850762579, "instrument_name": "ETH-PERPETUAL", "bids": [[4500.5, 40948.0], [4500.45, 3625.0], [4500.15, 6454.0], [4500.05, 21463.0], [4500.0, 50.0], [4499.65, 1426.0], [4499.6, 9487.0], [4499.45, 19995.0], [4499.4, 14972.0], [4499.35, 28225.0], [4499.3, 14000.0], [4499.25, 21695.0], [4499.0, 29022.0], [4498.9, 97959.0], [4498.85, 914.0], [4498.8, 33425.0], [4498.75, 10856.0], [4498.65, 1119.0], [4498.6, 100800.0], [4498.55, 3257.0]], "asks": [[4500.55, 126059.0], [4500.6, 188677.0], [4500.7, 5000.0], [4500.85, 11912.0], [4500.9, 10007.0], [4500.95, 29700.0], [4501.0, 39246.0], [4501.05, 100800.0], [4501.15, 31057.0], [4501.4, 2507.0], [4501.45, 10504.0], [4501.5, 7613.0], [4501.55, 27500.0], [4501.85, 5133.0], [4501.9, 10839.0], [4502.0, 2621.0], [4502.05, 1588.0], [4502.2, 12710.0], [4502.25, 10876.0], [4502.35, 956.0]]}}}
{"jsonrpc": "2.0", "method": "subscription", "params": {"channel": "book.ETH-PERPETUAL.none.20.100ms", "data": {"timestamp": 1758103767638, "change_id": 86850763073, "instrument_name": "ETH-PERPETUAL", "bids": [[4500.5, 40948.0], [4500.45, 3625.0], [4500.15, 6454.0], [4500.05, 21463.0], [4500.0, 50.0], [4499.65, 1426.0], [4499.6, 19361.0], [4499.45, 19995.0], [4499.4, 46018.0], [4499.35, 28225.0], [4499.3, 14000.0], [4499.25, 21695.0], [4499.0, 29022.0], [4498.9, 97959.0], [4498.85, 914.0], [4498.8, 33425.0], [4498.75, 10856.0], [4498.65, 1119.0], [4498.6, 100800.0], [4498.55, 3257.0]], "asks": [[4500.55, 126059.0], [4500.6, 188677.0], [4500.8, 5000.0], [4500.85, 11912.0], [4500.9, 10007.0], [4500.95, 29700.0], [4501.0, 39246.0], [4501.05, 100800.0], [4501.15, 31057.0], [4501.4, 2507.0], [4501.45, 10504.0], [4501.5, 7613.0], [4501.55, 27500.0], [4501.85, 5133.0], [4501.9, 10839.0], [4502.0, 2621.0], [4502.05, 20302.0], [4502.1, 53221.0], [4502.2, 12710.0], [4502.25, 10876.0]]}}}
{"jsonrpc": "2.0", "method": "subscription", "params": {"channel": "book.ETH-PERPETUAL.none.20.100ms", "data": {"timestamp": 1758103767968, "change_id": 86850763497, "instrument_name": "ETH-PERPETUAL", "bids": [[4500.5, 41348.0], [4500.45, 3225.0], [4500.1, 6454.0], [4500.05, 21463.0], [4500.0, 50.0], [4499.65, 1426.0], [4499.6, 18152.0], [4499.5, 19995.0], [4499.45, 25000.0], [4499.4, 14972.0], [4499.35, 3225.0], [4499.3, 14000.0], [4499.25, 21695.0], [4499.0, 29022.0], [4498.9, 97959.0], [4498.85, 914.0], [4498.8, 33425.0], [4498.75, 10856.0], [4498.65, 1119.0], [4498.6, 100800.0]], "asks": [[4500.55, 126059.0], [4500.6, 188677.0], [4500.85, 11912.0], [4500.9, 10007.0], [4500.95, 29700.0], [4501.0, 39246.0], [4501.05, 100800.0], [4501.15, 31057.0], [4501.4, 2507.0], [4501.45, 10504.0], [4501.5, 7613.0], [4501.55, 27500.0], [4501.85, 5133.0], [4501.9, 10839.0], [4502.0, 2621.0], [4502.05, 20302.0], [4502.1, 53221.0], [4502.2, 12710.0], [4502.25, 10876.0], [4502.35, 956.0]]}}}
{"jsonrpc": "2.0", "method": "subscription", "params": {"channel": "book.ETH-PERPETUAL.none.20.100ms", "data": {"timestamp": 1758103768250, "change_id": 86850763882, "instrument_name": "ETH-PERPETUAL", "bids": [[4500.5, 41348.0], [4500.45, 3225.0], [4500.1, 6454.0], [4500.05, 21463.0], [4500.0, 50.0], [4499.65, 1426.0], [4499.6, 18152.0], [4499.5, 19995.0], [4499.45, 25000.0], [4499.4, 14972.0], [4499.35, 3225.0], [4499.3, 14000.0], [4499.25, 21695.0], [4499.0, 29022.0], [4498.9, 97959.0], [4498.85, 914.0], [4498.8, 33425.0], [4498.75, 10856.0], [4498.65, 1119.0], [4498.6, 100800.0]], "asks": [[4500.55, 126059.0], [4500.6, 188677.0], [4500.85, 11912.0], [4500.9, 10007.0], [4500.95, 29700.0], [4501.0, 39246.0], [4501.05, 100800.0], [4501.15, 31057.0], [4501.4, 2507.0], [4501.45, 10504.0], [4501.5, 7613.0], [4501.55, 27500.0], [4501.85, 5133.0], [4501.9, 10839.0], [4502.0, 2621.0], [4502.05, 20302.0], [4502.1, 53221.0], [4502.2, 12710.0], [4502.25, 10876.0], [4502.35, 956.0]]}}}
{"jsonrpc": "2.0", "method": "subscription", "params": {"channel": "book.ETH-PERPETUAL.none.20.100ms", "data": {"timestamp": 1758103768636, "change_id": 86850764233, "instrument_name": "ETH-PERPETUAL", "bids": [[4500.5, 41348.0], [4500.45, 3225.0], [4500.1, 6454.0], [4500.05, 21463.0], [4500.0, 50.0], [4499.9, 9314.0], [4499.85, 31048.0], [4499.65, 1426.0], [4499.6, 18152.0], [4499.5, 19995.0], [4499.45, 25000.0], [4499.4, 14972.0], [4499.35, 3225.0], [4499.3, 14000.0], [4499.25, 21695.0], [4499.0, 29022.0], [4498.9, 97959.0], [4498.85, 914.0], [4498.8, 33425.0], [4498.75, 10856.0]], "asks": [[4500.55, 126059.0], [4500.6, 188677.0], [4500.7, 5000.0], [4500.85, 11912.0], [4500.9, 10007.0], [4500.95, 29700.0], [4501.0, 39246.0], [4501.05, 100800.0], [4501.15, 31057.0], [4501.4, 2507.0], [4501.45, 10504.0], [4501.5, 7613.0], [4501.55, 27500.0], [4501.85, 5133.0], [4501.9, 10839.0], [4502.0, 2621.0], [4502.05, 1588.0], [4502.2, 12710.0], [4502.25, 10876.0], [4502.35, 956.0]]}}}
{"jsonrpc": "2.0", "method": "subscription", "params": {"channel": "book.ETH-PERPETUAL.none.20.100ms", "data": {"timestamp": 1758103768968, "change_id": 86850764707, "instrument_name": "ETH-PERPETUAL", "bids": [[4500.5, 41348.0], [4500.45, 3225.0], [4500.1, 6454.0], [4500.05, 21463.0], [4500.0, 50.0], [4499.9, 9314.0], [4499.85, 31048.0], [4499.7, 13105.0], [4499.65, 14030.0], [4499.6, 29653.0], [4499.5, 5998.0], [4499.45, 19994.0], [4499.4, 7476.0], [4499.35, 3225.0], [4499.25, 21695.0], [4499.0, 29022.0], [4498.9, 97959.0], [4498.85, 914.0], [4498.8, 33425.0], [4498.75, 10856.0]], "asks": [[4500.55, 122950.0], [4500.6, 184024.0], [4500.85, 11912.0], [4500.9, 10007.0], [4500.95, 29700.0], [4501.0, 39246.0], [4501.05, 100800.0], [4501.15, 31057.0], [4501.4, 2507.0], [4501.45, 10504.0], [4501.5, 7613.0], [4501.55, 27500.0], [4501.85, 5133.0], [4501.9, 10839.0], [4502.0, 2621.0], [4502.05, 1588.0], [4502.15, 55014.0], [4502.2, 12710.0], [4502.25, 10876.0], [4502.35, 956.0]]}}}
{"jsonrpc": "2.0", "method": "subscription", "params": {"channel": "book.ETH-PERPETUAL.none.20.100ms", "data": {"timestamp": 1758103769207, "change_id": 86850764937, "instrument_name": "ETH-PERPETUAL", "bids": [[4500.5, 40948.0], [4500.45, 3225.0], [4500.1, 6454.0], [4500.05, 21463.0], [4500.0, 50.0], [4499.9, 9314.0], [4499.85, 31048.0], [4499.7, 33100.0], [4499.65, 14030.0], [4499.6, 29653.0], [4499.5, 400.0], [4499.4, 7476.0], [4499.35, 3225.0], [4499.25, 21695.0], [4499.0, 29022.0], [4498.9, 97959.0], [4498.85, 914.0], [4498.8, 33425.0], [4498.75, 10856.0], [4498.65, 1119.0]], "asks": [[4500.55, 122950.0], [4500.6, 184024.0], [4500.75, 5000.0], [4500.85, 11912.0], [4500.9, 10007.0], [4500.95, 29700.0], [4501.0, 39246.0], [4501.05, 100800.0], [4501.15, 31057.0], [4501.4, 2507.0], [4501.45, 10504.0], [4501.5, 7613.0], [4501.55, 27500.0], [4501.85, 5133.0], [4501.9, 10839.0], [4502.0, 2621.0], [4502.05, 1588.0], [4502.15, 55014.0], [4502.2, 12710.0], [4502.25, 10876.0]]}}}
{"jsonrpc": "2.0", "method": "subscription", "params": {"channel": "book.ETH-PERPETUAL.none.20.100ms", "data": {"timestamp": 1758103769637, "change_id": 86850765479, "instrument_name": "ETH-PERPETUAL", "bids": [[4500.5, 40948.0], [4500.45, 3225.0], [4500.15, 11344.0], [4500.1, 16300.0], [4500.05, 21463.0], [4500.0, 50.0], [4499.9, 9314.0], [4499.85, 31048.0], [4499.7, 13105.0], [4499.65, 14030.0], [4499.6, 35771.0], [4499.55, 19994.0], [4499.5, 400.0], [4499.4, 7476.0], [4499.35, 3225.0], [4499.25, 21695.0], [4499.0, 29022.0], [4498.9, 97959.0], [4498.85, 914.0], [4498.8, 33425.0]], "asks": [[4500.55, 122970.0], [4500.6, 184024.0], [4500.75, 5000.0], [4500.85, 11912.0], [4500.9, 10007.0], [4500.95, 29700.0], [4501.0, 39246.0], [4501.05, 100800.0], [4501.15, 31057.0], [4501.4, 2507.0], [4501.45, 10504.0], [4501.5, 7613.0], [4501.55, 27500.0], [4501.85, 5133.0], [4501.9, 10839.0], [4502.0, 2621.0], [4502.05, 1588.0], [4502.1, 19252.0], [4502.15, 55014.0], [4502.2, 12710.0]]}}}
{"jsonrpc": "2.0", "method": "subscription", "params": {"channel": "book.ETH-PERPETUAL.none.20.100ms", "data": {"timestamp": 1758103769968, "change_id": 86850765860, "instrument_name": "ETH-PERPETUAL", "bids": [[4500.5, 40948.0], [4500.45, 3225.0], [4500.15, 11344.0], [4500.1, 16300.0], [4500.05, 21463.0], [4500.0, 50.0], [4499.9, 13193.0], [4499.85, 31048.0], [4499.7, 13105.0], [4499.65, 14030.0], [4499.6, 31118.0], [4499.5, 400.0], [4499.45, 19994.0], [4499.4, 7476.0], [4499.35, 3225.0], [4499.25, 21695.0], [4499.0, 29022.0], [4498.9, 97959.0], [4498.85, 914.0], [4498.8, 33425.0]], "asks": [[4500.55, 122196.0], [4500.6, 184024.0], [4500.7, 5000.0], [4500.85, 11912.0], [4500.9, 10007.0], [4500.95, 29700.0], [4501.0, 39246.0], [4501.05, 100800.0], [4501.15, 31057.0], [4501.4, 2507.0], [4501.45, 10504.0], [4501.5, 7613.0], [4501.55, 27500.0], [4501.85, 5133.0], [4501.9, 10839.0], [4502.0, 2621.0], [4502.05, 1588.0], [4502.1, 19252.0], [4502.15, 55014.0], [4502.2, 12710.0]]}}}
{"jsonrpc": "2.0", "method": "subscription", "params": {"channel": "book.ETH-PERPETUAL.none.20.100ms", "data": {"timestamp": 1758103770289, "change_id": 86850766212, "instrument_name": "ETH-PERPETUAL", "bids": [[4500.5, 40948.0], [4500.45, 3225.0], [4500.15, 6454.0], [4500.05, 21463.0], [4500.0, 50.0], [4499.9, 13193.0], [4499.85, 31048.0], [4499.7, 4209.0], [4499.65, 14030.0], [4499.6, 6118.0], [4499.5, 400.0], [4499.45, 19994.0], [4499.4, 14042.0], [4499.35, 28225.0], [4499.25, 21695.0], [4499.0, 29022.0], [4498.9, 97959.0], [4498.85, 914.0], [4498.8, 33425.0], [4498.75, 10856.0]], "asks": [[4500.55, 122196.0], [4500.6, 184024.0], [4500.7, 5000.0], [4500.85, 11912.0], [4500.9, 10007.0], [4500.95, 29700.0], [4501.0, 39246.0], [4501.05, 100800.0], [4501.15, 31057.0], [4501.4, 2507.0], [4501.45, 10504.0], [4501.5, 7613.0], [4501.55, 27500.0], [4501.85, 5133.0], [4501.9, 10839.0], [4502.0, 2621.0], [4502.05, 1588.0], [4502.1, 19252.0], [4502.15, 55014.0], [4502.2, 12710.0]]}}}
{"jsonrpc": "2.0", "method": "subscription", "params": {"channel": "book.ETH-PERPETUAL.none.20.100ms", "data": {"timestamp": 1758103770556, "change_id": 86850766424, "instrument_name": "ETH-PERPETUAL", "bids": [[4500.5, 40948.0], [4500.45, 3225.0], [4500.1, 6454.0], [4500.05, 21463.0], [4500.0, 50.0], [4499.95, 1164.0], [4499.9, 3879.0], [4499.7, 4209.0], [4499.65, 14030.0], [4499.6, 6118.0], [4499.45, 20394.0], [4499.4, 14042.0], [4499.35, 28225.0], [4499.25, 21695.0], [4499.0, 29022.0], [4498.9, 97959.0], [4498.85, 914.0], [4498.8, 33425.0], [4498.75, 10856.0], [4498.65, 1119.0]], "asks": [[4500.55, 122196.0], [4500.6, 184024.0], [4500.85, 11912.0], [4500.9, 10007.0], [4500.95, 29700.0], [4501.0, 39246.0], [4501.05, 100800.0], [4501.15, 31057.0], [4501.4, 2507.0], [4501.45, 10504.0], [4501.5, 7613.0], [4501.55, 27500.0], [4501.85, 5133.0], [4501.9, 10839.0], [4502.0, 2621.0], [4502.05, 1588.0], [4502.1, 19252.0], [4502.15, 55014.0], [4502.2, 12710.0], [4502.25, 10876.0]]}}}
{"jsonrpc": "2.0", "method": "subscription", "params": {"channel": "book.ETH-PERPETUAL.none.20.100ms", "data": {"timestamp": 1758103770958, "change_id": 86850766897, "instrument_name": "ETH-PERPETUAL", "bids": [[4500.5, 40948.0], [4500.45, 3225.0], [4500.1, 6454.0], [4500.05, 21463.0], [4500.0, 50.0], [4499.95, 9596.0], [4499.9, 3879.0], [4499.85, 28593.0], [4499.7, 4209.0], [4499.65, 14030.0], [4499.6, 12853.0], [4499.45, 45394.0], [4499.4, 7476.0], [4499.35, 3225.0], [4499.25, 21695.0], [4499.0, 29022.0], [4498.9, 97959.0], [4498.85, 914.0], [4498.8, 33425.0], [4498.75, 10856.0]], "asks": [[4500.55, 122196.0], [4500.6, 184024.0], [4500.85, 11912.0], [4500.9, 10007.0], [4500.95, 29700.0], [4501.0, 39246.0], [4501.05, 100800.0], [4501.15, 31057.0], [4501.4, 2507.0], [4501.45, 10504.0], [4501.5, 7613.0], [4501.55, 27500.0], [4501.85, 5133.0], [4501.9, 10839.0], [4502.0, 2621.0], [4502.05, 1588.0], [4502.1, 19252.0], [4502.15, 55014.0], [4502.2, 12710.0], [4502.25, 10876.0]]}}}
{"jsonrpc": "2.0", "method": "subscription", "params": {"channel": "book.ETH-PERPETUAL.none.20.100ms", "data": {"timestamp": 1758103771188, "change_id": 86850767004, "instrument_name": "ETH-PERPETUAL", "bids": [[4500.5, 40948.0], [4500.45, 3225.0], [4500.1, 6454.0], [4500.05, 21463.0], [4500.0, 50.0], [4499.95, 9596.0], [4499.9, 3879.0], [4499.85, 28593.0], [4499.7, 4209.0], [4499.65, 14030.0], [4499.6, 12853.0], [4499.5, 19994.0], [4499.45, 25400.0], [4499.4, 7476.0], [4499.35, 3225.0], [4499.25, 21695.0], [4499.0, 29022.0], [4498.9, 97959.0], [4498.85, 914.0], [4498.8, 33425.0]], "asks": [[4500.55, 122196.0], [4500.6, 184024.0], [4500.85, 11912.0], [4500.9, 10007.0], [4500.95, 29700.0], [4501.0, 39246.0], [4501.05, 100800.0], [4501.15, 31057.0], [4501.4, 2507.0], [4501.45, 10504.0], [4501.5, 7613.0], [4501.55, 27500.0], [4501.85, 5133.0], [4501.9, 10839.0], [4502.0, 2621.0], [4502.05, 1588.0], [4502.1, 19252.0], [4502.15, 55014.0], [4502.2, 12710.0], [4502.25, 10876.0]]}}}
{"jsonrpc": "2.0", "method": "subscription", "params": {"channel": "book.ETH-PERPETUAL.none.20.100ms", "data": {"timestamp": 1758103771309, "change_id": 86850767299, "instrument_name": "ETH-PERPETUAL", "bids": [[4500.5, 40948.0], [4500.45, 3225.0], [4500.1, 6454.0], [4500.05, 21463.0], [4500.0, 50.0], [4499.95, 9596.0], [4499.9, 3879.0], [4499.85, 28593.0], [4499.7, 4209.0], [4499.65, 14030.0], [4499.6, 12853.0], [4499.5, 19994.0], [4499.45, 25000.0], [4499.4, 7876.0], [4499.35, 3225.0], [4499.25, 21695.0], [4499.0, 29022.0], [4498.9, 97959.0], [4498.85, 914.0], [4498.8, 33425.0]], "asks": [[4500.55, 122196.0], [4500.6, 184024.0], [4500.85, 11912.0], [4500.9, 10007.0], [4500.95, 29700.0], [4501.0, 39246.0], [4501.05, 100800.0], [4501.15, 31057.0], [4501.4, 2507.0], [4501.45, 10504.0], [4501.5, 7613.0], [4501.55, 27500.0], [4501.85, 5133.0], [4501.9, 10839.0], [4502.0, 2621.0], [4502.05, 1588.0], [4502.1, 19252.0], [4502.15, 55014.0], [4502.2, 12710.0], [4502.25, 10876.0]]}}}
{"jsonrpc": "2.0", "method": "subscription", "params": {"channel": "book.ETH-PERPETUAL.none.20.100ms", "data": {"timestamp": 1758103771638, "change_id": 86850767502, "instrument_name": "ETH-PERPETUAL", "bids": [[4500.5, 40948.0], [4500.45, 3225.0], [4500.1, 6454.0], [4500.05, 21463.0], [4500.0, 50.0], [4499.95, 9596.0], [4499.9, 3879.0], [4499.85, 28593.0], [4499.7, 4209.0], [4499.65, 14030.0], [4499.6, 12853.0], [4499.5, 19994.0], [4499.45, 25000.0], [4499.4, 7876.0], [4499.35, 3225.0], [4499.25, 21695.0], [4499.0, 29022.0], [4498.9, 97959.0], [4498.85, 914.0], [4498.8, 33425.0]], "asks": [[4500.55, 122196.0], [4500.6, 184024.0], [4500.85, 11912.0], [4500.9, 10007.0], [4500.95, 29700.0], [4501.0, 39246.0], [4501.05, 100800.0], [4501.15, 31057.0], [4501.4, 2507.0], [4501.45, 10504.0], [4501.5, 7613.0], [4501.55, 27500.0], [4501.85, 5133.0], [4501.9, 10839.0], [4502.0, 2621.0], [4502.05, 1588.0], [4502.1, 19252.0], [4502.15, 55014.0], [4502.2, 12710.0], [4502.25, 10876.0]]}}}
{"jsonrpc": "2.0", "method": "subscription", "params": {"channel": "book.ETH-PERPETUAL.none.20.100ms", "data": {"timestamp": 1758103772272, "change_id": 86850768073, "instrument_name": "ETH-PERPETUAL", "bids": [[4500.5, 40948.0], [4500.45, 3225.0], [4500.1, 6454.0], [4500.05, 21463.0], [4500.0, 50.0], [4499.95, 9596.0], [4499.9, 3879.0], [4499.85, 28593.0], [4499.7, 4209.0], [4499.65, 14030.0], [4499.6, 12853.0], [4499.5, 19994.0], [4499.45, 25000.0], [4499.4, 7876.0], [4499.35, 3225.0], [4499.25, 21695.0], [4499.0, 29022.0], [4498.9, 97959.0], [4498.85, 914.0], [4498.8, 33425.0]], "asks": [[4500.55, 122196.0], [4500.6, 184024.0], [4500.85, 11912.0], [4500.9, 10007.0], [4500.95, 29700.0], [4501.0, 39246.0], [4501.05, 100800.0], [4501.15, 31057.0], [4501.4, 2507.0], [4501.45, 10504.0], [4501.5, 7613.0], [4501.55, 27500.0], [4501.85, 5133.0], [4501.9, 10839.0], [4502.0, 2621.0], [4502.05, 1588.0], [4502.1, 19252.0], [4502.15, 55014.0], [4502.2, 12710.0], [4502.25, 10876.0]]}}}
{"jsonrpc": "2.0", "method": "subscription", "params": {"channel": "book.ETH-PERPETUAL.none.20.100ms", "data": {"timestamp": 1758103772553, "change_id": 86850768278, "instrument_name": "ETH-PERPETUAL", "bids": [[4500.5, 40948.0], [4500.45, 3225.0], [4500.1, 6454.0], [4500.05, 21463.0], [4500.0, 50.0], [4499.95, 1164.0], [4499.9, 3879.0], [4499.7, 4209.0], [4499.65, 14030.0], [4499.6, 12853.0], [4499.5, 19994.0], [4499.45, 25000.0], [4499.4, 7876.0], [4499.35, 3225.0], [4499.25, 21695.0], [4499.0, 29022.0], [4498.9, 97959.0], [4498.85, 914.0], [4498.8, 33425.0], [4498.75, 10856.0]], "asks": [[4500.55, 122196.0], [4500.6, 184024.0], [4500.85, 11912.0], [4500.9, 10007.0], [4500.95, 29700.0], [4501.0, 39246.0], [4501.05, 100800.0], [4501.15, 31057.0], [4501.4, 2507.0], [4501.45, 10504.0], [4501.5, 7613.0], [4501.55, 27500.0], [4501.85, 5133.0], [4501.9, 10839.0], [4502.0, 2621.0], [4502.05, 1588.0], [4502.1, 19252.0], [4502.15, 55014.0], [4502.2, 12710.0], [4502.25, 10876.0]]}}}
{"jsonrpc": "2.0", "method": "subscription", "params": {"channel": "book.ETH-PERPETUAL.none.20.100ms", "data": {"timestamp": 1758103772917, "change_id": 86850768776, "instrument_name": "ETH-PERPETUAL", "bids": [[4500.5, 40948.0], [4500.45, 3225.0], [4500.05, 21463.0], [4500.0, 50.0], [4499.95, 9580.0], [4499.9, 3879.0], [4499.85, 28539.0], [4499.7, 4209.0], [4499.65, 14030.0], [4499.5, 5998.0], [4499.45, 19994.0], [4499.4, 14162.0], [4499.35, 28225.0], [4499.25, 22095.0], [4499.0, 29022.0], [4498.9, 97959.0], [4498.85, 914.0], [4498.8, 33425.0], [4498.75, 10856.0], [4498.65, 1119.0]], "asks": [[4500.55, 129617.0], [4500.6, 184024.0], [4500.7, 5000.0], [4500.85, 11912.0], [4500.9, 10007.0], [4500.95, 29700.0], [4501.0, 39246.0], [4501.05, 100800.0], [4501.15, 31057.0], [4501.4, 2507.0], [4501.45, 10504.0], [4501.5, 7613.0], [4501.55, 27500.0], [4501.85, 5133.0], [4501.9, 10839.0], [4502.0, 2621.0], [4502.05, 1588.0], [4502.1, 19252.0], [4502.15, 55014.0], [4502.2, 12710.0]]}}}
{"jsonrpc": "2.0", "method": "subscription", "params": {"channel": "book.ETH-PERPETUAL.none.20.100ms", "data": {"timestamp": 1758103773236, "change_id": 86850769005, "instrument_name": "ETH-PERPETUAL", "bids": [[4500.5, 40948.0], [4500.45, 3225.0], [4500.05, 21463.0], [4500.0, 50.0], [4499.95, 9580.0], [4499.9, 3879.0], [4499.85, 28539.0], [4499.7, 4209.0], [4499.65, 14030.0], [4499.6, 5999.0], [4499.55, 19995.0], [4499.4, 14162.0], [4499.35, 28225.0], [4499.25, 22095.0], [4499.0, 29022.0], [4498.9, 97959.0], [4498.85, 914.0], [4498.8, 33425.0], [4498.75, 10856.0], [4498.65, 1119.0]], "asks": [[4500.55, 129617.0], [4500.6, 184024.0], [4500.7, 5000.0], [4500.85, 11912.0], [4500.9, 10007.0], [4500.95, 29700.0], [4501.0, 39246.0], [4501.05, 100800.0], [4501.15, 31057.0], [4501.4, 2507.0], [4501.45, 10504.0], [4501.5, 7613.0], [4501.55, 27500.0], [4501.85, 5133.0], [4501.9, 10839.0], [4502.0, 2621.0], [4502.05, 1588.0], [4502.1, 19252.0], [4502.15, 55014.0], [4502.2, 12710.0]]}}}
{"jsonrpc": "2.0", "method": "subscription", "params": {"channel": "book.ETH-PERPETUAL.none.20.100ms", "data": {"timestamp": 1758103773574, "change_id": 86850769300, "instrument_name": "ETH-PERPETUAL", "bids": [[4500.5, 40948.0], [4500.45, 3225.0], [4500.1, 6454.0], [4500.05, 21463.0], [4500.0, 50.0], [4499.95, 9580.0], [4499.9, 3879.0], [4499.85, 28539.0], [4499.7, 4209.0], [4499.65, 14030.0], [4499.6, 12869.0], [4499.55, 19995.0], [4499.5, 25000.0], [4499.4, 7876.0], [4499.35, 3225.0], [4499.25, 21695.0], [4499.0, 29022.0], [4498.9, 97959.0], [4498.85, 914.0], [4498.8, 33425.0]], "asks": [[4500.55, 123397.0], [4500.6, 184024.0], [4500.85, 11912.0], [4500.9, 10007.0], [4500.95, 29700.0], [4501.0, 39246.0], [4501.05, 100800.0], [4501.15, 31057.0], [4501.4, 2507.0], [4501.45, 10504.0], [4501.5, 7613.0], [4501.55, 27500.0], [4501.85, 5133.0], [4501.9, 10839.0], [4502.0, 2621.0], [4502.05, 1588.0], [4502.1, 19252.0], [4502.15, 55014.0], [4502.2, 12710.0], [4502.25, 10876.0]]}}}
{"jsonrpc": "2.0", "method": "subscription", "params": {"channel": "book.ETH-PERPETUAL.none.20.100ms", "data": {"timestamp": 1758103773832, "change_id": 86850769748, "instrument_name": "ETH-PERPETUAL", "bids": [[4500.5, 40948.0], [4500.45, 3225.0], [4500.2, 13924.0], [4500.15, 24900.0], [4500.05, 21463.0], [4500.0, 50.0], [4499.95, 9580.0], [4499.9, 3879.0], [4499.85, 28539.0], [4499.75, 10208.0], [4499.7, 19995.0], [4499.65, 14030.0], [4499.6, 5999.0], [4499.5, 27516.0], [4499.4, 7876.0], [4499.35, 3225.0], [4499.25, 21695.0], [4499.0, 29022.0], [4498.9, 97959.0], [4498.85, 914.0]], "asks": [[4500.55, 123397.0], [4500.6, 184024.0], [4500.85, 11912.0], [4500.9, 10007.0], [4500.95, 29700.0], [4501.0, 39246.0], [4501.05, 100800.0], [4501.15, 31057.0], [4501.4, 2507.0], [4501.45, 10504.0], [4501.5, 7613.0], [4501.55, 27500.0], [4501.85, 5133.0], [4501.9, 10839.0], [4502.0, 2621.0], [4502.05, 1588.0], [4502.2, 12710.0], [4502.25, 10876.0], [4502.35, 956.0], [4502.4, 24809.0]]}}}
{"jsonrpc": "2.0", "method": "subscription", "params": {"channel": "book.ETH-PERPETUAL.none.20.100ms", "data": {"timestamp": 1758103774262, "change_id": 86850770930, "instrument_name": "ETH-PERPETUAL", "bids": [[4500.45, 724.0], [4500.05, 21463.0], [4500.0, 50.0], [4499.4, 400.0], [4499.35, 3225.0], [4499.1, 5998.0], [4499.05, 19994.0], [4498.85, 914.0], [4498.8, 33425.0], [4498.65, 1119.0], [4498.6, 100800.0], [4498.5, 30.0], [4498.3, 5451.0], [4498.25, 2595.0], [4498.2, 10934.0], [4498.0, 50.0], [4497.95, 19986.0], [4497.85, 10182.0], [4497.8, 10902.0], [4497.65, 17761.0]], "asks": [[4500.5, 203000.0], [4500.55, 96128.0], [4500.6, 25000.0], [4500.85, 11912.0], [4500.9, 7500.0], [4500.95, 29700.0], [4501.0, 39246.0], [4501.05, 100800.0], [4501.15, 31057.0], [4501.2, 9150.0], [4501.4, 2507.0], [4501.45, 10504.0], [4501.5, 7613.0], [4501.55, 27500.0], [4501.85, 5133.0], [4501.9, 10839.0], [4502.0, 2621.0], [4502.05, 1588.0], [4502.15, 19126.0], [4502.2, 58144.0]]}}}
{"jsonrpc": "2.0", "method": "subscription", "params": {"channel": "book.ETH-PERPETUAL.none.20.100ms", "data": {"timestamp": 1758103774588, "change_id": 86850771806, "instrument_name": "ETH-PERPETUAL", "bids": [[4500.05, 21463.0], [4500.0, 50.0], [4499.4, 400.0], [4499.35, 3225.0], [4499.05, 1164.0], [4499.0, 12836.0], [4498.85, 19994.0], [4498.8, 59696.0], [4498.75, 25000.0], [4498.6, 100800.0], [4498.55, 20517.0], [4498.5, 70145.0], [4498.25, 2595.0], [4498.2, 10934.0], [4498.0, 50.0], [4497.85, 3271.0], [4497.8, 10902.0], [4497.65, 19986.0], [4497.6, 4279.0], [4497.55, 13469.0]], "asks": [[4500.1, 275625.0], [4500.45, 50392.0], [4500.5, 29704.0], [4500.55, 38919.0], [4500.6, 2516.0], [4500.85, 11912.0], [4500.9, 7500.0], [4500.95, 29700.0], [4501.0, 39246.0], [4501.05, 101919.0], [4501.2, 9150.0], [4501.35, 10896.0], [4501.4, 2507.0], [4501.45, 10504.0], [4501.5, 113.0], [4501.55, 34594.0], [4501.6, 955.0], [4501.75, 1218.0], [4501.85, 4014.0], [4501.9, 10839.0]]}}}
{"jsonrpc": "2.0", "method": "subscription", "params": {"channel": "book.ETH-PERPETUAL.none.20.100ms", "data": {"timestamp": 1758103774893, "change_id": 86850772397, "instrument_name": "ETH-PERPETUAL", "bids": [[4500.05, 21463.0], [4500.0, 50.0], [4499.55, 400.0], [4499.35, 3225.0], [4499.05, 1164.0], [4499.0, 15638.0], [4498.9, 19995.0], [4498.85, 10896.0], [4498.8, 59696.0], [4498.75, 25000.0], [4498.6, 100800.0], [4498.55, 20517.0], [4498.5, 70145.0], [4498.25, 5875.0], [4498.2, 10934.0], [4498.0, 50.0], [4497.85, 3271.0], [4497.8, 10902.0], [4497.6, 4279.0], [4497.55, 13469.0]], "asks": [[4500.1, 275625.0], [4500.4, 39372.0], [4500.45, 60102.0], [4500.5, 29704.0], [4500.55, 38919.0], [4500.6, 2516.0], [4500.85, 2250.0], [4500.9, 7500.0], [4501.0, 39246.0], [4501.05, 101919.0], [4501.2, 9150.0], [4501.35, 10896.0], [4501.4, 2507.0], [4501.45, 10504.0], [4501.5, 113.0], [4501.55, 34594.0], [4501.6, 955.0], [4501.75, 1218.0], [4501.85, 4014.0], [4501.9, 10839.0]]}}}
{"jsonrpc": "2.0", "method": "subscription", "params": {"channel": "book.ETH-PERPETUAL.none.20.100ms", "data": {"timestamp": 1758103775226, "change_id": 86850772754, "instrument_name": "ETH-PERPETUAL", "bids": [[4500.05, 21463.0], [4500.0, 50.0], [4499.55, 400.0], [4499.35, 3225.0], [4499.05, 1164.0], [4499.0, 15638.0], [4498.9, 19995.0], [4498.85, 10896.0], [4498.8, 59696.0], [4498.75, 25030.0], [4498.6, 100800.0], [4498.55, 20517.0], [4498.5, 70115.0], [4498.25, 5875.0], [4498.2, 10934.0], [4498.1, 914.0], [4498.0, 50.0], [4497.85, 3271.0], [4497.8, 10902.0], [4497.6, 25804.0]], "asks": [[4500.1, 283125.0], [4500.15, 5000.0], [4500.4, 39372.0], [4500.45, 60102.0], [4500.5, 29704.0], [4500.55, 38919.0], [4500.6, 2516.0], [4500.85, 2250.0], [4500.9, 7500.0], [4501.0, 39246.0], [4501.05, 101919.0], [4501.2, 9150.0], [4501.35, 10896.0], [4501.4, 2507.0], [4501.45, 10504.0], [4501.5, 113.0], [4501.55, 34594.0], [4501.6, 955.0], [4501.75, 1218.0], [4501.85, 18536.0]]}}}
{"jsonrpc": "2.0", "method": "subscription", "params": {"channel": "book.ETH-PERPETUAL.none.20.100ms", "data": {"timestamp": 1758103775578, "change_id": 86850773169, "instrument_name": "ETH-PERPETUAL", "bids": [[4500.05, 21463.0], [4500.0, 50.0], [4499.55, 400.0], [4499.35, 3225.0], [4499.1, 1164.0], [4499.0, 15638.0], [4498.9, 19995.0], [4498.85, 10896.0], [4498.8, 41148.0], [4498.75, 30.0], [4498.65, 25000.0], [4498.6, 100800.0], [4498.55, 20517.0], [4498.5, 70115.0], [4498.25, 5875.0], [4498.2, 10934.0], [4498.1, 914.0], [4498.0, 50.0], [4497.85, 3271.0], [4497.8, 10902.0]], "asks": [[4500.1, 287235.0], [4500.15, 5000.0], [4500.4, 39372.0], [4500.45, 60102.0], [4500.5, 29704.0], [4500.55, 9219.0], [4500.6, 2516.0], [4500.85, 2250.0], [4500.9, 7500.0], [4501.0, 39246.0], [4501.05, 101919.0], [4501.2, 9150.0], [4501.35, 10896.0], [4501.4, 2507.0], [4501.45, 10504.0], [4501.5, 113.0], [4501.55, 34594.0], [4501.6, 955.0], [4501.75, 1218.0], [4501.85, 18536.0]]}}}
{"jsonrpc": "2.0", "method": "subscription", "params": {"channel": "book.ETH-PERPETUAL.none.20.100ms", "data": {"timestamp": 1758103775875, "change_id": 86850773751, "instrument_name": "ETH-PERPETUAL", "bids": [[4500.05, 21463.0], [4500.0, 50.0], [4499.5, 400.0], [4499.35, 3225.0], [4499.15, 3018.0], [4499.1, 6181.0], [4499.0, 10107.0], [4498.85, 10893.0], [4498.8, 41148.0], [4498.75, 30.0], [4498.7, 19994.0], [4498.65, 25000.0], [4498.6, 100800.0], [4498.55, 20517.0], [4498.5, 70115.0], [4498.25, 5875.0], [4498.2, 10934.0], [4498.1, 914.0], [4498.0, 50.0], [4497.85, 3271.0]], "asks": [[4500.1, 287235.0], [4500.15, 5000.0], [4500.4, 21747.0], [4500.45, 31052.0], [4500.5, 29704.0], [4500.55, 9219.0], [4500.6, 2516.0], [4500.85, 2250.0], [4500.9, 7500.0], [4501.0, 39246.0], [4501.05, 101919.0], [4501.2, 9150.0], [4501.35, 10896.0], [4501.4, 2507.0], [4501.45, 10504.0], [4501.5, 113.0], [4501.55, 34594.0], [4501.6, 955.0], [4501.75, 1218.0], [4501.85, 18536.0]]}}}
{"jsonrpc": "2.0", "method": "subscription", "params": {"channel": "book.ETH-PERPETUAL.none.20.100ms", "data": {"timestamp": 1758103776197, "change_id": 86850774387, "instrument_name": "ETH-PERPETUAL", "bids": [[4500.05, 21463.0], [4500.0, 50.0], [4499.5, 400.0], [4499.35, 3225.0], [4499.15, 1164.0], [4499.0, 10107.0], [4498.85, 10893.0], [4498.8, 41148.0], [4498.75, 30.0], [4498.7, 19994.0], [4498.65, 25000.0], [4498.6, 100800.0], [4498.55, 20517.0], [4498.5, 70115.0], [4498.25, 5875.0], [4498.2, 10934.0], [4498.1, 914.0], [4498.0, 50.0], [4497.85, 3271.0], [4497.8, 10902.0]], "asks": [[4500.1, 287235.0], [4500.15, 5000.0], [4500.4, 21747.0], [4500.45, 31052.0], [4500.5, 29704.0], [4500.55, 9219.0], [4500.6, 2516.0], [4500.85, 2250.0], [4500.9, 7500.0], [4501.0, 39246.0], [4501.05, 101919.0], [4501.2, 9150.0], [4501.35, 10896.0], [4501.4, 2507.0], [4501.45, 40671.0], [4501.5, 50113.0], [4501.55, 88879.0], [4501.6, 955.0], [4501.75, 1218.0], [4501.85, 4014.0]]}}}
{"jsonrpc": "2.0", "method": "subscription", "params": {"channel": "book.ETH-PERPETUAL.none.20.100ms", "data": {"timestamp": 1758103776478, "change_id": 86850774783, "instrument_name": "ETH-PERPETUAL", "bids": [[4500.05, 21463.0], [4500.0, 50.0], [4499.35, 3225.0], [4499.15, 1564.0], [4499.0, 10107.0], [4498.85, 10893.0], [4498.8, 41148.0], [4498.75, 30.0], [4498.7, 19994.0], [4498.65, 25000.0], [4498.6, 100800.0], [4498.55, 20517.0], [4498.5, 70115.0], [4498.25, 5875.0], [4498.2, 10934.0], [4498.1, 914.0], [4498.0, 50.0], [4497.85, 3271.0], [4497.8, 10902.0], [4497.6, 19533.0]], "asks": [[4500.1, 287235.0], [4500.15, 5000.0], [4500.4, 21747.0], [4500.45, 31052.0], [4500.5, 29704.0], [4500.55, 9219.0], [4500.6, 2516.0], [4500.85, 2250.0], [4500.9, 7500.0], [4501.0, 39246.0], [4501.05, 101919.0], [4501.2, 9150.0], [4501.35, 10896.0], [4501.4, 2507.0], [4501.45, 10504.0], [4501.5, 113.0], [4501.55, 88879.0], [4501.6, 955.0], [4501.75, 1218.0], [4501.85, 4014.0]]}}}
{"jsonrpc": "2.0", "method": "subscription", "params": {"channel": "book.ETH-PERPETUAL.none.20.100ms", "data": {"timestamp": 1758103776871, "change_id": 86850775237, "instrument_name": "ETH-PERPETUAL", "bids": [[4500.05, 21463.0], [4500.0, 50.0], [4499.35, 3225.0], [4499.2, 3734.0], [4499.15, 8569.0], [4499.0, 10107.0], [4498.85, 10893.0], [4498.8, 41148.0], [4498.75, 30.0], [4498.7, 19994.0], [4498.65, 25000.0], [4498.6, 100800.0], [4498.55, 20517.0], [4498.5, 70115.0], [4498.25, 5875.0], [4498.2, 10934.0], [4498.1, 914.0], [4498.0, 50.0], [4497.85, 3271.0], [4497.8, 10902.0]], "asks": [[4500.1, 287835.0], [4500.15, 5000.0], [4500.4, 21747.0], [4500.45, 31052.0], [4500.5, 29704.0], [4500.55, 9219.0], [4500.6, 2516.0], [4500.85, 2250.0], [4500.9, 7500.0], [4501.0, 39246.0], [4501.05, 101919.0], [4501.2, 9150.0], [4501.35, 10896.0], [4501.4, 2507.0], [4501.45, 10504.0], [4501.5, 113.0], [4501.55, 88879.0], [4501.6, 955.0], [4501.75, 1218.0], [4501.85, 4014.0]]}}}
{"jsonrpc": "2.0", "method": "subscription", "params": {"channel": "book.ETH-PERPETUAL.none.20.100ms", "data": {"timestamp": 1758103777236, "change_id": 86850775528, "instrument_name": "ETH-PERPETUAL", "bids": [[4500.05, 24763.0], [4500.0, 50.0], [4499.35, 3225.0], [4499.2, 1284.0], [4499.15, 400.0], [4499.0, 10107.0], [4498.85, 10893.0], [4498.8, 41148.0], [4498.75, 30.0], [4498.7, 19994.0], [4498.6, 100800.0], [4498.55, 16308.0], [4498.5, 70115.0], [4498.25, 5875.0], [4498.2, 10934.0], [4498.1, 914.0], [4498.0, 50.0], [4497.85, 3271.0], [4497.8, 10902.0], [4497.6, 4279.0]], "asks": [[4500.1, 287835.0], [4500.15, 5000.0], [4500.4, 21747.0], [4500.45, 31052.0], [4500.5, 29704.0], [4500.55, 9219.0], [4500.6, 2516.0], [4500.85, 2250.0], [4500.9, 7500.0], [4501.0, 39246.0], [4501.05, 101919.0], [4501.2, 9150.0], [4501.35, 10896.0], [4501.4, 2507.0], [4501.45, 10504.0], [4501.5, 113.0], [4501.55, 88879.0], [4501.6, 955.0], [4501.75, 1218.0], [4501.85, 4014.0]]}}}
{"jsonrpc": "2.0", "method": "subscription", "params": {"channel": "book.ETH-PERPETUAL.none.20.100ms", "data": {"timestamp": 1758103777481, "change_id": 86850775813, "instrument_name": "ETH-PERPETUAL", "bids": [[4500.05, 24763.0], [4500.0, 50.0], [4499.45, 400.0], [4499.35, 3225.0], [4499.2, 1284.0], [4499.0, 10107.0], [4498.85, 10893.0], [4498.8, 41148.0], [4498.75, 25030.0], [4498.65, 19995.0], [4498.6, 100800.0], [4498.55, 16308.0], [4498.5, 70115.0], [4498.25, 5875.0], [4498.2, 10934.0], [4498.1, 914.0], [4498.0, 50.0], [4497.85, 3271.0], [4497.8, 10902.0], [4497.6, 59772.0]], "asks": [[4500.1, 287835.0], [4500.15, 5000.0], [4500.4, 21747.0], [4500.45, 31052.0], [4500.5, 29704.0], [4500.55, 9219.0], [4500.6, 2516.0], [4500.85, 2250.0], [4500.9, 7500.0], [4501.0, 39246.0], [4501.05, 101919.0], [4501.2, 9150.0], [4501.35, 10896.0], [4501.4, 2507.0], [4501.45, 25671.0], [4501.5, 50113.0], [4501.55, 34594.0], [4501.6, 955.0], [4501.75, 1218.0], [4501.85, 4014.0]]}}}
{"jsonrpc": "2.0", "method": "subscription", "params": {"channel": "book.ETH-PERPETUAL.none.20.100ms", "data": {"timestamp": 1758103777778, "change_id": 86850776056, "instrument_name": "ETH-PERPETUAL", "bids": [[4500.05, 24763.0], [4500.0, 50.0], [4499.45, 400.0], [4499.35, 3225.0], [4499.2, 1284.0], [4499.0, 10107.0], [4498.85, 10893.0], [4498.8, 41148.0], [4498.75, 25030.0], [4498.65, 19995.0], [4498.6, 100800.0], [4498.55, 16308.0], [4498.5, 70115.0], [4498.25, 5875.0], [4498.2, 10934.0], [4498.1, 914.0], [4498.0, 50.0], [4497.85, 3271.0], [4497.8, 10902.0], [4497.6, 59772.0]], "asks": [[4500.1, 287835.0], [4500.15, 5000.0], [4500.4, 21747.0], [4500.45, 31052.0], [4500.5, 29704.0], [4500.55, 9219.0], [4500.6, 2516.0], [4500.85, 2250.0], [4500.9, 7500.0], [4501.0, 39246.0], [4501.05, 101919.0], [4501.2, 9150.0], [4501.35, 10896.0], [4501.4, 2507.0], [4501.45, 25671.0], [4501.5, 50113.0], [4501.55, 89424.0], [4501.6, 955.0], [4501.75, 1218.0], [4501.85, 4014.0]]}}}
{"jsonrpc": "2.0", "method": "subscription", "params": {"channel": "book.ETH-PERPETUAL.none.20.100ms", "data": {"timestamp": 1758103778175, "change_id": 86850776440, "instrument_name": "ETH-PERPETUAL", "bids": [[4500.05, 24763.0], [4500.0, 50.0], [4499.35, 3225.0], [4499.25, 400.0], [4499.2, 1284.0], [4499.0, 10107.0], [4498.85, 10893.0], [4498.8, 41148.0], [4498.75, 25030.0], [4498.65, 19995.0], [4498.6, 100800.0], [4498.55, 4200.0], [4498.5, 14000.0], [4498.25, 5875.0], [4498.2, 10934.0], [4498.1, 914.0], [4498.0, 50.0], [4497.85, 3271.0], [4497.8, 10902.0], [4497.6, 59772.0]], "asks": [[4500.1, 287835.0], [4500.15, 5000.0], [4500.4, 21747.0], [4500.45, 31052.0], [4500.5, 29704.0], [4500.55, 9219.0], [4500.6, 2516.0], [4500.85, 2250.0], [4500.9, 7500.0], [4501.0, 39246.0], [4501.05, 101919.0], [4501.2, 9150.0], [4501.35, 10896.0], [4501.4, 2507.0], [4501.45, 25671.0], [4501.5, 50113.0], [4501.55, 89424.0], [4501.6, 955.0], [4501.75, 1218.0], [4501.85, 4014.0]]}}}
{"jsonrpc": "2.0", "method": "subscription", "params": {"channel": "book.ETH-PERPETUAL.none.20.100ms", "data": {"timestamp": 1758103778478, "change_id": 86850776888, "instrument_name": "ETH-PERPETUAL", "bids": [[4500.05, 24763.0], [4500.0, 50.0], [4499.35, 3225.0], [4499.25, 400.0], [4499.2, 2615.0], [4499.1, 5374.0], [4499.0, 10107.0], [4498.85, 10893.0], [4498.8, 41148.0], [4498.75, 25030.0], [4498.65, 19995.0], [4498.6, 100800.0], [4498.55, 4200.0], [4498.5, 14000.0], [4498.3, 21864.0], [4498.25, 61945.0], [4498.2, 10934.0], [4498.1, 914.0], [4498.0, 50.0], [4497.85, 3271.0]], "asks": [[4500.1, 287835.0], [4500.15, 5000.0], [4500.4, 21747.0], [4500.45, 31052.0], [4500.5, 29704.0], [4500.55, 9219.0], [4500.6, 2516.0], [4500.85, 2250.0], [4500.9, 7500.0], [4501.0, 39246.0], [4501.05, 101919.0], [4501.2, 9150.0], [4501.35, 10896.0], [4501.4, 2507.0], [4501.45, 38939.0], [4501.5, 50113.0], [4501.55, 89424.0], [4501.6, 955.0], [4501.75, 1218.0], [4501.85, 4014.0]]}}}
{"jsonrpc": "2.0", "method": "subscription", "params": {"channel": "book.ETH-PERPETUAL.none.20.100ms", "data": {"timestamp": 1758103778834, "change_id": 86850777403, "instrument_name": "ETH-PERPETUAL", "bids": [[4500.05, 24763.0], [4500.0, 50.0], [4499.35, 3225.0], [4499.2, 2615.0], [4499.15, 400.0], [4499.1, 5374.0], [4499.0, 10107.0], [4498.85, 10893.0], [4498.8, 41148.0], [4498.75, 25030.0], [4498.65, 19995.0], [4498.6, 100800.0], [4498.55, 4200.0], [4498.5, 14000.0], [4498.3, 21864.0], [4498.25, 61945.0], [4498.2, 10934.0], [4498.1, 914.0], [4498.0, 50.0], [4497.85, 3271.0]], "asks": [[4500.1, 287835.0], [4500.15, 5000.0], [4500.4, 21747.0], [4500.45, 31052.0], [4500.5, 29704.0], [4500.55, 9219.0], [4500.6, 2516.0], [4500.85, 2250.0], [4500.9, 7500.0], [4501.0, 39246.0], [4501.05, 101919.0], [4501.2, 9150.0], [4501.35, 10896.0], [4501.4, 2507.0], [4501.5, 113.0], [4501.55, 89424.0], [4501.6, 955.0], [4501.75, 1218.0], [4501.85, 4014.0], [4501.9, 10839.0]]}}}
{"jsonrpc": "2.0", "method": "subscription", "params": {"channel": "book.ETH-PERPETUAL.none.20.100ms", "data": {"timestamp": 1758103779201, "change_id": 86850777620, "instrument_name": "ETH-PERPETUAL", "bids": [[4500.05, 24763.0], [4500.0, 50.0], [4499.35, 3225.0], [4499.2, 2615.0], [4499.15, 400.0], [4499.1, 5374.0], [4499.0, 6943.0], [4498.8, 52492.0], [4498.75, 25030.0], [4498.65, 19995.0], [4498.6, 100800.0], [4498.55, 4200.0], [4498.5, 14000.0], [4498.3, 4059.0], [4498.25, 2595.0], [4498.2, 10934.0], [4498.15, 61877.0], [4498.1, 914.0], [4498.0, 50.0], [4497.85, 3271.0]], "asks": [[4500.1, 287835.0], [4500.15, 5000.0], [4500.4, 21747.0], [4500.45, 31052.0], [4500.5, 29704.0], [4500.55, 9219.0], [4500.6, 2516.0], [4500.85, 2250.0], [4500.9, 7500.0], [4501.0, 39246.0], [4501.05, 101919.0], [4501.2, 9150.0], [4501.35, 10896.0], [4501.4, 2507.0], [4501.5, 50113.0], [4501.55, 89424.0], [4501.6, 955.0], [4501.75, 1218.0], [4501.85, 4014.0], [4501.9, 10839.0]]}}}
{"jsonrpc": "2.0", "method": "subscription", "params": {"channel": "book.ETH-PERPETUAL.none.20.100ms", "data": {"timestamp": 1758103779462, "change_id": 86850778007, "instrument_name": "ETH-PERPETUAL", "bids": [[4500.05, 24763.0], [4500.0, 50.0], [4499.35, 3225.0], [4499.2, 2615.0], [4499.15, 400.0], [4499.1, 5374.0], [4499.0, 10028.0], [4498.85, 10880.0], [4498.8, 52492.0], [4498.75, 25030.0], [4498.65, 19995.0], [4498.6, 105000.0], [4498.5, 14000.0], [4498.3, 4059.0], [4498.25, 2595.0], [4498.2, 29786.0], [4498.15, 61877.0], [4498.1, 914.0], [4498.0, 50.0], [4497.85, 3271.0]], "asks": [[4500.1, 287835.0], [4500.15, 5000.0], [4500.4, 21747.0], [4500.45, 31052.0], [4500.5, 29704.0], [4500.55, 9219.0], [4500.6, 2516.0], [4500.85, 2250.0], [4500.9, 7500.0], [4501.0, 39246.0], [4501.05, 101919.0], [4501.2, 9150.0], [4501.35, 10896.0], [4501.4, 2507.0], [4501.5, 113.0], [4501.55, 89424.0], [4501.6, 955.0], [4501.75, 1218.0], [4501.85, 4014.0], [4501.9, 10839.0]]}}}
{"jsonrpc": "2.0", "method": "subscription", "params": {"channel": "book.ETH-PERPETUAL.none.20.100ms", "data": {"timestamp": 1758103779829, "change_id": 86850778492, "instrument_name": "ETH-PERPETUAL", "bids": [[4500.05, 24763.0], [4500.0, 50.0], [4499.45, 400.0], [4499.35, 3225.0], [4499.2, 2615.0], [4499.1, 5374.0], [4499.0, 10028.0], [4498.85, 10880.0], [4498.8, 52492.0], [4498.75, 25030.0], [4498.65, 19995.0], [4498.6, 105000.0], [4498.5, 14000.0], [4498.3, 4059.0], [4498.25, 2595.0], [4498.2, 29786.0], [4498.15, 61877.0], [4498.1, 914.0], [4498.0, 50.0], [4497.85, 3271.0]], "asks": [[4500.1, 287835.0], [4500.15, 5000.0], [4500.4, 21747.0], [4500.45, 31052.0], [4500.5, 29704.0], [4500.55, 9219.0], [4500.6, 2516.0], [4500.85, 2250.0], [4500.9, 7500.0], [4501.0, 39246.0], [4501.05, 101919.0], [4501.2, 9150.0], [4501.35, 10896.0], [4501.4, 2507.0], [4501.5, 50113.0], [4501.55, 89424.0], [4501.6, 955.0], [4501.75, 1218.0], [4501.85, 4014.0], [4501.9, 10839.0]]}}}
{"jsonrpc": "2.0", "method": "subscription", "params": {"channel": "book.ETH-PERPETUAL.none.20.100ms", "data": {"timestamp": 1758103780155, "change_id": 86850778644, "instrument_name": "ETH-PERPETUAL", "bids": [[4500.05, 24763.0], [4500.0, 50.0], [4499.45, 400.0], [4499.35, 3225.0], [4499.2, 2615.0], [4499.1, 5374.0], [4499.0, 10028.0], [4498.85, 10880.0], [4498.8, 52492.0], [4498.75, 25030.0], [4498.65, 19995.0], [4498.6, 105000.0], [4498.5, 14000.0], [4498.3, 4059.0], [4498.25, 2595.0], [4498.2, 29786.0], [4498.15, 61877.0], [4498.1, 914.0], [4498.0, 50.0], [4497.85, 3271.0]], "asks": [[4500.1, 287835.0], [4500.15, 5000.0], [4500.4, 21747.0], [4500.45, 31052.0], [4500.5, 29704.0], [4500.55, 9219.0], [4500.6, 2516.0], [4500.85, 2250.0], [4500.9, 7500.0], [4501.0, 39246.0], [4501.05, 101919.0], [4501.2, 9150.0], [4501.35, 10896.0], [4501.4, 2507.0], [4501.5, 50113.0], [4501.55, 89424.0], [4501.6, 955.0], [4501.75, 1218.0], [4501.85, 4014.0], [4501.9, 10839.0]]}}}
{"jsonrpc": "2.0", "method": "subscription", "params": {"channel": "book.ETH-PERPETUAL.none.20.100ms", "data": {"timestamp": 1758103780502, "change_id": 86850779035, "instrument_name": "ETH-PERPETUAL", "bids": [[4500.05, 24763.0], [4500.0, 50.0], [4499.35, 3225.0], [4499.3, 400.0], [4499.2, 2615.0], [4499.1, 5374.0], [4499.0, 10028.0], [4498.85, 10880.0], [4498.8, 52492.0], [4498.75, 25030.0], [4498.65, 19995.0], [4498.6, 105000.0], [4498.5, 14000.0], [4498.3, 4059.0], [4498.25, 2595.0], [4498.2, 29786.0], [4498.15, 61877.0], [4498.1, 914.0], [4498.0, 50.0], [4497.85, 3271.0]], "asks": [[4500.1, 287835.0], [4500.15, 5000.0], [4500.4, 21747.0], [4500.45, 31052.0], [4500.5, 29704.0], [4500.55, 9219.0], [4500.6, 2516.0], [4500.85, 2250.0], [4500.9, 7500.0], [4501.0, 39246.0], [4501.05, 101919.0], [4501.2, 9150.0], [4501.35, 10896.0], [4501.4, 2507.0], [4501.5, 27227.0], [4501.55, 89424.0], [4501.6, 955.0], [4501.75, 1218.0], [4501.85, 4014.0], [4501.9, 10839.0]]}}}
{"jsonrpc": "2.0", "method": "subscription", "params": {"channel": "book.ETH-PERPETUAL.none.20.100ms", "data": {"timestamp": 1758103780745, "change_id": 86850779262, "instrument_name": "ETH-PERPETUAL", "bids": [[4500.05, 24763.0], [4500.0, 50.0], [4499.35, 3225.0], [4499.3, 400.0], [4499.2, 2615.0], [4499.1, 5374.0], [4499.0, 10028.0], [4498.85, 10880.0], [4498.8, 52492.0], [4498.75, 25030.0], [4498.65, 19995.0], [4498.6, 105000.0], [4498.5, 14000.0], [4498.3, 4059.0], [4498.25, 2595.0], [4498.2, 29786.0], [4498.15, 61877.0], [4498.1, 914.0], [4498.0, 50.0], [4497.85, 3271.0]], "asks": [[4500.1, 287835.0], [4500.15, 5000.0], [4500.4, 21747.0], [4500.45, 31052.0], [4500.5, 29704.0], [4500.55, 9219.0], [4500.6, 2516.0], [4500.85, 2250.0], [4500.9, 7500.0], [4501.0, 39246.0], [4501.05, 101919.0], [4501.2, 9150.0], [4501.35, 10896.0], [4501.4, 2507.0], [4501.5, 27227.0], [4501.55, 89424.0], [4501.6, 955.0], [4501.75, 1218.0], [4501.85, 4014.0], [4501.9, 10839.0]]}}}
{"jsonrpc": "2.0", "method": "subscription", "params": {"channel": "book.ETH-PERPETUAL.none.20.100ms", "data": {"timestamp": 1758103781181, "change_id": 86850779710, "instrument_name": "ETH-PERPETUAL", "bids": [[4500.05, 24763.0], [4500.0, 50.0], [4499.35, 3625.0], [4499.2, 2615.0], [4499.1, 5374.0], [4499.0, 15641.0], [4498.85, 30875.0], [4498.8, 52492.0], [4498.75, 25030.0], [4498.6, 105000.0], [4498.5, 14000.0], [4498.3, 4059.0], [4498.25, 2595.0], [4498.2, 10934.0], [4498.1, 914.0], [4498.0, 50.0], [4497.85, 3271.0], [4497.8, 10902.0], [4497.65, 16648.0], [4497.6, 59772.0]], "asks": [[4500.1, 283125.0], [4500.15, 5000.0], [4500.4, 21747.0], [4500.45, 31052.0], [4500.5, 29704.0], [4500.55, 9219.0], [4500.6, 2516.0], [4500.85, 2250.0], [4500.9, 7500.0], [4501.0, 39246.0], [4501.05, 101919.0], [4501.2, 9150.0], [4501.35, 10896.0], [4501.4, 2507.0], [4501.5, 27227.0], [4501.55, 89424.0], [4501.6, 955.0], [4501.75, 1218.0], [4501.85, 4014.0], [4501.9, 10839.0]]}}}
{"jsonrpc": "2.0", "method": "subscription", "params": {"channel": "book.ETH-PERPETUAL.none.20.100ms", "data": {"timestamp": 1758103781477, "change_id": 86850780095, "instrument_name": "ETH-PERPETUAL", "bids": [[4500.05, 24763.0], [4500.0, 50.0], [4499.35, 3625.0], [4499.2, 2615.0], [4499.1, 5374.0], [4499.0, 15641.0], [4498.85, 10880.0], [4498.8, 72487.0], [4498.75, 25030.0], [4498.6, 105000.0], [4498.5, 14000.0], [4498.3, 4059.0], [4498.25, 2595.0], [4498.2, 10934.0], [4498.1, 20114.0], [4498.05, 63950.0], [4498.0, 50.0], [4497.85, 3271.0], [4497.8, 10902.0], [4497.65, 16648.0]], "asks": [[4500.1, 287905.0], [4500.15, 5000.0], [4500.4, 21747.0], [4500.45, 31052.0], [4500.5, 29704.0], [4500.55, 9219.0], [4500.6, 2516.0], [4500.85, 2250.0], [4500.9, 7500.0], [4501.0, 39246.0], [4501.05, 101919.0], [4501.2, 9150.0], [4501.35, 10896.0], [4501.4, 2507.0], [4501.5, 27126.0], [4501.55, 89424.0], [4501.6, 955.0], [4501.75, 1218.0], [4501.85, 18536.0], [4501.9, 10839.0]]}}}
{"jsonrpc": "2.0", "method": "subscription", "params": {"channel": "book.ETH-PERPETUAL.none.20.100ms", "data": {"timestamp": 1758103781800, "change_id": 86850780409, "instrument_name": "ETH-PERPETUAL", "bids": [[4500.05, 24763.0], [4500.0, 50.0], [4499.35, 3625.0], [4499.2, 2615.0], [4499.1, 5374.0], [4499.0, 15641.0], [4498.85, 30870.0], [4498.8, 52492.0], [4498.75, 25030.0], [4498.6, 105000.0], [4498.5, 14000.0], [4498.3, 4059.0], [4498.25, 2595.0], [4498.2, 10934.0], [4498.1, 20114.0], [4498.05, 63950.0], [4498.0, 50.0], [4497.85, 3271.0], [4497.8, 10902.0], [4497.65, 16648.0]], "asks": [[4500.1, 287905.0], [4500.15, 5000.0], [4500.4, 21747.0], [4500.45, 31052.0], [4500.5, 29704.0], [4500.55, 9219.0], [4500.6, 2516.0], [4500.85, 2250.0], [4500.9, 7500.0], [4501.0, 39246.0], [4501.05, 101919.0], [4501.2, 9150.0], [4501.35, 10896.0], [4501.4, 2507.0], [4501.5, 27126.0], [4501.55, 89424.0], [4501.6, 955.0], [4501.75, 1218.0], [4501.85, 4014.0], [4501.9, 10839.0]]}}}
{"jsonrpc": "2.0", "method": "subscription", "params": {"channel": "book.ETH-PERPETUAL.none.20.100ms", "data": {"timestamp": 1758103782163, "change_id": 86850780796, "instrument_name": "ETH-PERPETUAL", "bids": [[4500.05, 24763.0], [4500.0, 50.0], [4499.55, 400.0], [4499.45, 1164.0], [4499.4, 3879.0], [4499.35, 3225.0], [4499.2, 8390.0], [4499.15, 19995.0], [4499.1, 5374.0], [4499.05, 2596.0], [4499.0, 16919.0], [4498.95, 25000.0], [4498.85, 24875.0], [4498.8, 41142.0], [4498.6, 100800.0], [4498.3, 4059.0], [4498.25, 2595.0], [4498.2, 10934.0], [4498.1, 20114.0], [4498.05, 63950.0]], "asks": [[4500.1, 283125.0], [4500.4, 21747.0], [4500.45, 31052.0], [4500.5, 29704.0], [4500.55, 9219.0], [4500.6, 2516.0], [4500.85, 2250.0], [4500.9, 7500.0], [4501.0, 39246.0], [4501.05, 101919.0], [4501.2, 9150.0], [4501.35, 10896.0], [4501.4, 2507.0], [4501.5, 27126.0], [4501.55, 89424.0], [4501.6, 955.0], [4501.75, 1218.0], [4501.85, 4014.0], [4501.9, 10839.0], [4502.0, 52541.0]]}}}
{"jsonrpc": "2.0", "method": "subscription", "params": {"channel": "book.ETH-PERPETUAL.none.20.100ms", "data": {"timestamp": 1758103782521, "change_id": 86850781232, "instrument_name": "ETH-PERPETUAL", "bids": [[4500.05, 24763.0], [4500.0, 50.0], [4499.55, 400.0], [4499.45, 1164.0], [4499.4, 3879.0], [4499.35, 3225.0], [4499.2, 8390.0], [4499.1, 19995.0], [4499.05, 2596.0], [4499.0, 16919.0], [4498.95, 25000.0], [4498.85, 24875.0], [4498.8, 41142.0], [4498.6, 100800.0], [4498.3, 4059.0], [4498.25, 2595.0], [4498.2, 10934.0], [4498.1, 20114.0], [4498.05, 63950.0], [4498.0, 50.0]], "asks": [[4500.1, 283125.0], [4500.15, 1500.0], [4500.2, 5000.0], [4500.4, 21747.0], [4500.45, 31052.0], [4500.5, 29704.0], [4500.55, 9219.0], [4500.6, 2516.0], [4500.85, 2250.0], [4500.9, 7500.0], [4501.0, 39246.0], [4501.05, 101919.0], [4501.2, 9150.0], [4501.35, 10896.0], [4501.4, 2507.0], [4501.5, 27126.0], [4501.55, 89424.0], [4501.6, 955.0], [4501.75, 1218.0], [4501.85, 18512.0]]}}}
{"jsonrpc": "2.0", "method": "subscription", "params": {"channel": "book.ETH-PERPETUAL.none.20.100ms", "data": {"timestamp": 1758103782745, "change_id": 86850781460, "instrument_name": "ETH-PERPETUAL", "bids": [[4500.05, 24763.0], [4500.0, 50.0], [4499.6, 23100.0], [4499.45, 1164.0], [4499.4, 4967.0], [4499.35, 3625.0], [4499.2, 15051.0], [4499.15, 19995.0], [4499.1, 31044.0], [4499.05, 2596.0], [4499.0, 16919.0], [4498.95, 25000.0], [4498.85, 24875.0], [4498.8, 41142.0], [4498.6, 100800.0], [4498.3, 4059.0], [4498.25, 2595.0], [4498.2, 10934.0], [4498.1, 20114.0], [4498.05, 63950.0]], "asks": [[4500.1, 283125.0], [4500.15, 1500.0], [4500.2, 5000.0], [4500.4, 21747.0], [4500.45, 31052.0], [4500.5, 29704.0], [4500.55, 9219.0], [4500.6, 2516.0], [4500.85, 2250.0], [4500.9, 7500.0], [4501.0, 39246.0], [4501.05, 101919.0], [4501.2, 9150.0], [4501.35, 10896.0], [4501.4, 2507.0], [4501.5, 12.0], [4501.55, 34594.0], [4501.6, 955.0], [4501.75, 1218.0], [4501.85, 18512.0]]}}}
{"jsonrpc": "2.0", "method": "subscription", "params": {"channel": "book.ETH-PERPETUAL.none.20.100ms", "data": {"timestamp": 1758103783179, "change_id": 86850781841, "instrument_name": "ETH-PERPETUAL", "bids": [[4500.05, 24763.0], [4500.0, 50.0], [4499.6, 23100.0], [4499.45, 1164.0], [4499.4, 4967.0], [4499.35, 3625.0], [4499.2, 15051.0], [4499.15, 19995.0], [4499.1, 31044.0], [4499.05, 2596.0], [4499.0, 16919.0], [4498.95, 25000.0], [4498.85, 24875.0], [4498.8, 41142.0], [4498.6, 100800.0], [4498.3, 4059.0], [4498.25, 2595.0], [4498.2, 10934.0], [4498.1, 20114.0], [4498.05, 63950.0]], "asks": [[4500.1, 283125.0], [4500.25, 1500.0], [4500.3, 5000.0], [4500.4, 21747.0], [4500.45, 31052.0], [4500.5, 29704.0], [4500.55, 9219.0], [4500.6, 2516.0], [4500.85, 2250.0], [4500.9, 7500.0], [4501.0, 39246.0], [4501.05, 101919.0], [4501.2, 9150.0], [4501.35, 10896.0], [4501.4, 2507.0], [4501.5, 50000.0], [4501.55, 34594.0], [4501.6, 955.0], [4501.7, 54033.0], [4501.75, 1218.0]]}}}
{"jsonrpc": "2.0", "method": "subscription", "params": {"channel": "book.ETH-PERPETUAL.none.20.100ms", "data": {"timestamp": 1758103783508, "change_id": 86850782257, "instrument_name": "ETH-PERPETUAL", "bids": [[4500.05, 24792.0], [4500.0, 50.0], [4499.85, 400.0], [4499.75, 34.0], [4499.6, 23100.0], [4499.45, 1164.0], [4499.4, 4967.0], [4499.35, 3225.0], [4499.2, 15051.0], [4499.15, 19995.0], [4499.1, 31044.0], [4499.05, 2596.0], [4499.0, 16919.0], [4498.95, 25000.0], [4498.85, 24875.0], [4498.8, 41142.0], [4498.6, 100800.0], [4498.3, 4059.0], [4498.25, 2595.0], [4498.2, 10934.0]], "asks": [[4500.1, 283125.0], [4500.25, 1500.0], [4500.3, 5000.0], [4500.4, 21747.0], [4500.45, 31052.0], [4500.5, 29704.0], [4500.55, 9219.0], [4500.6, 2516.0], [4500.85, 2250.0], [4500.9, 7500.0], [4501.0, 39246.0], [4501.05, 101919.0], [4501.2, 9150.0], [4501.35, 10896.0], [4501.4, 2507.0], [4501.55, 34594.0], [4501.6, 955.0], [4501.65, 16575.0], [4501.7, 54033.0], [4501.75, 1218.0]]}}}
{"jsonrpc": "2.0", "method": "subscription", "params": {"channel": "book.ETH-PERPETUAL.none.20.100ms", "data": {"timestamp": 1758103783802, "change_id": 86850782578, "instrument_name": "ETH-PERPETUAL", "bids": [[4500.05, 24792.0], [4500.0, 50.0], [4499.85, 400.0], [4499.75, 34.0], [4499.45, 1164.0], [4499.4, 4967.0], [4499.35, 3225.0], [4499.2, 15051.0], [4499.15, 19995.0], [4499.1, 31044.0], [4499.05, 2596.0], [4499.0, 16987.0], [4498.95, 25000.0], [4498.85, 24875.0], [4498.8, 41142.0], [4498.6, 100800.0], [4498.3, 4059.0], [4498.25, 2595.0], [4498.2, 10934.0], [4498.1, 20114.0]], "asks": [[4500.1, 253425.0], [4500.4, 21747.0], [4500.45, 31052.0], [4500.5, 29704.0], [4500.55, 9219.0], [4500.6, 2516.0], [4500.75, 5.0], [4500.85, 2250.0], [4500.9, 7500.0], [4501.0, 39246.0], [4501.05, 101919.0], [4501.2, 9150.0], [4501.35, 10896.0], [4501.4, 2507.0], [4501.5, 146.0], [4501.55, 34594.0], [4501.6, 955.0], [4501.65, 16575.0], [4501.7, 54033.0], [4501.75, 1287.0]]}}}
{"jsonrpc": "2.0", "method": "subscription", "params": {"channel": "book.ETH-PERPETUAL.none.20.100ms", "data": {"timestamp": 1758103784159, "change_id": 86850782883, "instrument_name": "ETH-PERPETUAL", "bids": [[4500.05, 24792.0], [4500.0, 50.0], [4499.75, 34.0], [4499.6, 400.0], [4499.45, 1164.0], [4499.4, 4967.0], [4499.35, 3225.0], [4499.2, 15051.0], [4499.15, 19995.0], [4499.1, 31044.0], [4499.05, 2596.0], [4499.0, 16987.0], [4498.95, 25000.0], [4498.85, 24875.0], [4498.8, 41142.0], [4498.6, 100800.0], [4498.3, 4059.0], [4498.25, 2595.0], [4498.2, 10934.0], [4498.1, 20114.0]], "asks": [[4500.1, 253425.0], [4500.4, 21747.0], [4500.45, 31052.0], [4500.5, 29704.0], [4500.55, 1835.0], [4500.6, 2516.0], [4500.75, 5.0], [4500.85, 2250.0], [4500.9, 7500.0], [4501.0, 39246.0], [4501.05, 101919.0], [4501.2, 9150.0], [4501.35, 10896.0], [4501.4, 2507.0], [4501.5, 146.0], [4501.55, 34594.0], [4501.6, 955.0], [4501.65, 16575.0], [4501.7, 54033.0], [4501.75, 1287.0]]}}}
{"jsonrpc": "2.0", "method": "subscription", "params": {"channel": "book.ETH-PERPETUAL.none.20.100ms", "data": {"timestamp": 1758103784476, "change_id": 86850783294, "instrument_name": "ETH-PERPETUAL", "bids": [[4500.05, 24792.0], [4500.0, 50.0], [4499.75, 34.0], [4499.6, 400.0], [4499.45, 1164.0], [4499.4, 4967.0], [4499.35, 3225.0], [4499.2, 15051.0], [4499.15, 19995.0], [4499.1, 31044.0], [4499.05, 2596.0], [4499.0, 16987.0], [4498.95, 25000.0], [4498.85, 24875.0], [4498.8, 41142.0], [4498.6, 100800.0], [4498.3, 4059.0], [4498.25, 2595.0], [4498.2, 10934.0], [4498.1, 20114.0]], "asks": [[4500.1, 260809.0], [4500.2, 31553.0], [4500.25, 105800.0], [4500.4, 21747.0], [4500.45, 31052.0], [4500.5, 29704.0], [4500.55, 1835.0], [4500.6, 2516.0], [4500.75, 5.0], [4500.85, 2250.0], [4500.9, 7500.0], [4501.0, 3081.0], [4501.05, 1119.0], [4501.2, 9150.0], [4501.35, 10896.0], [4501.4, 2507.0], [4501.5, 50146.0], [4501.55, 27500.0], [4501.6, 955.0], [4501.65, 16575.0]]}}}
{"jsonrpc": "2.0", "method": "subscription", "params": {"channel": "book.ETH-PERPETUAL.none.20.100ms", "data": {"timestamp": 1758103784786, "change_id": 86850783525, "instrument_name": "ETH-PERPETUAL", "bids": [[4500.05, 24792.0], [4500.0, 50.0], [4499.75, 34.0], [4499.45, 1164.0], [4499.4, 5367.0], [4499.35, 3225.0], [4499.2, 15051.0], [4499.15, 19995.0], [4499.1, 31044.0], [4499.05, 2596.0], [4499.0, 16987.0], [4498.95, 25000.0], [4498.85, 24875.0], [4498.8, 41142.0], [4498.6, 100800.0], [4498.3, 4059.0], [4498.25, 2595.0], [4498.2, 10934.0], [4498.1, 20114.0], [4498.05, 63950.0]], "asks": [[4500.1, 290509.0], [4500.2, 31553.0], [4500.25, 105800.0], [4500.4, 11162.0], [4500.45, 31052.0], [4500.5, 1804.0], [4500.55, 1835.0], [4500.6, 2516.0], [4500.75, 5.0], [4500.85, 2250.0], [4500.9, 7500.0], [4501.0, 3081.0], [4501.05, 1119.0], [4501.2, 9150.0], [4501.35, 10896.0], [4501.4, 2507.0], [4501.45, 23580.0], [4501.5, 50146.0], [4501.55, 27500.0], [4501.6, 955.0]]}}}
{"jsonrpc": "2.0", "method": "subscription", "params": {"channel": "book.ETH-PERPETUAL.none.20.100ms", "data": {"timestamp": 1758103785147, "change_id": 86850783885, "instrument_name": "ETH-PERPETUAL", "bids": [[4500.05, 24792.0], [4500.0, 50.0], [4499.75, 34.0], [4499.45, 1164.0], [4499.4, 5367.0], [4499.35, 3225.0], [4499.2, 21739.0], [4499.15, 19995.0], [4499.1, 31044.0], [4499.05, 27596.0], [4499.0, 10828.0], [4498.85, 24875.0], [4498.8, 41142.0], [4498.6, 100800.0], [4498.3, 4059.0], [4498.25, 2595.0], [4498.2, 10934.0], [4498.1, 20114.0], [4498.05, 63950.0], [4498.0, 50.0]], "asks": [[4500.1, 287993.0], [4500.2, 31553.0], [4500.25, 100800.0], [4500.4, 11162.0], [4500.45, 31052.0], [4500.5, 1804.0], [4500.55, 1835.0], [4500.6, 2516.0], [4500.75, 5.0], [4500.85, 2250.0], [4500.9, 7500.0], [4501.0, 3081.0], [4501.05, 1119.0], [4501.2, 9150.0], [4501.35, 10896.0], [4501.4, 2507.0], [4501.5, 146.0], [4501.55, 27500.0], [4501.6, 955.0], [4501.65, 16575.0]]}}}
{"jsonrpc": "2.0", "method": "subscription", "params": {"channel": "book.ETH-PERPETUAL.none.20.100ms", "data": {"timestamp": 1758103785479, "change_id": 86850784265, "instrument_name": "ETH-PERPETUAL", "bids": [[4500.05, 24747.0], [4500.0, 50.0], [4499.75, 34.0], [4499.45, 1564.0], [4499.4, 4967.0], [4499.35, 3225.0], [4499.2, 14307.0], [4499.15, 19995.0], [4499.05, 27596.0], [4499.0, 10828.0], [4498.85, 24875.0], [4498.8, 41142.0], [4498.6, 100800.0], [4498.3, 4059.0], [4498.25, 2595.0], [4498.2, 10934.0], [4498.1, 20114.0], [4498.05, 63950.0], [4498.0, 50.0], [4497.9, 1119.0]], "asks": [[4500.1, 287993.0], [4500.2, 31553.0], [4500.25, 100800.0], [4500.4, 11162.0], [4500.45, 31052.0], [4500.5, 1804.0], [4500.55, 1835.0], [4500.6, 2516.0], [4500.75, 5.0], [4500.85, 2250.0], [4500.9, 7500.0], [4501.0, 3081.0], [4501.05, 1119.0], [4501.2, 9150.0], [4501.35, 10896.0], [4501.4, 2507.0], [4501.5, 146.0], [4501.55, 27500.0], [4501.6, 955.0], [4501.65, 16575.0]]}}}
{"jsonrpc": "2.0", "method": "subscription", "params": {"channel": "book.ETH-PERPETUAL.none.20.100ms", "data": {"timestamp": 1758103785792, "change_id": 86850784525, "instrument_name": "ETH-PERPETUAL", "bids": [[4500.05, 24204.0], [4500.0, 50.0], [4499.8, 24600.0], [4499.75, 34.0], [4499.45, 1564.0], [4499.4, 10709.0], [4499.35, 3225.0], [4499.25, 19995.0], [4499.2, 21961.0], [4499.1, 31044.0], [4499.05, 27596.0], [4499.0, 10828.0], [4498.85, 24875.0], [4498.8, 41142.0], [4498.6, 100800.0], [4498.3, 4059.0], [4498.25, 2595.0], [4498.2, 10934.0], [4498.1, 20114.0], [4498.05, 63950.0]], "asks": [[4500.1, 287993.0], [4500.2, 31553.0], [4500.25, 105800.0], [4500.4, 11162.0], [4500.45, 31052.0], [4500.5, 1804.0], [4500.55, 1835.0], [4500.6, 2516.0], [4500.75, 5.0], [4500.85, 2250.0], [4500.9, 7500.0], [4501.0, 3081.0], [4501.05, 1119.0], [4501.2, 9150.0], [4501.35, 10896.0], [4501.4, 2507.0], [4501.5, 50146.0], [4501.55, 27500.0], [4501.6, 955.0], [4501.65, 16575.0]]}}}
{"jsonrpc": "2.0", "method": "subscription", "params": {"channel": "book.ETH-PERPETUAL.none.20.100ms", "data": {"timestamp": 1758103786062, "change_id": 86850784752, "instrument_name": "ETH-PERPETUAL", "bids": [[4500.05, 24204.0], [4500.0, 50.0], [4499.95, 400.0], [4499.8, 24600.0], [4499.75, 34.0], [4499.45, 1164.0], [4499.4, 4967.0], [4499.35, 3225.0], [4499.2, 21961.0], [4499.15, 19995.0], [4499.1, 31044.0], [4499.05, 27596.0], [4499.0, 10828.0], [4498.85, 24875.0], [4498.8, 41142.0], [4498.6, 100800.0], [4498.3, 4059.0], [4498.25, 2595.0], [4498.2, 10934.0], [4498.1, 20114.0]], "asks": [[4500.1, 287993.0], [4500.2, 31553.0], [4500.25, 105800.0], [4500.4, 11162.0], [4500.45, 31052.0], [4500.5, 1804.0], [4500.55, 1835.0], [4500.6, 2516.0], [4500.75, 5.0], [4500.85, 2250.0], [4500.9, 7500.0], [4501.0, 3081.0], [4501.05, 1119.0], [4501.2, 9150.0], [4501.35, 10896.0], [4501.4, 2507.0], [4501.5, 146.0], [4501.55, 27500.0], [4501.6, 955.0], [4501.65, 16575.0]]}}}
{"jsonrpc": "2.0", "method": "subscription", "params": {"channel": "book.ETH-PERPETUAL.none.20.100ms", "data": {"timestamp": 1758103786324, "change_id": 86850785146, "instrument_name": "ETH-PERPETUAL", "bids": [[4500.05, 24204.0], [4500.0, 50.0], [4499.95, 400.0], [4499.8, 24600.0], [4499.75, 34.0], [4499.45, 1164.0], [4499.4, 4967.0], [4499.35, 3225.0], [4499.2, 21961.0], [4499.15, 19995.0], [4499.1, 31044.0], [4499.05, 27596.0], [4499.0, 10828.0], [4498.85, 24875.0], [4498.8, 41142.0], [4498.6, 100800.0], [4498.3, 4059.0], [4498.25, 2595.0], [4498.2, 10934.0], [4498.1, 20114.0]], "asks": [[4500.1, 287993.0], [4500.2, 31553.0], [4500.25, 105800.0], [4500.4, 11162.0], [4500.45, 31052.0], [4500.5, 1804.0], [4500.55, 1835.0], [4500.6, 2516.0], [4500.75, 5.0], [4500.85, 2250.0], [4500.9, 7500.0], [4501.0, 3081.0], [4501.05, 1119.0], [4501.2, 9150.0], [4501.35, 10896.0], [4501.4, 2507.0], [4501.5, 50146.0], [4501.55, 27500.0], [4501.6, 955.0], [4501.65, 16575.0]]}}}
{"jsonrpc": "2.0", "method": "subscription", "params": {"channel": "book.ETH-PERPETUAL.none.20.100ms", "data": {"timestamp": 1758103786725, "change_id": 86850785446, "instrument_name": "ETH-PERPETUAL", "bids": [[4500.05, 24204.0], [4500.0, 50.0], [4499.8, 24600.0], [4499.75, 34.0], [4499.6, 400.0], [4499.45, 1164.0], [4499.4, 4967.0], [4499.35, 3225.0], [4499.2, 21961.0], [4499.15, 19995.0], [4499.1, 31044.0], [4499.05, 27596.0], [4499.0, 10828.0], [4498.85, 24875.0], [4498.8, 41142.0], [4498.6, 100800.0], [4498.3, 4059.0], [4498.25, 2595.0], [4498.2, 10934.0], [4498.1, 20114.0]], "asks": [[4500.1, 287993.0], [4500.2, 31553.0], [4500.25, 105800.0], [4500.4, 11162.0], [4500.45, 31052.0], [4500.5, 1804.0], [4500.55, 1835.0], [4500.6, 2516.0], [4500.75, 5.0], [4500.85, 2250.0], [4500.9, 7500.0], [4501.0, 3081.0], [4501.05, 1119.0], [4501.2, 9150.0], [4501.35, 10896.0], [4501.4, 2507.0], [4501.5, 50146.0], [4501.55, 27500.0], [4501.6, 955.0], [4501.65, 16575.0]]}}}
{"jsonrpc": "2.0", "method": "subscription", "params": {"channel": "book.ETH-PERPETUAL.none.20.100ms", "data": {"timestamp": 1758103787143, "change_id": 86850785923, "instrument_name": "ETH-PERPETUAL", "bids": [[4500.05, 24204.0], [4500.0, 50.0], [4499.8, 24600.0], [4499.75, 34.0], [4499.65, 1284.0], [4499.6, 4279.0], [4499.4, 1088.0], [4499.35, 3225.0], [4499.2, 14307.0], [4499.15, 19995.0], [4499.05, 27596.0], [4499.0, 10828.0], [4498.85, 24875.0], [4498.8, 41142.0], [4498.6, 100800.0], [4498.3, 4059.0], [4498.25, 2595.0], [4498.2, 10934.0], [4498.1, 20114.0], [4498.05, 63950.0]], "asks": [[4500.1, 287662.0], [4500.2, 31553.0], [4500.25, 100800.0], [4500.4, 1847.0], [4500.5, 1804.0], [4500.55, 1835.0], [4500.6, 2516.0], [4500.75, 5.0], [4500.85, 2250.0], [4500.9, 7500.0], [4501.0, 3081.0], [4501.05, 1119.0], [4501.2, 9150.0], [4501.35, 10896.0], [4501.4, 2507.0], [4501.5, 146.0], [4501.55, 27500.0], [4501.6, 955.0], [4501.75, 1287.0], [4501.85, 4014.0]]}}}
{"jsonrpc": "2.0", "method": "subscription", "params": {"channel": "book.ETH-PERPETUAL.none.20.100ms", "data": {"timestamp": 1758103787436, "change_id": 86850786321, "instrument_name": "ETH-PERPETUAL", "bids": [[4500.05, 24204.0], [4500.0, 50.0], [4499.8, 24600.0], [4499.75, 34.0], [4499.65, 1284.0], [4499.6, 4279.0], [4499.4, 6830.0], [4499.35, 3225.0], [4499.25, 19995.0], [4499.2, 8308.0], [4499.05, 27596.0], [4499.0, 98.0], [4498.9, 10730.0], [4498.85, 24875.0], [4498.8, 41142.0], [4498.6, 100800.0], [4498.3, 4059.0], [4498.25, 2595.0], [4498.2, 10934.0], [4498.1, 20114.0]], "asks": [[4500.1, 287662.0], [4500.2, 31553.0], [4500.25, 100800.0], [4500.4, 3116.0], [4500.45, 5000.0], [4500.5, 1804.0], [4500.55, 1835.0], [4500.6, 2516.0], [4500.75, 5.0], [4500.85, 2250.0], [4500.9, 7500.0], [4501.0, 3081.0], [4501.05, 1119.0], [4501.2, 9150.0], [4501.35, 10896.0], [4501.4, 2507.0], [4501.5, 146.0], [4501.55, 27500.0], [4501.6, 7913.0], [4501.75, 1287.0]]}}}
{"jsonrpc": "2.0", "method": "subscription", "params": {"channel": "book.ETH-PERPETUAL.none.20.100ms", "data": {"timestamp": 1758103787777, "change_id": 86850786578, "instrument_name": "ETH-PERPETUAL", "bids": [[4500.05, 24204.0], [4500.0, 50.0], [4499.8, 24600.0], [4499.75, 34.0], [4499.7, 400.0], [4499.65, 1284.0], [4499.6, 3879.0], [4499.4, 6830.0], [4499.35, 3225.0], [4499.25, 19995.0], [4499.2, 16583.0], [4499.05, 27596.0], [4499.0, 31141.0], [4498.9, 10730.0], [4498.85, 24875.0], [4498.8, 41142.0], [4498.6, 100800.0], [4498.3, 4059.0], [4498.25, 2595.0], [4498.2, 10934.0]], "asks": [[4500.1, 287662.0], [4500.2, 31553.0], [4500.25, 100800.0], [4500.4, 3116.0], [4500.45, 5000.0], [4500.5, 1804.0], [4500.55, 1835.0], [4500.6, 2516.0], [4500.75, 9322.0], [4500.8, 31055.0], [4500.85, 2250.0], [4500.9, 7500.0], [4501.0, 3081.0], [4501.05, 1119.0], [4501.2, 9150.0], [4501.35, 10896.0], [4501.4, 2507.0], [4501.5, 146.0], [4501.55, 27500.0], [4501.6, 7913.0]]}}}
{"jsonrpc": "2.0", "method": "subscription", "params": {"channel": "book.ETH-PERPETUAL.none.20.100ms", "data": {"timestamp": 1758103788107, "change_id": 86850787058, "instrument_name": "ETH-PERPETUAL", "bids": [[4500.05, 24204.0], [4500.0, 50.0], [4499.75, 34.0], [4499.7, 400.0], [4499.4, 2131.0], [4499.35, 7104.0], [4499.15, 19995.0], [4499.1, 17621.0], [4499.05, 25000.0], [4499.0, 31141.0], [4498.9, 10730.0], [4498.85, 24875.0], [4498.8, 41142.0], [4498.6, 100800.0], [4498.3, 4059.0], [4498.25, 2595.0], [4498.2, 10934.0], [4498.1, 914.0], [4498.0, 67776.0], [4497.9, 1119.0]], "asks": [[4500.1, 287982.0], [4500.2, 31553.0], [4500.25, 100800.0], [4500.4, 1847.0], [4500.5, 1804.0], [4500.55, 1835.0], [4500.6, 2516.0], [4500.75, 9322.0], [4500.8, 31055.0], [4500.85, 2250.0], [4500.9, 7500.0], [4501.0, 3081.0], [4501.05, 1119.0], [4501.2, 9150.0], [4501.35, 10896.0], [4501.4, 2507.0], [4501.5, 50146.0], [4501.55, 27500.0], [4501.6, 7913.0], [4501.75, 1287.0]]}}}
{"jsonrpc": "2.0", "method": "subscription", "params": {"channel": "book.ETH-PERPETUAL.none.20.100ms", "data": {"timestamp": 1758103788433, "change_id": 86850787656, "instrument_name": "ETH-PERPETUAL", "bids": [[4500.05, 24204.0], [4500.0, 50.0], [4499.75, 434.0], [4499.35, 3225.0], [4499.2, 3879.0], [4499.0, 98.0], [4498.9, 16889.0], [4498.85, 44837.0], [4498.8, 66142.0], [4498.6, 100800.0], [4498.3, 22139.0], [4498.25, 64554.0], [4498.2, 10934.0], [4498.1, 914.0], [4498.0, 50.0], [4497.9, 1119.0], [4497.85, 3271.0], [4497.8, 10902.0], [4497.6, 4279.0], [4497.55, 13469.0]], "asks": [[4500.1, 287982.0], [4500.2, 31553.0], [4500.25, 100800.0], [4500.4, 1847.0], [4500.5, 1804.0], [4500.55, 1835.0], [4500.6, 2516.0], [4500.75, 9322.0], [4500.8, 31055.0], [4500.85, 2250.0], [4500.9, 7500.0], [4501.0, 3081.0], [4501.05, 1119.0], [4501.2, 9150.0], [4501.35, 10896.0], [4501.4, 2507.0], [4501.5, 146.0], [4501.55, 27500.0], [4501.6, 7913.0], [4501.75, 1287.0]]}}}
{"jsonrpc": "2.0", "method": "subscription", "params": {"channel": "book.ETH-PERPETUAL.none.20.100ms", "data": {"timestamp": 1758103788749, "change_id": 86850787894, "instrument_name": "ETH-PERPETUAL", "bids": [[4500.05, 24204.0], [4500.0, 50.0], [4499.75, 434.0], [4499.35, 3225.0], [4499.2, 3879.0], [4499.0, 98.0], [4498.9, 16889.0], [4498.85, 44837.0], [4498.8, 66142.0], [4498.6, 100800.0], [4498.3, 22139.0], [4498.25, 64554.0], [4498.2, 10934.0], [4498.1, 914.0], [4498.0, 50.0], [4497.85, 3271.0], [4497.8, 10902.0], [4497.6, 4279.0], [4497.55, 13469.0], [4497.5, 53165.0]], "asks": [[4500.1, 292362.0], [4500.2, 31553.0], [4500.25, 100800.0], [4500.4, 1847.0], [4500.5, 1804.0], [4500.55, 1835.0], [4500.6, 2516.0], [4500.75, 5.0], [4500.85, 2250.0], [4500.9, 7500.0], [4501.0, 3081.0], [4501.05, 1119.0], [4501.2, 9150.0], [4501.35, 10896.0], [4501.4, 2507.0], [4501.5, 146.0], [4501.55, 81462.0], [4501.6, 7913.0], [4501.75, 69.0], [4501.85, 4014.0]]}}}
{"jsonrpc": "2.0", "method": "subscription", "params": {"channel": "book.ETH-PERPETUAL.none.20.100ms", "data": {"timestamp": 1758103789069, "change_id": 86850788243, "instrument_name": "ETH-PERPETUAL", "bids": [[4500.05, 24204.0], [4500.0, 50.0], [4499.75, 434.0], [4499.35, 3225.0], [4499.2, 3879.0], [4499.05, 4323.0], [4499.0, 14409.0], [4498.95, 19995.0], [4498.9, 16889.0], [4498.85, 24842.0], [4498.8, 66142.0], [4498.6, 100800.0], [4498.3, 22139.0], [4498.25, 64554.0], [4498.2, 10934.0], [4498.1, 914.0], [4498.0, 50.0], [4497.85, 3271.0], [4497.8, 10902.0], [4497.6, 19455.0]], "asks": [[4500.1, 292362.0], [4500.2, 31553.0], [4500.25, 100800.0], [4500.4, 10931.0], [4500.45, 31052.0], [4500.5, 1804.0], [4500.55, 1835.0], [4500.6, 2516.0], [4500.75, 5.0], [4500.85, 2250.0], [4500.9, 7500.0], [4501.0, 4299.0], [4501.05, 1119.0], [4501.2, 9150.0], [4501.35, 10896.0], [4501.4, 2507.0], [4501.5, 26959.0], [4501.55, 81462.0], [4501.6, 7913.0], [4501.75, 69.0]]}}}
{"jsonrpc": "2.0", "method": "subscription", "params": {"channel": "book.ETH-PERPETUAL.none.20.100ms", "data": {"timestamp": 1758103789410, "change_id": 86850788663, "instrument_name": "ETH-PERPETUAL", "bids": [[4500.05, 24204.0], [4500.0, 50.0], [4499.9, 400.0], [4499.75, 34.0], [4499.35, 3225.0], [4499.2, 3879.0], [4499.05, 4323.0], [4499.0, 14409.0], [4498.95, 19995.0], [4498.9, 16889.0], [4498.85, 24842.0], [4498.8, 66142.0], [4498.6, 100800.0], [4498.3, 22894.0], [4498.25, 67072.0], [4498.2, 10934.0], [4498.1, 914.0], [4498.0, 50.0], [4497.85, 3271.0], [4497.8, 10902.0]], "asks": [[4500.1, 292362.0], [4500.2, 36553.0], [4500.25, 100800.0], [4500.4, 10931.0], [4500.45, 31052.0], [4500.5, 1804.0], [4500.55, 1835.0], [4500.6, 2516.0], [4500.75, 5.0], [4500.85, 2250.0], [4500.9, 7500.0], [4501.0, 4299.0], [4501.05, 1119.0], [4501.2, 9150.0], [4501.35, 10896.0], [4501.4, 2507.0], [4501.5, 76959.0], [4501.55, 81462.0], [4501.6, 7913.0], [4501.75, 69.0]]}}}
{"jsonrpc": "2.0", "method": "subscription", "params": {"channel": "book.ETH-PERPETUAL.none.20.100ms", "data": {"timestamp": 1758103789644, "change_id": 86850788814, "instrument_name": "ETH-PERPETUAL", "bids": [[4500.05, 24204.0], [4500.0, 50.0], [4499.9, 400.0], [4499.75, 34.0], [4499.35, 3225.0], [4499.2, 3879.0], [4499.0, 98.0], [4498.95, 19995.0], [4498.9, 16889.0], [4498.85, 24842.0], [4498.8, 66142.0], [4498.6, 100800.0], [4498.3, 22894.0], [4498.25, 67072.0], [4498.2, 10934.0], [4498.1, 914.0], [4498.0, 50.0], [4497.85, 3271.0], [4497.8, 10902.0], [4497.6, 19455.0]], "asks": [[4500.1, 292362.0], [4500.2, 36553.0], [4500.25, 100800.0], [4500.4, 10931.0], [4500.45, 31052.0], [4500.5, 1804.0], [4500.55, 1835.0], [4500.6, 2516.0], [4500.75, 5.0], [4500.85, 2250.0], [4500.9, 7500.0], [4501.0, 4299.0], [4501.05, 1119.0], [4501.2, 9150.0], [4501.35, 10896.0], [4501.4, 2507.0], [4501.5, 76959.0], [4501.55, 81462.0], [4501.6, 7913.0], [4501.75, 69.0]]}}}
{"jsonrpc": "2.0", "method": "subscription", "params": {"channel": "book.ETH-PERPETUAL.none.20.100ms", "data": {"timestamp": 1758103790108, "change_id": 86850789251, "instrument_name": "ETH-PERPETUAL", "bids": [[4500.05, 24204.0], [4500.0, 50.0], [4499.75, 34.0], [4499.5, 400.0], [4499.35, 3225.0], [4499.2, 3879.0], [4499.1, 9781.0], [4499.05, 19995.0], [4499.0, 14409.0], [4498.9, 16889.0], [4498.85, 24842.0], [4498.8, 66142.0], [4498.6, 100800.0], [4498.3, 22894.0], [4498.25, 67072.0], [4498.2, 10934.0], [4498.1, 914.0], [4498.0, 50.0], [4497.85, 3271.0], [4497.8, 10902.0]], "asks": [[4500.1, 292362.0], [4500.15, 5000.0], [4500.2, 31553.0], [4500.25, 100800.0], [4500.4, 10931.0], [4500.45, 31052.0], [4500.5, 1804.0], [4500.55, 1835.0], [4500.6, 2516.0], [4500.75, 5.0], [4500.85, 2250.0], [4500.9, 7500.0], [4501.0, 4299.0], [4501.05, 1119.0], [4501.2, 9150.0], [4501.35, 10896.0], [4501.4, 2507.0], [4501.45, 41856.0], [4501.5, 50146.0], [4501.55, 81462.0]]}}}
{"jsonrpc": "2.0", "method": "subscription", "params": {"channel": "book.ETH-PERPETUAL.none.20.100ms", "data": {"timestamp": 1758103790379, "change_id": 86850789565, "instrument_name": "ETH-PERPETUAL", "bids": [[4500.05, 24204.0], [4500.0, 50.0], [4499.75, 34.0], [4499.5, 400.0], [4499.35, 3225.0], [4499.2, 3879.0], [4499.0, 98.0], [4498.95, 19995.0], [4498.9, 16889.0], [4498.85, 24842.0], [4498.8, 66142.0], [4498.6, 100800.0], [4498.3, 22894.0], [4498.25, 67072.0], [4498.2, 10934.0], [4498.1, 914.0], [4498.0, 50.0], [4497.85, 3271.0], [4497.8, 10902.0], [4497.6, 19455.0]], "asks": [[4500.1, 292362.0], [4500.15, 5000.0], [4500.2, 31553.0], [4500.25, 100800.0], [4500.4, 10931.0], [4500.45, 31052.0], [4500.5, 1804.0], [4500.55, 1835.0], [4500.6, 2516.0], [4500.75, 5.0], [4500.85, 2250.0], [4500.9, 7500.0], [4501.0, 4299.0], [4501.05, 1119.0], [4501.2, 9150.0], [4501.35, 10896.0], [4501.4, 2507.0], [4501.45, 41856.0], [4501.5, 50146.0], [4501.55, 81462.0]]}}}
{"jsonrpc": "2.0", "method": "subscription", "params": {"channel": "book.ETH-PERPETUAL.none.20.100ms", "data": {"timestamp": 1758103790779, "change_id": 86850789887, "instrument_name": "ETH-PERPETUAL", "bids": [[4500.05, 24204.0], [4500.0, 50.0], [4499.75, 34.0], [4499.45, 400.0], [4499.35, 3225.0], [4499.2, 3879.0], [4499.05, 5422.0], [4499.0, 18074.0], [4498.95, 19995.0], [4498.9, 16889.0], [4498.85, 24842.0], [4498.8, 66142.0], [4498.6, 100800.0], [4498.3, 22894.0], [4498.25, 67072.0], [4498.2, 10934.0], [4498.1, 914.0], [4498.0, 50.0], [4497.85, 4390.0], [4497.8, 10902.0]], "asks": [[4500.1, 287982.0], [4500.2, 31553.0], [4500.25, 105800.0], [4500.4, 10931.0], [4500.45, 31052.0], [4500.5, 1804.0], [4500.55, 1835.0], [4500.6, 2516.0], [4500.75, 5.0], [4500.85, 2250.0], [4500.9, 7500.0], [4501.0, 4299.0], [4501.05, 1119.0], [4501.2, 9150.0], [4501.35, 10896.0], [4501.4, 2507.0], [4501.5, 146.0], [4501.55, 81462.0], [4501.6, 7913.0], [4501.75, 69.0]]}}}
{"jsonrpc": "2.0", "method": "subscription", "params": {"channel": "book.ETH-PERPETUAL.none.20.100ms", "data": {"timestamp": 1758103791103, "change_id": 86850790272, "instrument_name": "ETH-PERPETUAL", "bids": [[4500.05, 24204.0], [4500.0, 50.0], [4499.75, 34.0], [4499.45, 400.0], [4499.35, 3225.0], [4499.2, 3879.0], [4499.1, 19995.0], [4499.05, 5422.0], [4499.0, 34793.0], [4498.95, 25000.0], [4498.85, 24842.0], [4498.8, 41142.0], [4498.6, 100800.0], [4498.3, 22894.0], [4498.25, 67072.0], [4498.2, 10934.0], [4498.1, 914.0], [4498.0, 50.0], [4497.85, 4390.0], [4497.8, 10902.0]], "asks": [[4500.1, 287982.0], [4500.2, 31553.0], [4500.25, 105800.0], [4500.4, 10931.0], [4500.45, 31052.0], [4500.5, 1804.0], [4500.55, 1835.0], [4500.6, 2516.0], [4500.75, 5.0], [4500.85, 2250.0], [4500.9, 7500.0], [4501.0, 3081.0], [4501.05, 1119.0], [4501.2, 9150.0], [4501.35, 10896.0], [4501.4, 2507.0], [4501.5, 26959.0], [4501.55, 81462.0], [4501.6, 7913.0], [4501.75, 69.0]]}}}
{"jsonrpc": "2.0", "method": "subscription", "params": {"channel": "book.ETH-PERPETUAL.none.20.100ms", "data": {"timestamp": 1758103791435, "change_id": 86850791814, "instrument_name": "ETH-PERPETUAL", "bids": [[4499.45, 400.0], [4499.35, 3225.0], [4499.0, 68.0], [4498.9, 7017.0], [4498.85, 23874.0], [4498.8, 7500.0], [4498.75, 25000.0], [4498.5, 30.0], [4498.4, 7159.0], [4498.3, 12000.0], [4498.25, 2595.0], [4498.2, 10934.0], [4498.1, 4178.0], [4498.05, 5417.0], [4498.0, 52863.0], [4497.95, 40886.0], [4497.9, 100800.0], [4497.85, 1119.0], [4497.8, 10902.0], [4497.6, 4279.0]], "asks": [[4499.5, 220019.0], [4499.6, 25000.0], [4499.7, 20684.0], [4499.75, 29700.0], [4499.8, 48044.0], [4499.85, 29700.0], [4499.95, 29700.0], [4500.05, 5233.0], [4500.1, 19884.0], [4500.15, 2559.0], [4500.2, 30240.0], [4500.25, 100800.0], [4500.4, 10390.0], [4500.45, 31052.0], [4500.55, 1835.0], [4500.6, 2516.0], [4500.7, 3250.0], [4500.75, 10834.0], [4501.0, 7160.0], [4501.05, 11942.0]]}}}
{"jsonrpc": "2.0", "method": "subscription", "params": {"channel": "book.ETH-PERPETUAL.none.20.100ms", "data": {"timestamp": 1758103791686, "change_id": 86850792095, "instrument_name": "ETH-PERPETUAL", "bids": [[4499.45, 400.0], [4499.35, 3225.0], [4499.1, 8930.0], [4499.05, 29700.0], [4499.0, 68.0], [4498.95, 7162.0], [4498.9, 19995.0], [4498.85, 3879.0], [4498.8, 7500.0], [4498.75, 25000.0], [4498.65, 12000.0], [4498.5, 30.0], [4498.4, 4068.0], [4498.25, 2595.0], [4498.2, 10934.0], [4498.1, 4178.0], [4498.05, 5417.0], [4498.0, 52863.0], [4497.95, 40886.0], [4497.9, 100800.0]], "asks": [[4499.5, 217460.0], [4499.6, 25000.0], [4499.7, 20684.0], [4499.75, 29700.0], [4499.8, 29700.0], [4500.05, 5233.0], [4500.1, 19884.0], [4500.15, 2559.0], [4500.2, 30240.0], [4500.25, 100800.0], [4500.4, 10390.0], [4500.45, 31052.0], [4500.55, 1835.0], [4500.6, 2516.0], [4500.7, 3250.0], [4500.75, 10834.0], [4501.0, 7160.0], [4501.05, 11942.0], [4501.2, 9150.0], [4501.3, 4021.0]]}}}
{"jsonrpc": "2.0", "method": "subscription", "params": {"channel": "book.ETH-PERPETUAL.none.20.100ms", "data": {"timestamp": 1758103792079, "change_id": 86850792566, "instrument_name": "ETH-PERPETUAL", "bids": [[4499.45, 400.0], [4499.35, 3225.0], [4499.1, 8930.0], [4499.05, 29700.0], [4499.0, 68.0], [4498.95, 7162.0], [4498.85, 23874.0], [4498.8, 7500.0], [4498.75, 25030.0], [4498.65, 12000.0], [4498.4, 4068.0], [4498.25, 2595.0], [4498.2, 10934.0], [4498.1, 4178.0], [4498.05, 5417.0], [4498.0, 52863.0], [4497.95, 40886.0], [4497.9, 100800.0], [4497.85, 1119.0], [4497.8, 10902.0]], "asks": [[4499.5, 224960.0], [4499.6, 25000.0], [4499.7, 20684.0], [4499.75, 29700.0], [4499.8, 29700.0], [4500.05, 5233.0], [4500.1, 14884.0], [4500.15, 2559.0], [4500.2, 30240.0], [4500.25, 100800.0], [4500.4, 10390.0], [4500.45, 31052.0], [4500.55, 1835.0], [4500.6, 2516.0], [4500.7, 3250.0], [4500.75, 10834.0], [4501.0, 7160.0], [4501.05, 11942.0], [4501.2, 9150.0], [4501.3, 4021.0]]}}}
{"jsonrpc": "2.0", "method": "subscription", "params": {"channel": "book.ETH-PERPETUAL.none.20.100ms", "data": {"timestamp": 1758103792422, "change_id": 86850793048, "instrument_name": "ETH-PERPETUAL", "bids": [[4499.35, 3837.0], [4499.2, 400.0], [4499.1, 8930.0], [4499.05, 29700.0], [4499.0, 68.0], [4498.95, 7162.0], [4498.85, 23874.0], [4498.8, 7500.0], [4498.75, 25030.0], [4498.65, 12000.0], [4498.4, 4068.0], [4498.25, 2595.0], [4498.2, 10934.0], [4498.1, 4178.0], [4498.05, 5417.0], [4498.0, 52863.0], [4497.95, 40886.0], [4497.9, 100800.0], [4497.85, 1119.0], [4497.8, 10902.0]], "asks": [[4499.4, 188195.0], [4499.45, 11001.0], [4499.5, 18763.0], [4499.6, 25000.0], [4499.7, 8910.0], [4499.75, 29700.0], [4500.05, 3018.0], [4500.1, 7500.0], [4500.15, 2559.0], [4500.2, 30240.0], [4500.25, 100800.0], [4500.4, 10390.0], [4500.45, 31052.0], [4500.55, 1835.0], [4500.6, 2516.0], [4500.7, 3250.0], [4500.75, 10834.0], [4501.0, 7160.0], [4501.05, 11942.0], [4501.2, 9150.0]]}}}
{"jsonrpc": "2.0", "method": "subscription", "params": {"channel": "book.ETH-PERPETUAL.none.20.100ms", "data": {"timestamp": 1758103792673, "change_id": 86850793246, "instrument_name": "ETH-PERPETUAL", "bids": [[4499.35, 15518.0], [4499.2, 400.0], [4499.1, 8930.0], [4499.05, 29700.0], [4499.0, 68.0], [4498.95, 7162.0], [4498.85, 23874.0], [4498.8, 7500.0], [4498.75, 25030.0], [4498.65, 12000.0], [4498.4, 4068.0], [4498.25, 2595.0], [4498.2, 10934.0], [4498.1, 4178.0], [4498.05, 5417.0], [4498.0, 52863.0], [4497.95, 40886.0], [4497.9, 100800.0], [4497.85, 1119.0], [4497.8, 10902.0]], "asks": [[4499.4, 217895.0], [4499.45, 11001.0], [4499.5, 18763.0], [4499.6, 25000.0], [4499.9, 1500.0], [4499.95, 5000.0], [4500.05, 3018.0], [4500.1, 7500.0], [4500.15, 2559.0], [4500.2, 30240.0], [4500.25, 100800.0], [4500.4, 10390.0], [4500.45, 31052.0], [4500.55, 1835.0], [4500.6, 2516.0], [4500.7, 3250.0], [4500.75, 10834.0], [4501.0, 7160.0], [4501.05, 11942.0], [4501.2, 9150.0]]}}}
{"jsonrpc": "2.0", "method": "subscription", "params": {"channel": "book.ETH-PERPETUAL.none.20.100ms", "data": {"timestamp": 1758103793048, "change_id": 86850793578, "instrument_name": "ETH-PERPETUAL", "bids": [[4499.35, 60290.0], [4499.15, 20000.0], [4499.1, 8930.0], [4499.05, 29700.0], [4499.0, 68.0], [4498.95, 7162.0], [4498.85, 23874.0], [4498.8, 7500.0], [4498.75, 25030.0], [4498.65, 12000.0], [4498.4, 12862.0], [4498.25, 33633.0], [4498.2, 10934.0], [4498.1, 4178.0], [4498.05, 5417.0], [4498.0, 52863.0], [4497.95, 40886.0], [4497.9, 100800.0], [4497.85, 1119.0], [4497.8, 10902.0]], "asks": [[4499.4, 217895.0], [4499.45, 11001.0], [4499.5, 18763.0], [4499.6, 25000.0], [4500.05, 3018.0], [4500.1, 7500.0], [4500.15, 2559.0], [4500.2, 30240.0], [4500.25, 100800.0], [4500.4, 10390.0], [4500.45, 31052.0], [4500.55, 1835.0], [4500.6, 2516.0], [4500.7, 3250.0], [4500.75, 10834.0], [4501.0, 7160.0], [4501.05, 11942.0], [4501.2, 9150.0], [4501.3, 4021.0], [4501.35, 10896.0]]}}}
{"jsonrpc": "2.0", "method": "subscription", "params": {"channel": "book.ETH-PERPETUAL.none.20.100ms", "data": {"timestamp": 1758103793424, "change_id": 86850794131, "instrument_name": "ETH-PERPETUAL", "bids": [[4499.35, 19900.0], [4499.0, 68.0], [4498.95, 7162.0], [4498.85, 23874.0], [4498.8, 7500.0], [4498.75, 25030.0], [4498.65, 12000.0], [4498.4, 12862.0], [4498.25, 33633.0], [4498.2, 10934.0], [4498.1, 4178.0], [4498.05, 5417.0], [4498.0, 52863.0], [4497.95, 40886.0], [4497.9, 100800.0], [4497.85, 1119.0], [4497.8, 10902.0], [4497.6, 4279.0], [4497.55, 13469.0], [4497.5, 553.0]], "asks": [[4499.4, 217895.0], [4499.45, 11001.0], [4499.5, 18763.0], [4499.6, 25000.0], [4499.8, 1500.0], [4499.85, 5000.0], [4500.05, 3018.0], [4500.1, 7500.0], [4500.15, 2559.0], [4500.2, 30240.0], [4500.25, 100800.0], [4500.4, 10390.0], [4500.45, 31052.0], [4500.55, 1835.0], [4500.6, 2516.0], [4500.7, 3250.0], [4500.75, 10834.0], [4501.0, 7160.0], [4501.05, 11942.0], [4501.2, 9150.0]]}}}
{"jsonrpc": "2.0", "method": "subscription", "params": {"channel": "book.ETH-PERPETUAL.none.20.100ms", "data": {"timestamp": 1758103793705, "change_id": 86850794335, "instrument_name": "ETH-PERPETUAL", "bids": [[4499.35, 8700.0], [4499.0, 68.0], [4498.95, 1164.0], [4498.85, 3879.0], [4498.8, 9156.0], [4498.75, 30.0], [4498.7, 19995.0], [4498.65, 12000.0], [4498.55, 7500.0], [4498.5, 25000.0], [4498.4, 12862.0], [4498.25, 33633.0], [4498.2, 10934.0], [4498.1, 4178.0], [4498.05, 5417.0], [4498.0, 52863.0], [4497.95, 40886.0], [4497.9, 100800.0], [4497.85, 1119.0], [4497.8, 10902.0]], "asks": [[4499.4, 217895.0], [4499.45, 30629.0], [4499.5, 18763.0], [4500.05, 3018.0], [4500.1, 7500.0], [4500.15, 2559.0], [4500.2, 30240.0], [4500.25, 100800.0], [4500.4, 10390.0], [4500.45, 31052.0], [4500.55, 1835.0], [4500.6, 2516.0], [4500.7, 3250.0], [4500.75, 10834.0], [4501.0, 7160.0], [4501.05, 11942.0], [4501.2, 9150.0], [4501.3, 19900.0], [4501.35, 10896.0], [4501.4, 57113.0]]}}}
{"jsonrpc": "2.0", "method": "subscription", "params": {"channel": "book.ETH-PERPETUAL.none.20.100ms", "data": {"timestamp": 1758103793992, "change_id": 86850794660, "instrument_name": "ETH-PERPETUAL", "bids": [[4499.35, 12550.0], [4499.0, 68.0], [4498.95, 1164.0], [4498.85, 3879.0], [4498.8, 9156.0], [4498.75, 30.0], [4498.7, 19995.0], [4498.65, 12000.0], [4498.55, 7500.0], [4498.5, 25000.0], [4498.4, 12862.0], [4498.25, 33633.0], [4498.2, 10934.0], [4498.1, 4178.0], [4498.05, 5417.0], [4498.0, 52863.0], [4497.95, 40886.0], [4497.9, 100800.0], [4497.85, 1119.0], [4497.8, 10902.0]], "asks": [[4499.4, 217895.0], [4499.45, 30629.0], [4499.5, 18763.0], [4500.05, 3018.0], [4500.1, 7500.0], [4500.15, 2559.0], [4500.2, 30240.0], [4500.25, 100800.0], [4500.4, 10390.0], [4500.45, 31052.0], [4500.55, 1835.0], [4500.6, 2516.0], [4500.7, 3250.0], [4500.75, 10829.0], [4501.0, 7160.0], [4501.05, 11942.0], [4501.2, 9150.0], [4501.3, 19900.0], [4501.35, 10896.0], [4501.4, 57113.0]]}}}
{"jsonrpc": "2.0", "method": "subscription", "params": {"channel": "book.ETH-PERPETUAL.none.20.100ms", "data": {"timestamp": 1758103794416, "change_id": 86850795153, "instrument_name": "ETH-PERPETUAL", "bids": [[4499.35, 12552.0], [4499.0, 68.0], [4498.95, 9928.0], [4498.9, 29700.0], [4498.85, 3879.0], [4498.8, 9156.0], [4498.75, 30.0], [4498.7, 19995.0], [4498.65, 12000.0], [4498.55, 7500.0], [4498.5, 25000.0], [4498.4, 12862.0], [4498.25, 33633.0], [4498.2, 10934.0], [4498.1, 4178.0], [4498.05, 5417.0], [4498.0, 52863.0], [4497.95, 40886.0], [4497.9, 100800.0], [4497.85, 1119.0]], "asks": [[4499.4, 217895.0], [4499.45, 30629.0], [4499.5, 18763.0], [4499.65, 1500.0], [4499.7, 5000.0], [4500.05, 3018.0], [4500.1, 7500.0], [4500.15, 2559.0], [4500.2, 30240.0], [4500.25, 100834.0], [4500.4, 10390.0], [4500.45, 31052.0], [4500.55, 1835.0], [4500.6, 2516.0], [4500.7, 3250.0], [4500.75, 10863.0], [4501.0, 7160.0], [4501.05, 11942.0], [4501.2, 9150.0], [4501.3, 19900.0]]}}}
{"jsonrpc": "2.0", "method": "subscription", "params": {"channel": "book.ETH-PERPETUAL.none.20.100ms", "data": {"timestamp": 1758103794741, "change_id": 86850795532, "instrument_name": "ETH-PERPETUAL", "bids": [[4499.35, 9294.0], [4499.0, 68.0], [4498.95, 9928.0], [4498.9, 29700.0], [4498.85, 3879.0], [4498.75, 30.0], [4498.5, 5999.0], [4498.45, 19995.0], [4498.4, 19262.0], [4498.25, 33633.0], [4498.2, 43934.0], [4498.1, 4178.0], [4498.05, 5417.0], [4498.0, 52863.0], [4497.95, 40886.0], [4497.9, 100800.0], [4497.8, 10902.0], [4497.6, 4279.0], [4497.55, 13469.0], [4497.5, 553.0]], "asks": [[4499.4, 217895.0], [4499.45, 30629.0], [4499.5, 18763.0], [4500.05, 3018.0], [4500.1, 7500.0], [4500.15, 2559.0], [4500.2, 30240.0], [4500.25, 100834.0], [4500.4, 10390.0], [4500.45, 31052.0], [4500.55, 1835.0], [4500.6, 2516.0], [4500.7, 3250.0], [4500.75, 10863.0], [4501.0, 7160.0], [4501.05, 11942.0], [4501.2, 9150.0], [4501.3, 19900.0], [4501.35, 10896.0], [4501.4, 57113.0]]}}}
