{"jsonrpc": "2.0", "id": 1, "result": ["book.ETH-PERPETUAL.none.20.100ms"], "usIn": 1772726389328729, "usOut": 1772726389328943, "usDiff": 214, "testnet": false}
{"jsonrpc": "2.0", "method": "subscription", "params": {"channel": "book.ETH-PERPETUAL.none.20.100ms", "data": {"timestamp": 1772726389304, "change_id": 112106208721, "instrument_name": "ETH-PERPETUAL", "bids": [[2086.7, 7634.0], [2086.65, 3799.0], [2086.6, 13728.0], [2086.55, 1493.0], [2086.5, 6264.0], [2086.45, 2080.0], [2086.4, 3324.0], [2086.35, 4987.0], [2086.3, 7969.0], [2086.25, 19994.0], [2086.2, 2148.0], [2086.15, 2999.0], [2086.1, 8227.0], [2086.0, 7303.0], [2085.9, 18961.0], [2085.85, 2000.0], [2085.8, 2000.0], [2085.7, 2090.0], [2085.65, 2000.0], [2085.6, 5000.0]], "asks": [[2086.75, 41.0], [2086.8, 500.0], [2086.9, 8.0], [2087.0, 2746.0], [2087.05, 7200.0], [2087.1, 2000.0], [2087.15, 263.0], [2087.2, 2000.0], [2087.3, 8.0], [2087.55, 39.0], [2087.6, 80.0], [2087.7, 2791.0], [2087.75, 9987.0], [2087.8, 1194.0], [2087.85, 3001.0], [2087.9, 1000.0], [2088.0, 1360.0], [2088.05, 2298.0], [2088.1, 7699.0], [2088.4, 5974.0]]}}}
{"jsonrpc": "2.0", "method": "subscription", "params": {"channel": "book.ETH-PERPETUAL.none.20.100ms", "data": {"timestamp": 1772726389432, "change_id": 112106208869, "instrument_name": "ETH-PERPETUAL", "bids": [[2086.7, 8305.0], [2086.65, 3799.0], [2086.6, 13728.0], [2086.55, 1493.0], [2086.5, 6264.0], [2086.45, 2080.0], [2086.4, 3324.0], [2086.35, 4987.0], [2086.3, 7969.0], [2086.2, 22142.0], [2086.15, 2999.0], [2086.1, 8227.0], [2086.0, 7303.0], [2085.9, 18961.0], [2085.85, 2000.0], [2085.8, 2000.0], [2085.7, 2090.0], [2085.65, 2000.0], [2085.6, 5000.0], [2085.55, 2100.0]], "asks": [[2086.75, 41.0], [2086.8, 500.0], [2086.9, 8.0], [2087.0, 2746.0], [2087.05, 7200.0], [2087.1, 2000.0], [2087.15, 263.0], [2087.2, 2000.0], [2087.3, 8.0], [2087.55, 39.0], [2087.6, 80.0], [2087.7, 2791.0], [2087.75, 9987.0], [2087.8, 1194.0], [2087.85, 3001.0], [2087.9, 1000.0], [2088.0, 1360.0], [2088.05, 2298.0], [2088.1, 7699.0], [2088.35, 5309.0]]}}}
{"jsonrpc": "2.0", "method": "subscription", "params": {"channel": "book.ETH-PERPETUAL.none.20.100ms", "data": {"timestamp": 1772726389823, "change_id": 112106209198, "instrument_name": "ETH-PERPETUAL", "bids": [[2086.7, 7371.0], [2086.65, 3799.0], [2086.6, 12728.0], [2086.55, 1493.0], [2086.5, 6264.0], [2086.45, 2080.0], [2086.4, 3324.0], [2086.35, 4987.0], [2086.3, 7969.0], [2086.25, 19994.0], [2086.2, 2148.0], [2086.15, 2999.0], [2086.1, 8227.0], [2086.0, 7303.0], [2085.9, 18961.0], [2085.85, 2000.0], [2085.8, 2000.0], [2085.7, 2090.0], [2085.65, 2000.0], [2085.6, 5000.0]], "asks": [[2086.75, 41.0], [2086.8, 500.0], [2086.9, 8.0], [2087.0, 2746.0], [2087.05, 7200.0], [2087.1, 2000.0], [2087.15, 263.0], [2087.2, 2000.0], [2087.3, 8.0], [2087.55, 39.0], [2087.6, 80.0], [2087.7, 2791.0], [2087.75, 9987.0], [2087.8, 1194.0], [2087.85, 3001.0], [2087.9, 1000.0], [2088.0, 1360.0], [2088.05, 2298.0], [2088.1, 7699.0], [2088.55, 21287.0]]}}}
{"jsonrpc": "2.0", "method": "subscription", "params": {"channel": "book.ETH-PERPETUAL.none.20.100ms", "data": {"timestamp": 1772726390152, "change_id": 112106210250, "instrument_name": "ETH-PERPETUAL", "bids": [[2086.75, 19569.0], [2086.7, 5437.0], [2086.5, 6773.0], [2086.45, 2000.0], [2086.4, 23318.0], [2086.35, 4987.0], [2086.3, 5000.0], [2086.2, 2148.0], [2086.1, 12966.0], [2086.05, 17767.0], [2086.0, 2000.0], [2085.9, 1194.0], [2085.85, 2000.0], [2085.8, 2000.0], [2085.7, 16747.0], [2085.65, 52000.0], [2085.6, 5000.0], [2085.55, 2100.0], [2085.4, 97480.0], [2085.35, 300100.0]], "asks": [[2086.8, 500.0], [2086.9, 8.0], [2087.15, 41.0], [2087.2, 2000.0], [2087.3, 2008.0], [2087.35, 222.0], [2087.55, 39.0], [2087.6, 80.0], [2087.85, 1493.0], [2087.9, 5000.0], [2088.0, 2554.0], [2088.1, 5987.0], [2088.4, 3001.0], [2088.55, 1273.0], [2088.7, 10520.0], [2088.75, 37801.0], [2088.8, 39730.0], [2088.85, 132600.0], [2088.9, 500.0], [2089.0, 1520.0]]}}}
{"jsonrpc": "2.0", "method": "subscription", "params": {"channel": "book.ETH-PERPETUAL.none.20.100ms", "data": {"timestamp": 1772726390459, "change_id": 112106211067, "instrument_name": "ETH-PERPETUAL", "bids": [[2086.75, 21228.0], [2086.7, 3673.0], [2086.55, 5968.0], [2086.5, 21258.0], [2086.45, 2000.0], [2086.4, 3324.0], [2086.35, 7986.0], [2086.3, 2001.0], [2086.2, 5029.0], [2086.15, 17767.0], [2086.0, 2000.0], [2085.9, 2534.0], [2085.85, 7000.0], [2085.8, 2652.0], [2085.75, 14925.0], [2085.7, 52090.0], [2085.65, 2000.0], [2085.55, 2100.0], [2085.4, 97480.0], [2085.35, 300100.0]], "asks": [[2086.8, 500.0], [2086.9, 8.0], [2087.15, 41.0], [2087.3, 2008.0], [2087.5, 2000.0], [2087.55, 261.0], [2087.6, 80.0], [2087.85, 1493.0], [2087.9, 5000.0], [2088.0, 2554.0], [2088.1, 5987.0], [2088.5, 8690.0], [2088.55, 19060.0], [2088.6, 5974.0], [2088.65, 20014.0], [2088.8, 39730.0], [2088.85, 140201.0], [2088.9, 500.0], [2089.0, 1520.0], [2089.1, 5093.0]]}}}
{"jsonrpc": "2.0", "method": "subscription", "params": {"channel": "book.ETH-PERPETUAL.none.20.100ms", "data": {"timestamp": 1772726390804, "change_id": 112106211619, "instrument_name": "ETH-PERPETUAL", "bids": [[2086.75, 31011.0], [2086.7, 2001.0], [2086.55, 5968.0], [2086.5, 23843.0], [2086.45, 9198.0], [2086.4, 8361.0], [2086.35, 25754.0], [2086.3, 2000.0], [2086.0, 2000.0], [2085.9, 52534.0], [2085.85, 7652.0], [2085.8, 2000.0], [2085.65, 2000.0], [2085.55, 2100.0], [2085.4, 97480.0], [2085.35, 300100.0], [2085.3, 16196.0], [2085.25, 7797.0], [2085.2, 7257.0], [2085.15, 2000.0]], "asks": [[2086.8, 500.0], [2086.9, 8.0], [2087.15, 40.0], [2087.2, 1.0], [2087.3, 2008.0], [2087.5, 2000.0], [2087.55, 261.0], [2087.6, 80.0], [2087.85, 1493.0], [2087.9, 5000.0], [2088.0, 2554.0], [2088.1, 4987.0], [2088.3, 3001.0], [2088.35, 1000.0], [2088.55, 1273.0], [2088.75, 37801.0], [2088.8, 39730.0], [2088.85, 132600.0], [2088.9, 500.0], [2089.0, 1520.0]]}}}
{"jsonrpc": "2.0", "method": "subscription", "params": {"channel": "book.ETH-PERPETUAL.none.20.100ms", "data": {"timestamp": 1772726391142, "change_id": 112106212355, "instrument_name": "ETH-PERPETUAL", "bids": [[2086.85, 24713.0], [2086.8, 4280.0], [2086.75, 4332.0], [2086.7, 2000.0], [2086.6, 5968.0], [2086.55, 19994.0], [2086.5, 3849.0], [2086.45, 9198.0], [2086.4, 3324.0], [2086.35, 4988.0], [2086.3, 2000.0], [2086.1, 2998.0], [2086.05, 17767.0], [2086.0, 2000.0], [2085.9, 52534.0], [2085.85, 7000.0], [2085.8, 2000.0], [2085.65, 2000.0], [2085.55, 2100.0], [2085.4, 97480.0]], "asks": [[2086.9, 8.0], [2087.15, 40.0], [2087.2, 1.0], [2087.3, 2008.0], [2087.5, 2000.0], [2087.55, 261.0], [2087.6, 80.0], [2087.85, 1493.0], [2087.9, 5000.0], [2088.0, 2554.0], [2088.05, 3001.0], [2088.1, 4987.0], [2088.35, 1000.0], [2088.5, 7856.0], [2088.55, 1273.0], [2088.75, 37801.0], [2088.8, 39730.0], [2088.85, 132600.0], [2088.9, 500.0], [2089.0, 1520.0]]}}}
{"jsonrpc": "2.0", "method": "subscription", "params": {"channel": "book.ETH-PERPETUAL.none.20.100ms", "data": {"timestamp": 1772726391474, "change_id": 112106213230, "instrument_name": "ETH-PERPETUAL", "bids": [[2086.85, 27401.0], [2086.8, 3198.0], [2086.75, 1022.0], [2086.7, 2000.0], [2086.6, 5968.0], [2086.55, 19994.0], [2086.5, 3849.0], [2086.45, 9198.0], [2086.4, 3324.0], [2086.35, 22755.0], [2086.3, 2000.0], [2086.05, 2999.0], [2086.0, 2000.0], [2085.95, 14925.0], [2085.9, 52534.0], [2085.85, 7000.0], [2085.8, 2652.0], [2085.65, 2000.0], [2085.55, 2100.0], [2085.4, 97480.0]], "asks": [[2086.9, 9.0], [2087.15, 40.0], [2087.2, 1.0], [2087.3, 8.0], [2087.5, 2000.0], [2087.55, 261.0], [2087.6, 80.0], [2087.95, 3001.0], [2088.0, 2554.0], [2088.05, 5000.0], [2088.1, 4987.0], [2088.25, 1000.0], [2088.5, 7856.0], [2088.55, 1273.0], [2088.75, 37801.0], [2088.8, 39730.0], [2088.85, 132600.0], [2088.9, 500.0], [2089.0, 18425.0], [2089.1, 5093.0]]}}}
{"jsonrpc": "2.0", "method": "subscription", "params": {"channel": "book.ETH-PERPETUAL.none.20.100ms", "data": {"timestamp": 1772726391792, "change_id": 112106214171, "instrument_name": "ETH-PERPETUAL", "bids": [[2087.1, 5315.0], [2087.05, 2000.0], [2087.0, 2000.0], [2086.9, 1877.0], [2086.85, 3560.0], [2086.8, 2000.0], [2086.75, 1.0], [2086.7, 2001.0], [2086.6, 5968.0], [2086.55, 19994.0], [2086.5, 3849.0], [2086.45, 9198.0], [2086.4, 6323.0], [2086.35, 4987.0], [2086.3, 2000.0], [2086.15, 5303.0], [2086.1, 17767.0], [2086.05, 15522.0], [2086.0, 52000.0], [2085.9, 2534.0]], "asks": [[2087.15, 40.0], [2087.3, 8.0], [2087.45, 2000.0], [2087.55, 40.0], [2087.6, 2000.0], [2087.75, 222.0], [2088.0, 4188.0], [2088.05, 5000.0], [2088.1, 4987.0], [2088.2, 3001.0], [2088.25, 1000.0], [2088.55, 1273.0], [2088.7, 5309.0], [2088.75, 17867.0], [2088.9, 500.0], [2089.0, 7300.0], [2089.05, 20014.0], [2089.1, 5093.0], [2089.3, 42566.0], [2089.35, 132600.0]]}}}
{"jsonrpc": "2.0", "method": "subscription", "params": {"channel": "book.ETH-PERPETUAL.none.20.100ms", "data": {"timestamp": 1772726392090, "change_id": 112106214688, "instrument_name": "ETH-PERPETUAL", "bids": [[2087.1, 6677.0], [2087.05, 2000.0], [2087.0, 2000.0], [2086.85, 680.0], [2086.8, 2000.0], [2086.75, 1.0], [2086.7, 2001.0], [2086.55, 5968.0], [2086.5, 21258.0], [2086.45, 2000.0], [2086.4, 11359.0], [2086.35, 22754.0], [2086.3, 2000.0], [2086.05, 15522.0], [2086.0, 52000.0], [2085.9, 2534.0], [2085.85, 7000.0], [2085.8, 2652.0], [2085.65, 2000.0], [2085.6, 3612.0]], "asks": [[2087.15, 40.0], [2087.3, 8.0], [2087.45, 2000.0], [2087.55, 40.0], [2087.6, 2000.0], [2087.75, 222.0], [2088.0, 4188.0], [2088.05, 5000.0], [2088.1, 4987.0], [2088.2, 1194.0], [2088.25, 3001.0], [2088.3, 1000.0], [2088.45, 2361.0], [2088.5, 7908.0], [2088.55, 1273.0], [2088.75, 80.0], [2088.8, 6123.0], [2088.85, 20014.0], [2088.9, 5809.0], [2088.95, 17787.0]]}}}
{"jsonrpc": "2.0", "method": "subscription", "params": {"channel": "book.ETH-PERPETUAL.none.20.100ms", "data": {"timestamp": 1772726392449, "change_id": 112106215282, "instrument_name": "ETH-PERPETUAL", "bids": [[2087.1, 8395.0], [2087.05, 2000.0], [2087.0, 2000.0], [2086.85, 80.0], [2086.8, 2612.0], [2086.75, 1.0], [2086.7, 2001.0], [2086.55, 5968.0], [2086.5, 21258.0], [2086.45, 4999.0], [2086.4, 7748.0], [2086.35, 22754.0], [2086.3, 2000.0], [2086.05, 15522.0], [2086.0, 54301.0], [2085.95, 7708.0], [2085.9, 2534.0], [2085.85, 7000.0], [2085.8, 2652.0], [2085.65, 2000.0]], "asks": [[2087.15, 40.0], [2087.3, 8.0], [2087.4, 2746.0], [2087.45, 2000.0], [2087.5, 7201.0], [2087.55, 40.0], [2087.6, 2000.0], [2087.65, 222.0], [2088.0, 4188.0], [2088.05, 5000.0], [2088.1, 4987.0], [2088.2, 1194.0], [2088.25, 3001.0], [2088.3, 1000.0], [2088.45, 2361.0], [2088.5, 7908.0], [2088.55, 1273.0], [2088.65, 5309.0], [2088.7, 23785.0], [2088.75, 80.0]]}}}
{"jsonrpc": "2.0", "method": "subscription", "params": {"channel": "book.ETH-PERPETUAL.none.20.100ms", "data": {"timestamp": 1772726392791, "change_id": 112106215679, "instrument_name": "ETH-PERPETUAL", "bids": [[2087.1, 8716.0], [2087.05, 2000.0], [2087.0, 2000.0], [2086.85, 80.0], [2086.8, 2612.0], [2086.75, 1.0], [2086.7, 2001.0], [2086.65, 5968.0], [2086.6, 19994.0], [2086.5, 1264.0], [2086.45, 2000.0], [2086.4, 5711.0], [2086.35, 4987.0], [2086.3, 2000.0], [2086.25, 5303.0], [2086.2, 17767.0], [2086.05, 15522.0], [2086.0, 54301.0], [2085.95, 7708.0], [2085.9, 2534.0]], "asks": [[2087.15, 40.0], [2087.3, 8.0], [2087.4, 2746.0], [2087.45, 2000.0], [2087.5, 7201.0], [2087.55, 40.0], [2087.6, 2000.0], [2087.65, 222.0], [2088.0, 4188.0], [2088.05, 5000.0], [2088.1, 5987.0], [2088.4, 3001.0], [2088.45, 2361.0], [2088.5, 7908.0], [2088.55, 1273.0], [2088.6, 5309.0], [2088.65, 17787.0], [2088.75, 80.0], [2088.9, 6474.0], [2088.95, 20014.0]]}}}
{"jsonrpc": "2.0", "method": "subscription", "params": {"channel": "book.ETH-PERPETUAL.none.20.100ms", "data": {"timestamp": 1772726393124, "change_id": 112106216217, "instrument_name": "ETH-PERPETUAL", "bids": [[2087.1, 9098.0], [2087.05, 2000.0], [2087.0, 2000.0], [2086.85, 80.0], [2086.8, 2612.0], [2086.75, 1.0], [2086.7, 2001.0], [2086.65, 5968.0], [2086.6, 19994.0], [2086.5, 1264.0], [2086.45, 2000.0], [2086.4, 10747.0], [2086.35, 22754.0], [2086.3, 2000.0], [2086.05, 15522.0], [2086.0, 54301.0], [2085.95, 7708.0], [2085.9, 2534.0], [2085.85, 7000.0], [2085.8, 2652.0]], "asks": [[2087.15, 40.0], [2087.3, 8.0], [2087.4, 2746.0], [2087.45, 2000.0], [2087.5, 7201.0], [2087.55, 40.0], [2087.6, 2000.0], [2087.65, 222.0], [2088.0, 4188.0], [2088.05, 5000.0], [2088.1, 5987.0], [2088.4, 3001.0], [2088.45, 2361.0], [2088.5, 7908.0], [2088.55, 1273.0], [2088.7, 17787.0], [2088.75, 80.0], [2088.8, 6123.0], [2088.9, 500.0], [2089.0, 7300.0]]}}}
{"jsonrpc": "2.0", "method": "subscription", "params": {"channel": "book.ETH-PERPETUAL.none.20.100ms", "data": {"timestamp": 1772726393455, "change_id": 112106216739, "instrument_name": "ETH-PERPETUAL", "bids": [[2087.1, 9088.0], [2087.05, 2000.0], [2087.0, 2000.0], [2086.85, 80.0], [2086.8, 2612.0], [2086.7, 2001.0], [2086.55, 5968.0], [2086.5, 21258.0], [2086.45, 2000.0], [2086.4, 10747.0], [2086.35, 22754.0], [2086.3, 2000.0], [2086.05, 15522.0], [2086.0, 54301.0], [2085.95, 7708.0], [2085.9, 2534.0], [2085.85, 7000.0], [2085.8, 2652.0], [2085.65, 2000.0], [2085.6, 3612.0]], "asks": [[2087.15, 40.0], [2087.3, 8.0], [2087.4, 2746.0], [2087.45, 2000.0], [2087.5, 7423.0], [2087.55, 40.0], [2087.6, 2000.0], [2088.0, 4188.0], [2088.05, 5000.0], [2088.1, 4987.0], [2088.2, 1194.0], [2088.25, 3001.0], [2088.3, 1000.0], [2088.45, 2361.0], [2088.5, 7908.0], [2088.55, 1273.0], [2088.75, 80.0], [2088.8, 11433.0], [2088.85, 20014.0], [2088.9, 18287.0]]}}}
{"jsonrpc": "2.0", "method": "subscription", "params": {"channel": "book.ETH-PERPETUAL.none.20.100ms", "data": {"timestamp": 1772726393785, "change_id": 112106217084, "instrument_name": "ETH-PERPETUAL", "bids": [[2087.1, 8580.0], [2087.05, 2000.0], [2087.0, 2000.0], [2086.9, 215.0], [2086.85, 80.0], [2086.8, 2612.0], [2086.7, 2001.0], [2086.55, 5968.0], [2086.5, 21258.0], [2086.45, 4999.0], [2086.4, 7748.0], [2086.35, 22754.0], [2086.3, 2000.0], [2086.2, 1493.0], [2086.15, 5000.0], [2086.05, 15522.0], [2086.0, 54301.0], [2085.95, 7708.0], [2085.9, 1194.0], [2085.85, 2000.0]], "asks": [[2087.15, 40.0], [2087.3, 8.0], [2087.4, 2746.0], [2087.45, 2000.0], [2087.5, 7423.0], [2087.55, 40.0], [2087.6, 2000.0], [2088.0, 2554.0], [2088.1, 6480.0], [2088.15, 3001.0], [2088.2, 5000.0], [2088.3, 1000.0], [2088.45, 2361.0], [2088.5, 7908.0], [2088.55, 1273.0], [2088.6, 5309.0], [2088.65, 17787.0], [2088.75, 80.0], [2088.9, 500.0], [2089.0, 7300.0]]}}}
{"jsonrpc": "2.0", "method": "subscription", "params": {"channel": "book.ETH-PERPETUAL.none.20.100ms", "data": {"timestamp": 1772726394107, "change_id": 112106217732, "instrument_name": "ETH-PERPETUAL", "bids": [[2087.1, 6528.0], [2087.05, 2000.0], [2087.0, 2215.0], [2086.9, 1377.0], [2086.85, 2000.0], [2086.8, 2612.0], [2086.7, 2001.0], [2086.55, 5968.0], [2086.5, 19994.0], [2086.45, 2000.0], [2086.4, 2712.0], [2086.35, 7986.0], [2086.3, 2000.0], [2086.15, 5303.0], [2086.1, 17767.0], [2086.0, 2000.0], [2085.9, 17288.0], [2085.85, 7000.0], [2085.8, 52000.0], [2085.75, 80.0]], "asks": [[2087.15, 40.0], [2087.3, 8.0], [2087.4, 2746.0], [2087.45, 2000.0], [2087.5, 7423.0], [2087.55, 40.0], [2087.6, 2000.0], [2088.0, 3592.0], [2088.05, 3001.0], [2088.1, 6480.0], [2088.2, 5000.0], [2088.3, 1000.0], [2088.45, 2361.0], [2088.5, 7908.0], [2088.55, 1273.0], [2088.75, 80.0], [2088.8, 10650.0], [2088.85, 37801.0], [2088.9, 500.0], [2089.0, 1520.0]]}}}
{"jsonrpc": "2.0", "method": "subscription", "params": {"channel": "book.ETH-PERPETUAL.none.20.100ms", "data": {"timestamp": 1772726394444, "change_id": 112106218309, "instrument_name": "ETH-PERPETUAL", "bids": [[2087.1, 8056.0], [2087.05, 2000.0], [2087.0, 2215.0], [2086.8, 2612.0], [2086.7, 2001.0], [2086.65, 5968.0], [2086.6, 19994.0], [2086.5, 1679.0], [2086.45, 4999.0], [2086.4, 2712.0], [2086.35, 4987.0], [2086.3, 2000.0], [2086.15, 5303.0], [2086.1, 17767.0], [2086.0, 2000.0], [2085.9, 17268.0], [2085.85, 57000.0], [2085.8, 2000.0], [2085.75, 2405.0], [2085.7, 7790.0]], "asks": [[2087.15, 40.0], [2087.3, 8.0], [2087.4, 2746.0], [2087.45, 2000.0], [2087.5, 7423.0], [2087.55, 40.0], [2087.6, 2000.0], [2088.0, 3592.0], [2088.1, 7480.0], [2088.15, 3001.0], [2088.2, 5650.0], [2088.45, 2361.0], [2088.5, 7908.0], [2088.55, 1273.0], [2088.6, 5309.0], [2088.65, 17787.0], [2088.75, 80.0], [2088.9, 500.0], [2089.0, 7300.0], [2089.05, 20014.0]]}}}
{"jsonrpc": "2.0", "method": "subscription", "params": {"channel": "book.ETH-PERPETUAL.none.20.100ms", "data": {"timestamp": 1772726394769, "change_id": 112106218641, "instrument_name": "ETH-PERPETUAL", "bids": [[2087.1, 8374.0], [2087.05, 2000.0], [2087.0, 2215.0], [2086.95, 1493.0], [2086.9, 5000.0], [2086.8, 2612.0], [2086.7, 2001.0], [2086.5, 24672.0], [2086.45, 2000.0], [2086.4, 2712.0], [2086.35, 22754.0], [2086.3, 2000.0], [2086.1, 5000.0], [2086.0, 2000.0], [2085.85, 52000.0], [2085.8, 2000.0], [2085.75, 2405.0], [2085.7, 7790.0], [2085.65, 2000.0], [2085.55, 2000.0]], "asks": [[2087.15, 40.0], [2087.3, 8.0], [2087.4, 2746.0], [2087.45, 2000.0], [2087.5, 7423.0], [2087.55, 40.0], [2087.6, 2000.0], [2088.0, 3592.0], [2088.1, 7480.0], [2088.2, 5000.0], [2088.4, 3001.0], [2088.45, 2361.0], [2088.5, 7908.0], [2088.55, 1273.0], [2088.75, 80.0], [2088.9, 38301.0], [2089.0, 1520.0], [2089.1, 5093.0], [2089.25, 5157.0], [2089.3, 59844.0]]}}}
{"jsonrpc": "2.0", "method": "subscription", "params": {"channel": "book.ETH-PERPETUAL.none.20.100ms", "data": {"timestamp": 1772726395107, "change_id": 112106219130, "instrument_name": "ETH-PERPETUAL", "bids": [[2087.1, 8077.0], [2087.05, 2000.0], [2087.0, 2215.0], [2086.95, 1493.0], [2086.9, 5000.0], [2086.8, 2612.0], [2086.7, 2001.0], [2086.55, 19994.0], [2086.5, 2999.0], [2086.45, 2000.0], [2086.4, 2712.0], [2086.35, 4987.0], [2086.3, 2000.0], [2086.15, 17767.0], [2086.1, 5000.0], [2086.0, 2000.0], [2085.9, 50000.0], [2085.85, 2000.0], [2085.8, 2000.0], [2085.75, 2405.0]], "asks": [[2087.15, 40.0], [2087.3, 8.0], [2087.4, 2746.0], [2087.45, 2000.0], [2087.5, 7423.0], [2087.55, 40.0], [2087.6, 2000.0], [2087.65, 1000.0], [2088.0, 2554.0], [2088.1, 6480.0], [2088.2, 5000.0], [2088.3, 3001.0], [2088.45, 2361.0], [2088.5, 7908.0], [2088.55, 1273.0], [2088.75, 80.0], [2088.9, 38301.0], [2089.0, 1520.0], [2089.1, 5093.0], [2089.25, 5157.0]]}}}
{"jsonrpc": "2.0", "method": "subscription", "params": {"channel": "book.ETH-PERPETUAL.none.20.100ms", "data": {"timestamp": 1772726395429, "change_id": 112106219765, "instrument_name": "ETH-PERPETUAL", "bids": [[2087.25, 5536.0], [2087.15, 1295.0], [2087.1, 6017.0], [2087.05, 2000.0], [2087.0, 2215.0], [2086.95, 1493.0], [2086.9, 5000.0], [2086.8, 2612.0], [2086.7, 2001.0], [2086.6, 6863.0], [2086.55, 19994.0], [2086.5, 2999.0], [2086.45, 2000.0], [2086.4, 2712.0], [2086.35, 4987.0], [2086.3, 2000.0], [2086.15, 17767.0], [2086.1, 5000.0], [2086.0, 2000.0], [2085.9, 50000.0]], "asks": [[2087.3, 7935.0], [2087.35, 3046.0], [2087.4, 2780.0], [2087.5, 7423.0], [2087.55, 40.0], [2087.65, 1000.0], [2088.0, 2554.0], [2088.1, 6480.0], [2088.2, 5000.0], [2088.4, 3001.0], [2088.45, 2361.0], [2088.5, 7908.0], [2088.55, 1273.0], [2088.85, 20014.0], [2088.9, 500.0], [2089.0, 19307.0], [2089.1, 5093.0], [2089.25, 5157.0], [2089.3, 59844.0], [2089.35, 132600.0]]}}}
{"jsonrpc": "2.0", "method": "subscription", "params": {"channel": "book.ETH-PERPETUAL.none.20.100ms", "data": {"timestamp": 1772726395758, "change_id": 112106220092, "instrument_name": "ETH-PERPETUAL", "bids": [[2087.25, 5656.0], [2087.1, 4221.0], [2087.05, 2000.0], [2087.0, 2000.0], [2086.95, 1493.0], [2086.9, 5000.0], [2086.85, 1.0], [2086.8, 2612.0], [2086.7, 2000.0], [2086.6, 6863.0], [2086.55, 19994.0], [2086.5, 2999.0], [2086.45, 2000.0], [2086.4, 2712.0], [2086.35, 4987.0], [2086.3, 2000.0], [2086.15, 17767.0], [2086.1, 5000.0], [2086.0, 2000.0], [2085.9, 50000.0]], "asks": [[2087.3, 7935.0], [2087.35, 2240.0], [2087.5, 7423.0], [2087.55, 39.0], [2087.7, 1.0], [2087.95, 1000.0], [2088.0, 2554.0], [2088.1, 6480.0], [2088.2, 5000.0], [2088.25, 650.0], [2088.4, 3709.0], [2088.45, 2361.0], [2088.5, 7908.0], [2088.55, 1353.0], [2088.85, 20014.0], [2088.9, 18287.0], [2089.0, 1520.0], [2089.1, 5093.0], [2089.25, 5157.0], [2089.3, 59844.0]]}}}
{"jsonrpc": "2.0", "method": "subscription", "params": {"channel": "book.ETH-PERPETUAL.none.20.100ms", "data": {"timestamp": 1772726396092, "change_id": 112106220574, "instrument_name": "ETH-PERPETUAL", "bids": [[2087.25, 5656.0], [2087.1, 3473.0], [2087.05, 2000.0], [2087.0, 2000.0], [2086.85, 1.0], [2086.8, 2612.0], [2086.7, 2000.0], [2086.55, 2999.0], [2086.45, 2000.0], [2086.4, 22706.0], [2086.35, 4987.0], [2086.3, 2000.0], [2086.15, 17767.0], [2086.1, 5000.0], [2086.0, 2000.0], [2085.9, 50000.0], [2085.85, 2000.0], [2085.8, 2000.0], [2085.75, 2405.0], [2085.7, 7790.0]], "asks": [[2087.3, 7936.0], [2087.35, 2240.0], [2087.5, 7423.0], [2087.55, 39.0], [2087.7, 1.0], [2087.95, 1000.0], [2088.0, 2554.0], [2088.1, 6480.0], [2088.2, 8001.0], [2088.25, 650.0], [2088.4, 708.0], [2088.45, 2361.0], [2088.5, 7908.0], [2088.55, 1353.0], [2088.8, 20014.0], [2088.9, 18287.0], [2089.0, 1520.0], [2089.1, 5093.0], [2089.25, 5157.0], [2089.3, 59844.0]]}}}
{"jsonrpc": "2.0", "method": "subscription", "params": {"channel": "book.ETH-PERPETUAL.none.20.100ms", "data": {"timestamp": 1772726396403, "change_id": 112106221039, "instrument_name": "ETH-PERPETUAL", "bids": [[2087.25, 5536.0], [2087.1, 1473.0], [2087.05, 2000.0], [2087.0, 2000.0], [2086.85, 1.0], [2086.8, 2612.0], [2086.7, 2000.0], [2086.6, 2999.0], [2086.5, 19994.0], [2086.45, 2000.0], [2086.4, 2712.0], [2086.35, 4987.0], [2086.3, 2000.0], [2086.15, 17767.0], [2086.1, 5000.0], [2086.0, 2000.0], [2085.95, 14925.0], [2085.9, 50000.0], [2085.85, 2000.0], [2085.8, 2000.0]], "asks": [[2087.3, 3236.0], [2087.35, 3240.0], [2087.5, 7423.0], [2087.55, 39.0], [2087.7, 1.0], [2088.0, 2554.0], [2088.1, 6480.0], [2088.2, 5000.0], [2088.25, 650.0], [2088.35, 3001.0], [2088.4, 708.0], [2088.45, 2361.0], [2088.5, 7908.0], [2088.55, 1353.0], [2088.7, 37801.0], [2088.9, 500.0], [2089.0, 1520.0], [2089.1, 5093.0], [2089.25, 5157.0], [2089.3, 59844.0]]}}}
{"jsonrpc": "2.0", "method": "subscription", "params": {"channel": "book.ETH-PERPETUAL.none.20.100ms", "data": {"timestamp": 1772726396755, "change_id": 112106221444, "instrument_name": "ETH-PERPETUAL", "bids": [[2087.25, 5659.0], [2087.1, 1473.0], [2087.05, 2000.0], [2087.0, 2000.0], [2086.85, 1.0], [2086.8, 2612.0], [2086.7, 2000.0], [2086.55, 2999.0], [2086.5, 19994.0], [2086.45, 2000.0], [2086.4, 2712.0], [2086.35, 4987.0], [2086.3, 2000.0], [2086.15, 17767.0], [2086.1, 5000.0], [2086.0, 2000.0], [2085.95, 14925.0], [2085.9, 50000.0], [2085.85, 2000.0], [2085.8, 2000.0]], "asks": [[2087.3, 5936.0], [2087.35, 3240.0], [2087.5, 7423.0], [2087.55, 39.0], [2087.7, 1.0], [2088.0, 2554.0], [2088.1, 4987.0], [2088.2, 8001.0], [2088.25, 650.0], [2088.4, 708.0], [2088.45, 2361.0], [2088.5, 7908.0], [2088.55, 1353.0], [2088.9, 500.0], [2089.0, 19307.0], [2089.05, 20014.0], [2089.1, 5093.0], [2089.25, 5157.0], [2089.3, 59844.0], [2089.35, 132600.0]]}}}
{"jsonrpc": "2.0", "method": "subscription", "params": {"channel": "book.ETH-PERPETUAL.none.20.100ms", "data": {"timestamp": 1772726397088, "change_id": 112106221868, "instrument_name": "ETH-PERPETUAL", "bids": [[2087.25, 1876.0], [2087.1, 1473.0], [2087.05, 2000.0], [2087.0, 2000.0], [2086.9, 2272.0], [2086.85, 5001.0], [2086.8, 2612.0], [2086.7, 2000.0], [2086.5, 22993.0], [2086.45, 2000.0], [2086.4, 2712.0], [2086.35, 4987.0], [2086.3, 2000.0], [2086.15, 17767.0], [2086.1, 5000.0], [2086.0, 2000.0], [2085.85, 2000.0], [2085.8, 52000.0], [2085.75, 2405.0], [2085.7, 7790.0]], "asks": [[2087.3, 4116.0], [2087.35, 2240.0], [2087.5, 7423.0], [2087.55, 39.0], [2087.7, 1.0], [2087.8, 1000.0], [2088.0, 2554.0], [2088.1, 4987.0], [2088.15, 3001.0], [2088.2, 5000.0], [2088.25, 650.0], [2088.4, 708.0], [2088.45, 2361.0], [2088.5, 7908.0], [2088.55, 1273.0], [2088.65, 17787.0], [2088.9, 500.0], [2089.0, 1520.0], [2089.05, 20014.0], [2089.1, 5093.0]]}}}
{"jsonrpc": "2.0", "method": "subscription", "params": {"channel": "book.ETH-PERPETUAL.none.20.100ms", "data": {"timestamp": 1772726397410, "change_id": 112106222348, "instrument_name": "ETH-PERPETUAL", "bids": [[2087.25, 2123.0], [2087.1, 215.0], [2087.05, 2000.0], [2087.0, 2000.0], [2086.9, 2272.0], [2086.85, 5001.0], [2086.8, 2612.0], [2086.7, 2000.0], [2086.5, 19994.0], [2086.45, 4999.0], [2086.4, 2712.0], [2086.35, 4987.0], [2086.3, 2000.0], [2086.2, 6796.0], [2086.15, 17767.0], [2086.1, 5000.0], [2086.0, 2000.0], [2085.85, 2000.0], [2085.8, 52000.0], [2085.75, 2405.0]], "asks": [[2087.3, 4016.0], [2087.35, 2240.0], [2087.5, 7423.0], [2087.55, 39.0], [2087.7, 1.0], [2087.8, 1000.0], [2088.0, 2554.0], [2088.1, 4987.0], [2088.15, 3001.0], [2088.2, 5000.0], [2088.25, 650.0], [2088.4, 708.0], [2088.45, 2361.0], [2088.5, 7908.0], [2088.55, 1273.0], [2088.8, 17787.0], [2088.85, 20014.0], [2088.9, 500.0], [2089.0, 1520.0], [2089.1, 5093.0]]}}}
{"jsonrpc": "2.0", "method": "subscription", "params": {"channel": "book.ETH-PERPETUAL.none.20.100ms", "data": {"timestamp": 1772726397713, "change_id": 112106222603, "instrument_name": "ETH-PERPETUAL", "bids": [[2087.25, 2684.0], [2087.1, 1409.0], [2087.05, 2000.0], [2087.0, 2000.0], [2086.95, 1493.0], [2086.9, 5000.0], [2086.85, 1.0], [2086.8, 2612.0], [2086.7, 2000.0], [2086.5, 19994.0], [2086.45, 2000.0], [2086.4, 5711.0], [2086.35, 4987.0], [2086.3, 2000.0], [2086.2, 6796.0], [2086.15, 17767.0], [2086.1, 5000.0], [2086.0, 2000.0], [2085.85, 2000.0], [2085.8, 52000.0]], "asks": [[2087.3, 5016.0], [2087.35, 2240.0], [2087.5, 7423.0], [2087.55, 39.0], [2087.7, 1.0], [2087.75, 2700.0], [2088.0, 2554.0], [2088.05, 3001.0], [2088.1, 4987.0], [2088.2, 5000.0], [2088.25, 650.0], [2088.4, 708.0], [2088.45, 2361.0], [2088.5, 7908.0], [2088.55, 1273.0], [2088.7, 17787.0], [2088.85, 20014.0], [2088.9, 500.0], [2089.0, 1520.0], [2089.1, 5093.0]]}}}
{"jsonrpc": "2.0", "method": "subscription", "params": {"channel": "book.ETH-PERPETUAL.none.20.100ms", "data": {"timestamp": 1772726398067, "change_id": 112106222894, "instrument_name": "ETH-PERPETUAL", "bids": [[2087.25, 2335.0], [2087.1, 215.0], [2087.05, 2000.0], [2087.0, 2000.0], [2086.95, 1493.0], [2086.9, 5000.0], [2086.85, 1.0], [2086.8, 2612.0], [2086.7, 2000.0], [2086.5, 19994.0], [2086.45, 2000.0], [2086.4, 5711.0], [2086.35, 4987.0], [2086.3, 2000.0], [2086.2, 6796.0], [2086.15, 17767.0], [2086.1, 5000.0], [2086.0, 2000.0], [2085.85, 2000.0], [2085.8, 52000.0]], "asks": [[2087.3, 5016.0], [2087.35, 2240.0], [2087.5, 7423.0], [2087.55, 39.0], [2087.7, 1.0], [2087.75, 2700.0], [2088.0, 2554.0], [2088.05, 3001.0], [2088.1, 4987.0], [2088.2, 5000.0], [2088.25, 650.0], [2088.4, 708.0], [2088.45, 2361.0], [2088.5, 7908.0], [2088.55, 1273.0], [2088.6, 17787.0], [2088.75, 20014.0], [2088.9, 500.0], [2089.0, 1520.0], [2089.1, 5093.0]]}}}
{"jsonrpc": "2.0", "method": "subscription", "params": {"channel": "book.ETH-PERPETUAL.none.20.100ms", "data": {"timestamp": 1772726398404, "change_id": 112106223923, "instrument_name": "ETH-PERPETUAL", "bids": [[2087.25, 2401.0], [2087.05, 2000.0], [2087.0, 2000.0], [2086.9, 237.0], [2086.85, 1.0], [2086.8, 2612.0], [2086.7, 2000.0], [2086.45, 2000.0], [2086.4, 2712.0], [2086.35, 27980.0], [2086.3, 2000.0], [2086.1, 10900.0], [2086.05, 17767.0], [2086.0, 2000.0], [2085.85, 2000.0], [2085.8, 2000.0], [2085.75, 50080.0], [2085.65, 2000.0], [2085.55, 2000.0], [2085.4, 97480.0]], "asks": [[2087.3, 4231.0], [2087.35, 2240.0], [2087.5, 7201.0], [2087.55, 39.0], [2087.7, 1.0], [2087.75, 2700.0], [2087.95, 1000.0], [2088.0, 2554.0], [2088.05, 3001.0], [2088.1, 4987.0], [2088.2, 5000.0], [2088.25, 650.0], [2088.4, 708.0], [2088.5, 25695.0], [2088.55, 1273.0], [2088.9, 500.0], [2089.0, 1520.0], [2089.05, 20014.0], [2089.1, 5093.0], [2089.2, 8142.0]]}}}
{"jsonrpc": "2.0", "method": "subscription", "params": {"channel": "book.ETH-PERPETUAL.none.20.100ms", "data": {"timestamp": 1772726398738, "change_id": 112106224491, "instrument_name": "ETH-PERPETUAL", "bids": [[2087.25, 2301.0], [2087.1, 1194.0], [2087.05, 2000.0], [2087.0, 2000.0], [2086.85, 1.0], [2086.8, 2612.0], [2086.7, 2000.0], [2086.5, 22993.0], [2086.45, 2000.0], [2086.4, 2712.0], [2086.35, 4987.0], [2086.3, 2000.0], [2086.1, 10900.0], [2086.05, 17767.0], [2086.0, 2000.0], [2085.85, 2000.0], [2085.8, 52000.0], [2085.75, 80.0], [2085.65, 9744.0], [2085.55, 2000.0]], "asks": [[2087.3, 1379.0], [2087.55, 39.0], [2087.7, 216.0], [2087.95, 1000.0], [2088.0, 2554.0], [2088.1, 4987.0], [2088.2, 5000.0], [2088.35, 3001.0], [2088.4, 80.0], [2088.5, 7908.0], [2088.55, 1273.0], [2088.9, 500.0], [2089.0, 19307.0], [2089.05, 20014.0], [2089.1, 5093.0], [2089.25, 10000.0], [2089.65, 9849.0], [2089.7, 33146.0], [2090.0, 298500.0], [2090.05, 1002609.0]]}}}
{"jsonrpc": "2.0", "method": "subscription", "params": {"channel": "book.ETH-PERPETUAL.none.20.100ms", "data": {"timestamp": 1772726399057, "change_id": 112106225094, "instrument_name": "ETH-PERPETUAL", "bids": [[2087.25, 2817.0], [2087.1, 1194.0], [2087.05, 2000.0], [2087.0, 2000.0], [2086.85, 1.0], [2086.8, 4104.0], [2086.75, 2999.0], [2086.7, 2000.0], [2086.5, 19994.0], [2086.45, 2000.0], [2086.4, 2712.0], [2086.35, 22754.0], [2086.3, 2000.0], [2086.2, 652.0], [2086.1, 5000.0], [2086.05, 50000.0], [2086.0, 2000.0], [2085.85, 2000.0], [2085.8, 2000.0], [2085.75, 80.0]], "asks": [[2087.3, 1.0], [2087.45, 2149.0], [2087.5, 7201.0], [2087.55, 39.0], [2087.7, 216.0], [2088.0, 2554.0], [2088.1, 4987.0], [2088.2, 5000.0], [2088.4, 80.0], [2088.5, 3001.0], [2088.55, 1273.0], [2088.6, 1000.0], [2088.9, 18287.0], [2088.95, 20014.0], [2089.0, 1520.0], [2089.1, 5093.0], [2089.55, 10000.0], [2089.65, 9849.0], [2089.7, 33146.0], [2090.0, 1558.0]]}}}
{"jsonrpc": "2.0", "method": "subscription", "params": {"channel": "book.ETH-PERPETUAL.none.20.100ms", "data": {"timestamp": 1772726399394, "change_id": 112106225775, "instrument_name": "ETH-PERPETUAL", "bids": [[2087.25, 3158.0], [2087.1, 1194.0], [2087.05, 2000.0], [2087.0, 2000.0], [2086.85, 1.0], [2086.8, 2612.0], [2086.75, 2999.0], [2086.7, 2000.0], [2086.6, 19994.0], [2086.45, 2000.0], [2086.4, 2712.0], [2086.35, 22754.0], [2086.3, 2000.0], [2086.1, 5000.0], [2086.05, 50000.0], [2086.0, 2000.0], [2085.9, 1194.0], [2085.85, 2000.0], [2085.8, 2000.0], [2085.75, 80.0]], "asks": [[2087.3, 1.0], [2087.45, 2149.0], [2087.5, 7201.0], [2087.55, 39.0], [2087.7, 216.0], [2088.0, 2554.0], [2088.1, 4987.0], [2088.15, 1493.0], [2088.2, 5000.0], [2088.4, 80.0], [2088.5, 3001.0], [2088.55, 1273.0], [2088.6, 1000.0], [2088.8, 17787.0], [2088.9, 500.0], [2089.0, 1520.0], [2089.05, 20014.0], [2089.1, 5093.0], [2089.5, 2985.0], [2089.55, 10000.0]]}}}
{"jsonrpc": "2.0", "method": "subscription", "params": {"channel": "book.ETH-PERPETUAL.none.20.100ms", "data": {"timestamp": 1772726399721, "change_id": 112106226288, "instrument_name": "ETH-PERPETUAL", "bids": [[2087.25, 3922.0], [2087.1, 1194.0], [2087.05, 2000.0], [2087.0, 2000.0], [2086.85, 1.0], [2086.8, 2612.0], [2086.7, 2000.0], [2086.55, 2998.0], [2086.5, 19994.0], [2086.45, 2000.0], [2086.4, 2712.0], [2086.35, 22754.0], [2086.3, 2000.0], [2086.1, 55000.0], [2086.0, 2060.0], [2085.95, 7787.0], [2085.9, 1194.0], [2085.85, 2000.0], [2085.8, 2000.0], [2085.75, 80.0]], "asks": [[2087.3, 1.0], [2087.45, 1000.0], [2087.55, 39.0], [2087.7, 216.0], [2088.0, 2554.0], [2088.1, 4987.0], [2088.15, 1493.0], [2088.2, 5000.0], [2088.4, 80.0], [2088.5, 3001.0], [2088.55, 1273.0], [2088.9, 500.0], [2088.95, 20014.0], [2089.0, 19307.0], [2089.1, 5093.0], [2089.5, 2985.0], [2089.55, 10000.0], [2089.65, 9849.0], [2089.7, 26005.0], [2090.0, 1618.0]]}}}
{"jsonrpc": "2.0", "method": "subscription", "params": {"channel": "book.ETH-PERPETUAL.none.20.100ms", "data": {"timestamp": 1772726400056, "change_id": 112106227211, "instrument_name": "ETH-PERPETUAL", "bids": [[2087.4, 1925.0], [2087.35, 2000.0], [2087.3, 2969.0], [2087.25, 5232.0], [2087.2, 4987.0], [2087.1, 1194.0], [2087.05, 2000.0], [2087.0, 2000.0], [2086.95, 2149.0], [2086.9, 7199.0], [2086.85, 3000.0], [2086.8, 2612.0], [2086.75, 19994.0], [2086.7, 2000.0], [2086.45, 19767.0], [2086.4, 626.0], [2086.3, 52000.0], [2086.25, 652.0], [2086.1, 5000.0], [2086.0, 2060.0]], "asks": [[2087.45, 1000.0], [2087.55, 39.0], [2087.7, 1.0], [2087.95, 215.0], [2088.0, 1360.0], [2088.4, 80.0], [2088.5, 5000.0], [2088.55, 4274.0], [2088.6, 12489.0], [2088.9, 18287.0], [2089.0, 1520.0], [2089.05, 20014.0], [2089.1, 5093.0], [2089.4, 16588.0], [2089.65, 2087.0], [2090.0, 11618.0], [2090.1, 10372.0], [2090.15, 26005.0], [2090.2, 26005.0], [2090.3, 86.0]]}}}
{"jsonrpc": "2.0", "method": "subscription", "params": {"channel": "book.ETH-PERPETUAL.none.20.100ms", "data": {"timestamp": 1772726400364, "change_id": 112106228154, "instrument_name": "ETH-PERPETUAL", "bids": [[2087.5, 12906.0], [2087.45, 3156.0], [2087.4, 4131.0], [2087.35, 2000.0], [2087.3, 2969.0], [2087.25, 4130.0], [2087.2, 4987.0], [2087.1, 1194.0], [2087.05, 2000.0], [2087.0, 13116.0], [2086.9, 27193.0], [2086.85, 1.0], [2086.8, 2612.0], [2086.7, 2000.0], [2086.5, 6087.0], [2086.45, 19767.0], [2086.4, 16148.0], [2086.35, 50000.0], [2086.3, 2000.0], [2086.15, 1493.0]], "asks": [[2087.55, 39.0], [2087.7, 1.0], [2088.0, 1360.0], [2088.1, 215.0], [2088.4, 80.0], [2088.45, 1493.0], [2088.5, 10302.0], [2088.55, 2273.0], [2088.6, 12489.0], [2088.8, 1045.0], [2088.85, 3001.0], [2088.9, 500.0], [2089.0, 11956.0], [2089.05, 37801.0], [2089.1, 5093.0], [2089.35, 4952.0], [2089.4, 16588.0], [2089.95, 3003.0], [2090.0, 11618.0], [2090.1, 17143.0]]}}}
{"jsonrpc": "2.0", "method": "subscription", "params": {"channel": "book.ETH-PERPETUAL.none.20.100ms", "data": {"timestamp": 1772726400723, "change_id": 112106229019, "instrument_name": "ETH-PERPETUAL", "bids": [[2087.5, 3859.0], [2087.45, 2112.0], [2087.4, 1119.0], [2087.25, 2401.0], [2087.2, 612.0], [2087.15, 237.0], [2087.1, 1195.0], [2087.05, 2000.0], [2087.0, 3489.0], [2086.95, 4987.0], [2086.8, 2000.0], [2086.7, 2000.0], [2086.6, 6863.0], [2086.55, 22993.0], [2086.45, 2000.0], [2086.4, 6606.0], [2086.35, 17767.0], [2086.3, 2000.0], [2086.2, 16227.0], [2086.15, 50000.0]], "asks": [[2087.55, 39.0], [2087.75, 215.0], [2087.85, 2150.0], [2087.9, 7203.0], [2087.95, 1.0], [2088.0, 1360.0], [2088.4, 1573.0], [2088.45, 3001.0], [2088.5, 10302.0], [2088.55, 2273.0], [2088.6, 12489.0], [2088.8, 10735.0], [2088.85, 37801.0], [2088.9, 500.0], [2089.0, 1520.0], [2089.1, 5093.0], [2089.35, 4952.0], [2089.4, 16588.0], [2089.5, 2985.0], [2089.55, 10000.0]]}}}
{"jsonrpc": "2.0", "method": "subscription", "params": {"channel": "book.ETH-PERPETUAL.none.20.100ms", "data": {"timestamp": 1772726401044, "change_id": 112106229694, "instrument_name": "ETH-PERPETUAL", "bids": [[2087.5, 1881.0], [2087.45, 2000.0], [2087.25, 301.0], [2087.1, 1195.0], [2087.05, 2000.0], [2087.0, 3726.0], [2086.95, 4987.0], [2086.8, 2000.0], [2086.7, 2000.0], [2086.65, 5968.0], [2086.6, 19994.0], [2086.55, 2999.0], [2086.45, 2000.0], [2086.4, 6606.0], [2086.35, 17767.0], [2086.3, 2000.0], [2086.05, 15540.0], [2086.0, 53553.0], [2085.95, 5000.0], [2085.9, 1194.0]], "asks": [[2087.55, 119.0], [2087.7, 215.0], [2087.85, 2150.0], [2087.9, 7203.0], [2087.95, 1.0], [2088.0, 1360.0], [2088.2, 1493.0], [2088.25, 5000.0], [2088.3, 1194.0], [2088.35, 3001.0], [2088.4, 1000.0], [2088.5, 5302.0], [2088.55, 1273.0], [2088.6, 17798.0], [2088.65, 17787.0], [2088.75, 5974.0], [2088.8, 20014.0], [2088.9, 500.0], [2089.05, 1520.0], [2089.1, 5093.0]]}}}
{"jsonrpc": "2.0", "method": "subscription", "params": {"channel": "book.ETH-PERPETUAL.none.20.100ms", "data": {"timestamp": 1772726401383, "change_id": 112106231733, "instrument_name": "ETH-PERPETUAL", "bids": [[2087.7, 2000.0], [2087.5, 346.0], [2087.45, 2000.0], [2087.25, 301.0], [2087.1, 1807.0], [2087.05, 2000.0], [2087.0, 9266.0], [2086.95, 4987.0], [2086.9, 21486.0], [2086.85, 2998.0], [2086.8, 2000.0], [2086.7, 8796.0], [2086.65, 17767.0], [2086.5, 15709.0], [2086.45, 52000.0], [2086.4, 626.0], [2086.35, 2170.0], [2086.3, 7000.0], [2086.1, 3600.0], [2086.05, 10000.0]], "asks": [[2087.75, 15428.0], [2087.8, 2700.0], [2087.9, 7203.0], [2087.95, 1325.0], [2088.0, 1360.0], [2088.1, 215.0], [2088.4, 1650.0], [2088.5, 708.0], [2088.55, 1273.0], [2088.6, 4987.0], [2088.75, 5000.0], [2088.85, 3001.0], [2088.9, 500.0], [2089.0, 1520.0], [2089.1, 5093.0], [2089.15, 10607.0], [2089.2, 37801.0], [2089.9, 2609.0], [2090.0, 60.0], [2090.05, 3764.0]]}}}
{"jsonrpc": "2.0", "method": "subscription", "params": {"channel": "book.ETH-PERPETUAL.none.20.100ms", "data": {"timestamp": 1772726401709, "change_id": 112106232818, "instrument_name": "ETH-PERPETUAL", "bids": [[2087.5, 1145.0], [2087.25, 300.0], [2087.15, 237.0], [2087.1, 1807.0], [2087.05, 2000.0], [2087.0, 2000.0], [2086.8, 2000.0], [2086.7, 8863.0], [2086.65, 19994.0], [2086.45, 10488.0], [2086.4, 626.0], [2086.35, 80.0], [2086.3, 2000.0], [2086.25, 25546.0], [2086.2, 14925.0], [2086.15, 50000.0], [2086.05, 2107.0], [2086.0, 7060.0], [2085.9, 1194.0], [2085.85, 2000.0]], "asks": [[2087.55, 2780.0], [2087.7, 1245.0], [2087.75, 215.0], [2087.9, 7203.0], [2087.95, 1.0], [2088.0, 1360.0], [2088.35, 4001.0], [2088.5, 5000.0], [2088.55, 1273.0], [2088.6, 4987.0], [2088.9, 500.0], [2088.95, 5974.0], [2089.0, 26845.0], [2089.05, 17787.0], [2089.1, 5093.0], [2089.4, 2985.0], [2089.45, 10000.0], [2089.9, 2609.0], [2090.0, 60.0], [2090.1, 15619.0]]}}}
{"jsonrpc": "2.0", "method": "subscription", "params": {"channel": "book.ETH-PERPETUAL.none.20.100ms", "data": {"timestamp": 1772726402045, "change_id": 112106233815, "instrument_name": "ETH-PERPETUAL", "bids": [[2087.5, 1.0], [2087.3, 237.0], [2087.25, 300.0], [2087.1, 1807.0], [2087.05, 2000.0], [2087.0, 2000.0], [2086.8, 2000.0], [2086.75, 2086.0], [2086.7, 12955.0], [2086.65, 19994.0], [2086.45, 2000.0], [2086.4, 6550.0], [2086.35, 3079.0], [2086.3, 19767.0], [2086.05, 16763.0], [2086.0, 7060.0], [2085.95, 50000.0], [2085.9, 1194.0], [2085.85, 2000.0], [2085.8, 2000.0]], "asks": [[2087.55, 2780.0], [2087.85, 215.0], [2087.9, 7203.0], [2087.95, 1.0], [2088.0, 1360.0], [2088.3, 3001.0], [2088.35, 1000.0], [2088.5, 5000.0], [2088.55, 1273.0], [2088.6, 5637.0], [2088.8, 17787.0], [2088.85, 7754.0], [2088.9, 20515.0], [2089.0, 1520.0], [2089.1, 5093.0], [2089.55, 2175.0], [2089.6, 10273.0], [2089.65, 10000.0], [2090.0, 60.0], [2090.1, 14533.0]]}}}
{"jsonrpc": "2.0", "method": "subscription", "params": {"channel": "book.ETH-PERPETUAL.none.20.100ms", "data": {"timestamp": 1772726402363, "change_id": 112106234709, "instrument_name": "ETH-PERPETUAL", "bids": [[2087.5, 1.0], [2087.45, 2000.0], [2087.25, 300.0], [2087.15, 237.0], [2087.1, 1195.0], [2087.05, 2000.0], [2087.0, 2000.0], [2086.8, 10054.0], [2086.75, 22993.0], [2086.7, 6987.0], [2086.45, 2000.0], [2086.4, 6550.0], [2086.35, 17847.0], [2086.3, 2000.0], [2086.1, 17032.0], [2086.05, 50000.0], [2086.0, 7060.0], [2085.9, 3413.0], [2085.85, 2000.0], [2085.8, 9944.0]], "asks": [[2087.55, 2700.0], [2087.75, 215.0], [2087.95, 1.0], [2088.0, 1360.0], [2088.4, 2388.0], [2088.45, 3001.0], [2088.5, 5000.0], [2088.55, 2956.0], [2088.6, 5637.0], [2088.65, 80.0], [2088.7, 708.0], [2088.75, 5309.0], [2088.8, 20251.0], [2088.85, 7754.0], [2088.9, 500.0], [2088.95, 1000.0], [2089.0, 7300.0], [2089.05, 20015.0], [2089.1, 5093.0], [2089.55, 2175.0]]}}}
{"jsonrpc": "2.0", "method": "subscription", "params": {"channel": "book.ETH-PERPETUAL.none.20.100ms", "data": {"timestamp": 1772726402707, "change_id": 112106235326, "instrument_name": "ETH-PERPETUAL", "bids": [[2087.5, 1.0], [2087.25, 300.0], [2087.15, 237.0], [2087.1, 1195.0], [2087.05, 2000.0], [2087.0, 2000.0], [2086.95, 1489.0], [2086.9, 4987.0], [2086.85, 612.0], [2086.8, 2000.0], [2086.7, 2000.0], [2086.55, 5968.0], [2086.5, 21673.0], [2086.45, 4999.0], [2086.4, 6550.0], [2086.35, 17847.0], [2086.3, 2000.0], [2086.05, 2107.0], [2086.0, 21985.0], [2085.95, 50000.0]], "asks": [[2087.55, 2800.0], [2087.65, 2150.0], [2087.7, 7202.0], [2087.75, 215.0], [2087.9, 1212.0], [2087.95, 2701.0], [2088.0, 1360.0], [2088.15, 3001.0], [2088.2, 1493.0], [2088.25, 5000.0], [2088.5, 650.0], [2088.55, 2956.0], [2088.6, 4987.0], [2088.75, 10605.0], [2088.8, 40266.0], [2088.85, 7754.0], [2088.9, 500.0], [2088.95, 1000.0], [2089.05, 1520.0], [2089.1, 5093.0]]}}}
{"jsonrpc": "2.0", "method": "subscription", "params": {"channel": "book.ETH-PERPETUAL.none.20.100ms", "data": {"timestamp": 1772726403037, "change_id": 112106236271, "instrument_name": "ETH-PERPETUAL", "bids": [[2087.85, 2000.0], [2087.7, 2000.0], [2087.6, 3481.0], [2087.55, 2000.0], [2087.5, 1.0], [2087.45, 2000.0], [2087.25, 300.0], [2087.15, 2999.0], [2087.1, 7011.0], [2087.05, 21994.0], [2087.0, 3489.0], [2086.9, 11070.0], [2086.85, 18379.0], [2086.8, 2000.0], [2086.7, 2000.0], [2086.55, 1493.0], [2086.5, 5000.0], [2086.45, 2000.0], [2086.4, 16172.0], [2086.35, 50080.0]], "asks": [[2087.9, 1212.0], [2087.95, 2701.0], [2088.0, 1360.0], [2088.2, 215.0], [2088.55, 7956.0], [2088.6, 4987.0], [2088.7, 100.0], [2088.8, 3001.0], [2088.9, 500.0], [2089.05, 1520.0], [2089.1, 5093.0], [2089.15, 6309.0], [2089.2, 17787.0], [2089.25, 20015.0], [2089.45, 5974.0], [2089.8, 2609.0], [2089.9, 3003.0], [2089.95, 10000.0], [2090.0, 60.0], [2090.1, 7762.0]]}}}
{"jsonrpc": "2.0", "method": "subscription", "params": {"channel": "book.ETH-PERPETUAL.none.20.100ms", "data": {"timestamp": 1772726403360, "change_id": 112106237254, "instrument_name": "ETH-PERPETUAL", "bids": [[2087.75, 2237.0], [2087.6, 2000.0], [2087.55, 2000.0], [2087.5, 295.0], [2087.45, 2000.0], [2087.25, 300.0], [2087.2, 612.0], [2087.1, 1195.0], [2087.05, 2000.0], [2087.0, 3489.0], [2086.9, 7986.0], [2086.85, 19994.0], [2086.8, 2000.0], [2086.7, 2000.0], [2086.55, 17767.0], [2086.45, 7652.0], [2086.4, 626.0], [2086.35, 15602.0], [2086.3, 52000.0], [2086.0, 2060.0]], "asks": [[2087.8, 2700.0], [2087.9, 2700.0], [2087.95, 2701.0], [2088.0, 1360.0], [2088.2, 215.0], [2088.55, 1683.0], [2088.6, 4987.0], [2088.65, 3001.0], [2088.7, 5100.0], [2088.9, 500.0], [2089.05, 1520.0], [2089.1, 17787.0], [2089.15, 1000.0], [2089.9, 20015.0], [2089.95, 4276.0], [2090.0, 10060.0], [2090.1, 7762.0], [2090.2, 26005.0], [2090.3, 2174.0], [2090.35, 11785.0]]}}}
{"jsonrpc": "2.0", "method": "subscription", "params": {"channel": "book.ETH-PERPETUAL.none.20.100ms", "data": {"timestamp": 1772726403697, "change_id": 112106238143, "instrument_name": "ETH-PERPETUAL", "bids": [[2087.6, 100.0], [2087.5, 1.0], [2087.25, 300.0], [2087.2, 850.0], [2087.1, 1194.0], [2087.05, 2000.0], [2087.0, 3489.0], [2086.9, 4987.0], [2086.8, 2000.0], [2086.75, 19994.0], [2086.7, 2000.0], [2086.5, 2999.0], [2086.45, 2652.0], [2086.4, 626.0], [2086.35, 17847.0], [2086.3, 7000.0], [2086.15, 50000.0], [2086.0, 2060.0], [2085.9, 1194.0], [2085.85, 2000.0]], "asks": [[2087.65, 2800.0], [2087.7, 215.0], [2087.75, 1244.0], [2087.8, 2700.0], [2087.9, 2700.0], [2087.95, 2700.0], [2088.0, 1360.0], [2088.15, 7204.0], [2088.45, 5000.0], [2088.55, 4684.0], [2088.6, 4987.0], [2088.85, 708.0], [2088.9, 1150.0], [2089.2, 1000.0], [2089.5, 10000.0], [2089.8, 20015.0], [2089.85, 17787.0], [2089.95, 1273.0], [2090.0, 60.0], [2090.1, 7762.0]]}}}
{"jsonrpc": "2.0", "method": "subscription", "params": {"channel": "book.ETH-PERPETUAL.none.20.100ms", "data": {"timestamp": 1772726404022, "change_id": 112106238675, "instrument_name": "ETH-PERPETUAL", "bids": [[2087.6, 337.0], [2087.55, 2000.0], [2087.25, 300.0], [2087.2, 1.0], [2087.1, 1194.0], [2087.05, 2000.0], [2087.0, 3489.0], [2086.9, 4987.0], [2086.85, 22993.0], [2086.8, 2000.0], [2086.7, 2000.0], [2086.45, 2000.0], [2086.4, 626.0], [2086.35, 55080.0], [2086.3, 2000.0], [2086.05, 7618.0], [2086.0, 2060.0], [2085.9, 1194.0], [2085.85, 12000.0], [2085.8, 2000.0]], "asks": [[2087.65, 1.0], [2087.8, 2700.0], [2087.9, 3912.0], [2087.95, 2700.0], [2088.0, 1360.0], [2088.05, 1.0], [2088.1, 2365.0], [2088.15, 7204.0], [2088.55, 4684.0], [2088.6, 9987.0], [2088.75, 100.0], [2088.9, 500.0], [2088.95, 7699.0], [2089.2, 1000.0], [2089.4, 37802.0], [2089.8, 10000.0], [2089.95, 1273.0], [2090.0, 60.0], [2090.1, 7762.0], [2090.2, 26005.0]]}}}
{"jsonrpc": "2.0", "method": "subscription", "params": {"channel": "book.ETH-PERPETUAL.none.20.100ms", "data": {"timestamp": 1772726404353, "change_id": 112106239811, "instrument_name": "ETH-PERPETUAL", "bids": [[2087.45, 1457.0], [2087.25, 300.0], [2087.2, 238.0], [2087.1, 1194.0], [2087.05, 2000.0], [2087.0, 4101.0], [2086.9, 4987.0], [2086.8, 2000.0], [2086.7, 2000.0], [2086.6, 19994.0], [2086.45, 4999.0], [2086.4, 626.0], [2086.35, 17847.0], [2086.3, 2000.0], [2086.2, 5000.0], [2086.05, 50000.0], [2086.0, 2060.0], [2085.9, 1194.0], [2085.85, 2000.0], [2085.8, 2000.0]], "asks": [[2087.5, 2700.0], [2087.65, 216.0], [2087.9, 1212.0], [2087.95, 2700.0], [2088.0, 1360.0], [2088.05, 1.0], [2088.3, 4494.0], [2088.35, 5000.0], [2088.5, 1000.0], [2088.55, 2391.0], [2088.6, 4987.0], [2088.7, 650.0], [2088.75, 100.0], [2088.9, 40600.0], [2088.95, 7699.0], [2089.35, 16600.0], [2089.5, 10000.0], [2089.95, 1273.0], [2090.0, 60.0], [2090.1, 7762.0]]}}}
{"jsonrpc": "2.0", "method": "subscription", "params": {"channel": "book.ETH-PERPETUAL.none.20.100ms", "data": {"timestamp": 1772726404687, "change_id": 112106240472, "instrument_name": "ETH-PERPETUAL", "bids": [[2087.55, 3243.0], [2087.45, 2492.0], [2087.25, 300.0], [2087.2, 1.0], [2087.1, 1194.0], [2087.05, 2000.0], [2087.0, 4101.0], [2086.9, 4987.0], [2086.85, 22993.0], [2086.8, 2000.0], [2086.7, 2000.0], [2086.5, 17767.0], [2086.45, 2000.0], [2086.4, 626.0], [2086.35, 80.0], [2086.3, 7000.0], [2086.25, 50000.0], [2086.05, 7893.0], [2086.0, 2060.0], [2085.95, 10000.0]], "asks": [[2087.65, 2151.0], [2087.9, 1212.0], [2087.95, 2700.0], [2088.0, 1360.0], [2088.05, 1.0], [2088.1, 215.0], [2088.5, 6000.0], [2088.55, 1683.0], [2088.6, 4987.0], [2088.7, 650.0], [2088.75, 100.0], [2088.85, 3001.0], [2088.9, 500.0], [2089.3, 37802.0], [2089.7, 2609.0], [2089.9, 10000.0], [2089.95, 1273.0], [2090.0, 60.0], [2090.1, 14514.0], [2090.2, 51947.0]]}}}
{"jsonrpc": "2.0", "method": "subscription", "params": {"channel": "book.ETH-PERPETUAL.none.20.100ms", "data": {"timestamp": 1772726405017, "change_id": 112106240962, "instrument_name": "ETH-PERPETUAL", "bids": [[2087.6, 877.0], [2087.55, 2509.0], [2087.45, 3240.0], [2087.25, 300.0], [2087.15, 5969.0], [2087.1, 21188.0], [2087.05, 4999.0], [2087.0, 4101.0], [2086.9, 4987.0], [2086.8, 2000.0], [2086.75, 17767.0], [2086.7, 2000.0], [2086.55, 5000.0], [2086.45, 52000.0], [2086.4, 626.0], [2086.35, 80.0], [2086.3, 2000.0], [2086.05, 7893.0], [2086.0, 2060.0], [2085.95, 10000.0]], "asks": [[2087.65, 1.0], [2087.9, 7203.0], [2088.0, 1576.0], [2088.45, 1493.0], [2088.5, 5000.0], [2088.55, 1683.0], [2088.6, 4987.0], [2088.7, 7602.0], [2088.75, 100.0], [2088.8, 3001.0], [2088.85, 1000.0], [2088.9, 500.0], [2089.5, 17075.0], [2089.6, 17787.0], [2089.85, 20015.0], [2089.9, 10000.0], [2089.95, 1273.0], [2090.0, 60.0], [2090.1, 7762.0], [2090.2, 26005.0]]}}}
{"jsonrpc": "2.0", "method": "subscription", "params": {"channel": "book.ETH-PERPETUAL.none.20.100ms", "data": {"timestamp": 1772726405347, "change_id": 112106243045, "instrument_name": "ETH-PERPETUAL", "bids": [[2087.95, 3256.0], [2087.9, 1194.0], [2087.85, 2000.0], [2087.8, 2000.0], [2087.65, 1578.0], [2087.6, 8053.0], [2087.55, 2186.0], [2087.5, 2086.0], [2087.45, 6987.0], [2087.4, 612.0], [2087.35, 6863.0], [2087.3, 22993.0], [2087.25, 300.0], [2087.15, 1.0], [2087.1, 1194.0], [2087.05, 2000.0], [2087.0, 2000.0], [2086.9, 5900.0], [2086.85, 17767.0], [2086.8, 4090.0]], "asks": [[2088.0, 1361.0], [2088.2, 215.0], [2088.55, 650.0], [2088.75, 100.0], [2088.9, 1993.0], [2088.95, 5000.0], [2089.0, 1489.0], [2089.05, 4987.0], [2089.1, 1000.0], [2089.35, 9871.0], [2089.4, 23761.0], [2089.45, 20015.0], [2089.95, 4276.0], [2090.0, 10060.0], [2090.3, 2174.0], [2090.65, 16.0], [2090.75, 7894.0], [2090.8, 26447.0], [2090.95, 25942.0], [2091.2, 2610.0]]}}}
{"jsonrpc": "2.0", "method": "subscription", "params": {"channel": "book.ETH-PERPETUAL.none.20.100ms", "data": {"timestamp": 1772726405678, "change_id": 112106244224, "instrument_name": "ETH-PERPETUAL", "bids": [[2087.95, 3216.0], [2087.9, 502.0], [2087.85, 2270.0], [2087.8, 2000.0], [2087.65, 1180.0], [2087.6, 3436.0], [2087.55, 2000.0], [2087.5, 2086.0], [2087.45, 6987.0], [2087.4, 3657.0], [2087.3, 7201.0], [2087.25, 300.0], [2087.15, 8967.0], [2087.1, 21188.0], [2087.05, 2000.0], [2087.0, 7303.0], [2086.85, 17767.0], [2086.8, 2000.0], [2086.7, 2000.0], [2086.65, 16242.0]], "asks": [[2088.0, 1361.0], [2088.4, 215.0], [2088.75, 100.0], [2088.9, 1993.0], [2088.95, 5000.0], [2089.0, 1489.0], [2089.05, 4987.0], [2089.1, 1000.0], [2089.15, 3001.0], [2089.2, 2279.0], [2089.25, 7636.0], [2089.5, 10605.0], [2089.55, 37802.0], [2089.95, 1273.0], [2090.0, 8175.0], [2090.05, 17185.0], [2090.1, 10000.0], [2090.3, 2174.0], [2090.65, 16.0], [2090.75, 7894.0]]}}}
{"jsonrpc": "2.0", "method": "subscription", "params": {"channel": "book.ETH-PERPETUAL.none.20.100ms", "data": {"timestamp": 1772726406008, "change_id": 112106245212, "instrument_name": "ETH-PERPETUAL", "bids": [[2087.95, 2081.0], [2087.6, 2237.0], [2087.55, 2001.0], [2087.45, 2000.0], [2087.4, 2105.0], [2087.35, 5000.0], [2087.3, 1578.0], [2087.25, 5287.0], [2087.1, 7010.0], [2087.05, 21994.0], [2087.0, 2000.0], [2086.9, 1492.0], [2086.85, 2999.0], [2086.8, 7900.0], [2086.75, 17767.0], [2086.7, 2000.0], [2086.6, 60.0], [2086.5, 16910.0], [2086.45, 7000.0], [2086.4, 50626.0]], "asks": [[2088.0, 1449.0], [2088.2, 2150.0], [2088.25, 7204.0], [2088.4, 1.0], [2088.6, 2388.0], [2088.65, 3001.0], [2088.7, 5000.0], [2088.9, 500.0], [2089.0, 2139.0], [2089.05, 5695.0], [2089.1, 1000.0], [2089.15, 5309.0], [2089.2, 20066.0], [2089.25, 7636.0], [2089.3, 5974.0], [2089.35, 20015.0], [2089.85, 2985.0], [2089.9, 10000.0], [2089.95, 1273.0], [2090.0, 5190.0]]}}}
{"jsonrpc": "2.0", "method": "subscription", "params": {"channel": "book.ETH-PERPETUAL.none.20.100ms", "data": {"timestamp": 1772726406336, "change_id": 112106246535, "instrument_name": "ETH-PERPETUAL", "bids": [[2087.55, 2001.0], [2087.4, 612.0], [2087.25, 300.0], [2087.2, 237.0], [2087.1, 1194.0], [2087.05, 2000.0], [2087.0, 3489.0], [2086.95, 4987.0], [2086.9, 6565.0], [2086.85, 19994.0], [2086.8, 2000.0], [2086.7, 2000.0], [2086.6, 3059.0], [2086.55, 5303.0], [2086.5, 20043.0], [2086.45, 2000.0], [2086.4, 626.0], [2086.3, 2000.0], [2086.25, 14925.0], [2086.2, 51493.0]], "asks": [[2087.6, 2700.0], [2087.75, 215.0], [2087.85, 2700.0], [2088.0, 1377.0], [2088.1, 1489.0], [2088.15, 4987.0], [2088.4, 1494.0], [2088.45, 5000.0], [2088.5, 1090.0], [2088.55, 3651.0], [2088.7, 100.0], [2088.9, 6003.0], [2088.95, 17787.0], [2089.05, 708.0], [2089.1, 6273.0], [2089.15, 21015.0], [2089.2, 2279.0], [2089.25, 7636.0], [2089.4, 2985.0], [2089.45, 10000.0]]}}}
{"jsonrpc": "2.0", "method": "subscription", "params": {"channel": "book.ETH-PERPETUAL.none.20.100ms", "data": {"timestamp": 1772726406668, "change_id": 112106247188, "instrument_name": "ETH-PERPETUAL", "bids": [[2087.55, 218.0], [2087.25, 300.0], [2087.2, 237.0], [2087.1, 1194.0], [2087.05, 2000.0], [2087.0, 2000.0], [2086.85, 612.0], [2086.8, 2000.0], [2086.75, 4987.0], [2086.7, 2000.0], [2086.65, 5986.0], [2086.6, 20054.0], [2086.45, 2000.0], [2086.4, 7231.0], [2086.35, 20765.0], [2086.3, 2000.0], [2086.2, 1493.0], [2086.1, 5000.0], [2086.0, 2060.0], [2085.9, 1194.0]], "asks": [[2087.6, 10292.0], [2087.65, 2214.0], [2087.7, 7202.0], [2088.0, 1334.0], [2088.05, 2700.0], [2088.1, 1489.0], [2088.15, 4987.0], [2088.35, 3001.0], [2088.4, 3569.0], [2088.45, 5000.0], [2088.5, 7592.0], [2088.7, 708.0], [2088.9, 11080.0], [2088.95, 37802.0], [2089.15, 1000.0], [2089.2, 2279.0], [2089.25, 7636.0], [2089.4, 2985.0], [2089.45, 10000.0], [2089.75, 3119.0]]}}}
{"jsonrpc": "2.0", "method": "subscription", "params": {"channel": "book.ETH-PERPETUAL.none.20.100ms", "data": {"timestamp": 1772726406981, "change_id": 112106248663, "instrument_name": "ETH-PERPETUAL", "bids": [[2087.25, 300.0], [2087.15, 1.0], [2087.05, 2000.0], [2087.0, 2000.0], [2086.95, 237.0], [2086.85, 612.0], [2086.8, 2000.0], [2086.7, 2000.0], [2086.65, 1507.0], [2086.6, 5047.0], [2086.5, 6752.0], [2086.45, 2000.0], [2086.4, 20620.0], [2086.3, 2000.0], [2086.1, 6620.0], [2086.05, 20766.0], [2086.0, 2060.0], [2085.9, 15966.0], [2085.85, 2000.0], [2085.8, 52000.0]], "asks": [[2087.3, 2786.0], [2087.35, 315.0], [2087.45, 2800.0], [2087.5, 1818.0], [2087.55, 2700.0], [2087.6, 2700.0], [2087.9, 2787.0], [2087.95, 5000.0], [2088.0, 4336.0], [2088.05, 2700.0], [2088.1, 1489.0], [2088.15, 4987.0], [2088.4, 7576.0], [2088.45, 17787.0], [2088.5, 7592.0], [2088.55, 650.0], [2088.7, 5309.0], [2088.75, 20015.0], [2088.9, 500.0], [2089.1, 2985.0]]}}}
{"jsonrpc": "2.0", "method": "subscription", "params": {"channel": "book.ETH-PERPETUAL.none.20.100ms", "data": {"timestamp": 1772726407328, "change_id": 112106250320, "instrument_name": "ETH-PERPETUAL", "bids": [[2087.25, 2000.0], [2087.2, 2000.0], [2087.15, 1.0], [2087.1, 2000.0], [2086.8, 2000.0], [2086.7, 2000.0], [2086.45, 2000.0], [2086.4, 8413.0], [2086.35, 24981.0], [2086.3, 2000.0], [2086.1, 5918.0], [2086.05, 20766.0], [2086.0, 2060.0], [2085.9, 15966.0], [2085.85, 2000.0], [2085.8, 52000.0], [2085.7, 2090.0], [2085.65, 2000.0], [2085.6, 5000.0], [2085.55, 5005.0]], "asks": [[2087.3, 100.0], [2087.45, 2700.0], [2087.5, 1827.0], [2087.55, 2700.0], [2087.6, 2700.0], [2087.8, 1489.0], [2087.85, 4987.0], [2087.9, 1891.0], [2087.95, 5000.0], [2088.0, 1335.0], [2088.05, 2700.0], [2088.25, 3001.0], [2088.4, 100.0], [2088.6, 708.0], [2088.65, 430.0], [2088.75, 5974.0], [2088.8, 20015.0], [2088.9, 500.0], [2089.1, 5309.0], [2089.4, 2985.0]]}}}
{"jsonrpc": "2.0", "method": "subscription", "params": {"channel": "book.ETH-PERPETUAL.none.20.100ms", "data": {"timestamp": 1772726407658, "change_id": 112106251288, "instrument_name": "ETH-PERPETUAL", "bids": [[2087.15, 1.0], [2087.1, 2000.0], [2086.8, 2237.0], [2086.7, 2000.0], [2086.45, 2000.0], [2086.4, 2712.0], [2086.35, 4987.0], [2086.3, 2000.0], [2086.25, 612.0], [2086.2, 5968.0], [2086.15, 22992.0], [2086.0, 2060.0], [2085.95, 16227.0], [2085.9, 73961.0], [2085.85, 2000.0], [2085.8, 2000.0], [2085.65, 2000.0], [2085.55, 2000.0], [2085.5, 66.0], [2085.4, 97480.0]], "asks": [[2087.2, 4777.0], [2087.25, 13291.0], [2087.3, 290.0], [2087.45, 2700.0], [2087.5, 215.0], [2087.9, 1294.0], [2087.95, 3001.0], [2088.0, 3633.0], [2088.05, 2700.0], [2088.1, 6489.0], [2088.15, 4987.0], [2088.5, 10491.0], [2088.55, 17787.0], [2088.6, 20015.0], [2088.65, 430.0], [2088.9, 500.0], [2089.4, 2985.0], [2089.45, 10000.0], [2089.5, 1557.0], [2089.55, 5217.0]]}}}
{"jsonrpc": "2.0", "method": "subscription", "params": {"channel": "book.ETH-PERPETUAL.none.20.100ms", "data": {"timestamp": 1772726407990, "change_id": 112106251931, "instrument_name": "ETH-PERPETUAL", "bids": [[2087.1, 2000.0], [2086.8, 2237.0], [2086.75, 1.0], [2086.7, 2000.0], [2086.65, 612.0], [2086.45, 2000.0], [2086.4, 8413.0], [2086.35, 24981.0], [2086.3, 2000.0], [2086.1, 1510.0], [2086.05, 20766.0], [2086.0, 2060.0], [2085.9, 1194.0], [2085.85, 2000.0], [2085.8, 2000.0], [2085.7, 2090.0], [2085.65, 7000.0], [2085.6, 15542.0], [2085.55, 52000.0], [2085.5, 66.0]], "asks": [[2087.15, 1249.0], [2087.2, 100.0], [2087.25, 2700.0], [2087.4, 3170.0], [2087.45, 2700.0], [2087.5, 7201.0], [2087.6, 1.0], [2088.0, 3532.0], [2088.05, 5701.0], [2088.1, 6489.0], [2088.15, 4987.0], [2088.25, 2402.0], [2088.3, 8047.0], [2088.65, 430.0], [2088.75, 5309.0], [2088.8, 17787.0], [2088.9, 6474.0], [2088.95, 20015.0], [2089.0, 8243.0], [2089.05, 10000.0]]}}}
{"jsonrpc": "2.0", "method": "subscription", "params": {"channel": "book.ETH-PERPETUAL.none.20.100ms", "data": {"timestamp": 1772726408308, "change_id": 112106253061, "instrument_name": "ETH-PERPETUAL", "bids": [[2087.1, 2100.0], [2086.8, 2237.0], [2086.75, 1.0], [2086.7, 2000.0], [2086.65, 612.0], [2086.45, 2000.0], [2086.4, 2712.0], [2086.35, 4987.0], [2086.3, 2000.0], [2086.25, 5968.0], [2086.2, 19994.0], [2086.15, 2999.0], [2086.0, 2060.0], [2085.95, 5303.0], [2085.9, 18961.0], [2085.85, 2000.0], [2085.8, 2000.0], [2085.7, 2090.0], [2085.65, 7000.0], [2085.6, 15542.0]], "asks": [[2087.15, 1449.0], [2087.25, 2700.0], [2087.3, 215.0], [2087.4, 2955.0], [2087.45, 2700.0], [2087.5, 7201.0], [2087.6, 1.0], [2087.9, 1264.0], [2088.0, 6533.0], [2088.05, 2700.0], [2088.1, 6489.0], [2088.15, 4987.0], [2088.2, 7711.0], [2088.25, 17787.0], [2088.3, 8047.0], [2088.65, 430.0], [2088.7, 5974.0], [2088.75, 20015.0], [2088.9, 500.0], [2089.05, 5258.0]]}}}
{"jsonrpc": "2.0", "method": "subscription", "params": {"channel": "book.ETH-PERPETUAL.none.20.100ms", "data": {"timestamp": 1772726408650, "change_id": 112106253865, "instrument_name": "ETH-PERPETUAL", "bids": [[2087.1, 2001.0], [2086.95, 237.0], [2086.8, 2000.0], [2086.75, 1.0], [2086.7, 2000.0], [2086.65, 612.0], [2086.45, 2000.0], [2086.4, 9308.0], [2086.35, 27980.0], [2086.3, 2000.0], [2086.0, 2060.0], [2085.95, 5303.0], [2085.9, 18961.0], [2085.85, 2000.0], [2085.8, 2000.0], [2085.7, 16747.0], [2085.65, 57000.0], [2085.55, 2000.0], [2085.5, 3187.0], [2085.45, 8455.0]], "asks": [[2087.15, 100.0], [2087.4, 2955.0], [2087.45, 2700.0], [2087.5, 7416.0], [2087.6, 1.0], [2088.0, 3532.0], [2088.05, 2700.0], [2088.1, 6489.0], [2088.15, 4987.0], [2088.2, 3001.0], [2088.25, 2502.0], [2088.3, 8047.0], [2088.65, 430.0], [2088.75, 10703.0], [2088.8, 37802.0], [2088.9, 500.0], [2089.05, 5258.0], [2089.1, 17616.0], [2089.2, 2985.0], [2089.25, 10000.0]]}}}
{"jsonrpc": "2.0", "method": "subscription", "params": {"channel": "book.ETH-PERPETUAL.none.20.100ms", "data": {"timestamp": 1772726408981, "change_id": 112106254269, "instrument_name": "ETH-PERPETUAL", "bids": [[2087.1, 101.0], [2086.95, 237.0], [2086.8, 2000.0], [2086.7, 2001.0], [2086.65, 612.0], [2086.45, 2000.0], [2086.4, 2086.0], [2086.35, 4987.0], [2086.3, 2000.0], [2086.2, 6863.0], [2086.15, 19994.0], [2086.1, 8916.0], [2086.05, 17767.0], [2086.0, 2060.0], [2085.9, 1194.0], [2085.85, 2000.0], [2085.8, 2000.0], [2085.7, 2090.0], [2085.65, 7000.0], [2085.6, 15542.0]], "asks": [[2087.15, 100.0], [2087.4, 3170.0], [2087.45, 2700.0], [2087.5, 7201.0], [2087.55, 1.0], [2087.8, 1493.0], [2087.85, 8001.0], [2087.9, 1264.0], [2088.0, 1234.0], [2088.05, 2700.0], [2088.1, 1489.0], [2088.15, 4987.0], [2088.2, 650.0], [2088.25, 2402.0], [2088.3, 13356.0], [2088.35, 17787.0], [2088.55, 5974.0], [2088.65, 430.0], [2088.9, 20515.0], [2089.05, 5258.0]]}}}
{"jsonrpc": "2.0", "method": "subscription", "params": {"channel": "book.ETH-PERPETUAL.none.20.100ms", "data": {"timestamp": 1772726409310, "change_id": 112106255326, "instrument_name": "ETH-PERPETUAL", "bids": [[2087.1, 101.0], [2087.05, 2000.0], [2086.8, 2000.0], [2086.75, 237.0], [2086.7, 2001.0], [2086.6, 1493.0], [2086.55, 5000.0], [2086.45, 2000.0], [2086.4, 2086.0], [2086.35, 4987.0], [2086.3, 2000.0], [2086.1, 6583.0], [2086.05, 19994.0], [2086.0, 2060.0], [2085.95, 2999.0], [2085.9, 6345.0], [2085.85, 19767.0], [2085.8, 2000.0], [2085.7, 16747.0], [2085.65, 7000.0]], "asks": [[2087.15, 490.0], [2087.25, 215.0], [2087.4, 2955.0], [2087.45, 2700.0], [2087.5, 7201.0], [2087.55, 1.0], [2087.75, 3001.0], [2087.8, 1493.0], [2087.85, 5000.0], [2088.0, 1234.0], [2088.05, 2700.0], [2088.1, 1489.0], [2088.15, 4987.0], [2088.2, 9069.0], [2088.25, 17787.0], [2088.3, 8047.0], [2088.65, 6404.0], [2088.7, 20015.0], [2088.9, 500.0], [2088.95, 2985.0]]}}}
{"jsonrpc": "2.0", "method": "subscription", "params": {"channel": "book.ETH-PERPETUAL.none.20.100ms", "data": {"timestamp": 1772726409640, "change_id": 112106256434, "instrument_name": "ETH-PERPETUAL", "bids": [[2087.25, 2000.0], [2087.2, 3247.0], [2087.1, 238.0], [2087.05, 2000.0], [2086.8, 2000.0], [2086.7, 2001.0], [2086.45, 7968.0], [2086.4, 22080.0], [2086.35, 8598.0], [2086.3, 2000.0], [2086.2, 5303.0], [2086.1, 17767.0], [2086.0, 2060.0], [2085.95, 1493.0], [2085.9, 20966.0], [2085.85, 2000.0], [2085.8, 52000.0], [2085.65, 2000.0], [2085.55, 2000.0], [2085.5, 3648.0]], "asks": [[2087.3, 3947.0], [2087.45, 2800.0], [2087.55, 1.0], [2087.65, 215.0], [2087.95, 1861.0], [2088.0, 6234.0], [2088.05, 2700.0], [2088.1, 1489.0], [2088.15, 7988.0], [2088.45, 5309.0], [2088.5, 17787.0], [2088.65, 430.0], [2088.8, 20015.0], [2088.9, 500.0], [2089.25, 5974.0], [2089.4, 6372.0], [2089.45, 12609.0], [2089.6, 1000.0], [2089.75, 10193.0], [2089.8, 25947.0]]}}}
{"jsonrpc": "2.0", "method": "subscription", "params": {"channel": "book.ETH-PERPETUAL.none.20.100ms", "data": {"timestamp": 1772726409971, "change_id": 112106257518, "instrument_name": "ETH-PERPETUAL", "bids": [[2087.2, 3247.0], [2087.1, 1382.0], [2087.05, 2000.0], [2086.85, 1.0], [2086.8, 2000.0], [2086.7, 2000.0], [2086.5, 6565.0], [2086.45, 21994.0], [2086.4, 2086.0], [2086.35, 5599.0], [2086.3, 2000.0], [2086.15, 2999.0], [2086.1, 5918.0], [2086.05, 17767.0], [2086.0, 2060.0], [2085.95, 1493.0], [2085.9, 20966.0], [2085.85, 2000.0], [2085.8, 52000.0], [2085.65, 2000.0]], "asks": [[2087.25, 2700.0], [2087.3, 2800.0], [2087.45, 2700.0], [2087.55, 215.0], [2087.7, 1.0], [2087.95, 1861.0], [2088.0, 6234.0], [2088.05, 5701.0], [2088.45, 100.0], [2088.65, 38232.0], [2088.9, 500.0], [2089.4, 3764.0], [2089.45, 10000.0], [2089.6, 1000.0], [2089.75, 10193.0], [2089.8, 25947.0], [2089.9, 8142.0], [2089.95, 27215.0], [2090.0, 60.0], [2090.1, 1558.0]]}}}
{"jsonrpc": "2.0", "method": "subscription", "params": {"channel": "book.ETH-PERPETUAL.none.20.100ms", "data": {"timestamp": 1772726410277, "change_id": 112106259247, "instrument_name": "ETH-PERPETUAL", "bids": [[2087.1, 302.0], [2086.85, 1.0], [2086.8, 2000.0], [2086.7, 2000.0], [2086.65, 237.0], [2086.45, 2000.0], [2086.4, 2268.0], [2086.35, 5599.0], [2086.3, 2000.0], [2086.05, 19994.0], [2086.0, 2060.0], [2085.9, 4193.0], [2085.85, 2000.0], [2085.8, 2000.0], [2085.75, 17767.0], [2085.65, 2000.0], [2085.55, 52000.0], [2085.5, 5066.0], [2085.4, 97480.0], [2085.35, 300000.0]], "asks": [[2087.15, 4551.0], [2087.25, 2700.0], [2087.3, 100.0], [2087.7, 1.0], [2087.75, 5000.0], [2087.8, 3001.0], [2087.85, 4987.0], [2088.0, 1234.0], [2088.35, 1358.0], [2088.55, 37802.0], [2088.6, 8317.0], [2088.85, 10000.0], [2088.9, 500.0], [2089.35, 5217.0], [2089.55, 25947.0], [2089.6, 1000.0], [2089.75, 25942.0], [2089.95, 1273.0], [2090.0, 60.0], [2090.3, 2174.0]]}}}
{"jsonrpc": "2.0", "method": "subscription", "params": {"channel": "book.ETH-PERPETUAL.none.20.100ms", "data": {"timestamp": 1772726410631, "change_id": 112106260245, "instrument_name": "ETH-PERPETUAL", "bids": [[2086.9, 2000.0], [2086.85, 1.0], [2086.8, 2000.0], [2086.7, 2000.0], [2086.65, 237.0], [2086.6, 1493.0], [2086.55, 5000.0], [2086.45, 2000.0], [2086.4, 2268.0], [2086.35, 5599.0], [2086.3, 2000.0], [2086.2, 5968.0], [2086.1, 21504.0], [2086.05, 2999.0], [2086.0, 2060.0], [2085.9, 6345.0], [2085.85, 19767.0], [2085.8, 2000.0], [2085.65, 2000.0], [2085.6, 16765.0]], "asks": [[2086.95, 1261.0], [2087.1, 2700.0], [2087.15, 315.0], [2087.7, 1494.0], [2087.75, 5000.0], [2087.8, 4490.0], [2087.85, 4987.0], [2088.0, 1234.0], [2088.05, 100.0], [2088.2, 650.0], [2088.3, 6186.0], [2088.35, 18495.0], [2088.4, 5974.0], [2088.45, 20015.0], [2088.55, 2483.0], [2088.6, 8317.0], [2088.8, 8722.0], [2088.85, 18721.0], [2088.9, 10500.0], [2089.3, 1557.0]]}}}
{"jsonrpc": "2.0", "method": "subscription", "params": {"channel": "book.ETH-PERPETUAL.none.20.100ms", "data": {"timestamp": 1772726410962, "change_id": 112106260610, "instrument_name": "ETH-PERPETUAL", "bids": [[2086.9, 2265.0], [2086.8, 2000.0], [2086.7, 2000.0], [2086.65, 237.0], [2086.5, 1.0], [2086.45, 2000.0], [2086.4, 2268.0], [2086.35, 5599.0], [2086.3, 2000.0], [2086.2, 6863.0], [2086.15, 19994.0], [2086.0, 2060.0], [2085.95, 2999.0], [2085.9, 6345.0], [2085.85, 19767.0], [2085.8, 2000.0], [2085.65, 2000.0], [2085.6, 16765.0], [2085.55, 2000.0], [2085.5, 55066.0]], "asks": [[2086.95, 1261.0], [2087.1, 2700.0], [2087.15, 2364.0], [2087.2, 7200.0], [2087.35, 1.0], [2087.7, 1944.0], [2087.75, 8001.0], [2087.8, 1489.0], [2087.85, 4987.0], [2088.0, 1234.0], [2088.05, 100.0], [2088.15, 5503.0], [2088.2, 18437.0], [2088.25, 5974.0], [2088.3, 20015.0], [2088.35, 708.0], [2088.55, 2483.0], [2088.6, 8317.0], [2088.8, 8722.0], [2088.85, 18721.0]]}}}
{"jsonrpc": "2.0", "method": "subscription", "params": {"channel": "book.ETH-PERPETUAL.none.20.100ms", "data": {"timestamp": 1772726411282, "change_id": 112106261383, "instrument_name": "ETH-PERPETUAL", "bids": [[2087.05, 7200.0], [2087.0, 3261.0], [2086.9, 2543.0], [2086.8, 2237.0], [2086.7, 2000.0], [2086.5, 1.0], [2086.45, 2000.0], [2086.4, 2268.0], [2086.35, 5599.0], [2086.3, 4999.0], [2086.1, 6583.0], [2086.05, 19994.0], [2086.0, 2060.0], [2085.95, 5303.0], [2085.9, 18961.0], [2085.85, 2000.0], [2085.8, 2000.0], [2085.65, 16925.0], [2085.6, 52109.0], [2085.55, 2000.0]], "asks": [[2087.1, 4061.0], [2087.15, 2149.0], [2087.2, 7200.0], [2087.35, 216.0], [2087.7, 1944.0], [2087.75, 5000.0], [2087.8, 1489.0], [2087.85, 4987.0], [2088.0, 1234.0], [2088.2, 100.0], [2088.35, 5309.0], [2088.4, 20788.0], [2088.45, 5974.0], [2088.5, 20015.0], [2088.55, 2483.0], [2088.6, 8317.0], [2088.8, 5737.0], [2088.85, 18721.0], [2088.9, 500.0], [2089.25, 2985.0]]}}}
{"jsonrpc": "2.0", "method": "subscription", "params": {"channel": "book.ETH-PERPETUAL.none.20.100ms", "data": {"timestamp": 1772726411621, "change_id": 112106262664, "instrument_name": "ETH-PERPETUAL", "bids": [[2086.9, 607.0], [2086.55, 237.0], [2086.5, 1.0], [2086.45, 2000.0], [2086.35, 612.0], [2086.3, 2000.0], [2086.1, 7803.0], [2086.05, 4987.0], [2086.0, 22054.0], [2085.9, 1194.0], [2085.85, 2000.0], [2085.8, 2000.0], [2085.7, 2998.0], [2085.65, 7303.0], [2085.6, 19876.0], [2085.55, 2000.0], [2085.5, 5066.0], [2085.4, 97480.0], [2085.35, 300000.0], [2085.3, 2000.0]], "asks": [[2086.95, 10505.0], [2087.1, 2900.0], [2087.15, 2149.0], [2087.2, 7200.0], [2087.35, 1.0], [2087.7, 4945.0], [2087.75, 5000.0], [2087.8, 1489.0], [2087.85, 4987.0], [2088.0, 1134.0], [2088.15, 11878.0], [2088.2, 37802.0], [2088.55, 2483.0], [2088.6, 8317.0], [2088.8, 7989.0], [2088.85, 18721.0], [2088.9, 10500.0], [2089.4, 2103.0], [2089.45, 7044.0], [2089.5, 7745.0]]}}}
{"jsonrpc": "2.0", "method": "subscription", "params": {"channel": "book.ETH-PERPETUAL.none.20.100ms", "data": {"timestamp": 1772726411953, "change_id": 112106263455, "instrument_name": "ETH-PERPETUAL", "bids": [[2086.6, 1254.0], [2086.55, 2237.0], [2086.5, 1.0], [2086.45, 2000.0], [2086.35, 612.0], [2086.3, 2000.0], [2086.1, 2104.0], [2086.05, 4987.0], [2086.0, 2060.0], [2085.9, 7010.0], [2085.85, 21994.0], [2085.8, 2000.0], [2085.7, 2998.0], [2085.65, 2000.0], [2085.55, 2000.0], [2085.5, 5966.0], [2085.45, 17767.0], [2085.4, 97480.0], [2085.35, 305000.0], [2085.3, 4381.0]], "asks": [[2086.65, 1254.0], [2086.95, 3015.0], [2087.0, 200.0], [2087.1, 2900.0], [2087.35, 1.0], [2087.45, 1493.0], [2087.5, 5000.0], [2087.65, 3001.0], [2087.8, 1489.0], [2087.85, 4987.0], [2088.0, 12418.0], [2088.05, 17787.0], [2088.1, 20015.0], [2088.15, 1358.0], [2088.5, 1000.0], [2088.55, 5150.0], [2088.6, 18317.0], [2088.9, 500.0], [2089.2, 2608.0], [2089.25, 2608.0]]}}}
{"jsonrpc": "2.0", "method": "subscription", "params": {"channel": "book.ETH-PERPETUAL.none.20.100ms", "data": {"timestamp": 1772726412276, "change_id": 112106264326, "instrument_name": "ETH-PERPETUAL", "bids": [[2086.6, 1864.0], [2086.55, 2000.0], [2086.5, 1.0], [2086.45, 2000.0], [2086.4, 237.0], [2086.3, 2000.0], [2086.0, 2060.0], [2085.9, 2530.0], [2085.85, 2000.0], [2085.8, 13850.0], [2085.75, 19994.0], [2085.65, 2000.0], [2085.6, 1512.0], [2085.55, 2000.0], [2085.5, 8965.0], [2085.45, 17767.0], [2085.4, 97480.0], [2085.35, 300000.0], [2085.3, 2000.0], [2085.25, 1493.0]], "asks": [[2086.65, 1354.0], [2086.85, 215.0], [2086.95, 2800.0], [2087.0, 4277.0], [2087.05, 12187.0], [2087.1, 2800.0], [2087.35, 1.0], [2087.4, 4494.0], [2087.5, 5000.0], [2087.8, 8287.0], [2087.85, 8244.0], [2087.9, 24294.0], [2087.95, 20015.0], [2088.0, 1784.0], [2088.5, 1000.0], [2088.55, 5150.0], [2088.6, 18317.0], [2088.9, 500.0], [2089.2, 2608.0], [2089.25, 2608.0]]}}}
{"jsonrpc": "2.0", "method": "subscription", "params": {"channel": "book.ETH-PERPETUAL.none.20.100ms", "data": {"timestamp": 1772726412605, "change_id": 112106265072, "instrument_name": "ETH-PERPETUAL", "bids": [[2086.6, 2127.0], [2086.55, 2626.0], [2086.5, 1.0], [2086.45, 2000.0], [2086.4, 237.0], [2086.3, 2000.0], [2086.0, 2060.0], [2085.95, 6580.0], [2085.9, 22677.0], [2085.85, 4999.0], [2085.8, 6987.0], [2085.7, 6605.0], [2085.65, 2000.0], [2085.6, 17767.0], [2085.55, 2000.0], [2085.5, 66.0], [2085.4, 97480.0], [2085.35, 300000.0], [2085.3, 18418.0], [2085.25, 50000.0]], "asks": [[2086.65, 1254.0], [2086.85, 215.0], [2086.95, 2700.0], [2087.0, 2424.0], [2087.05, 9900.0], [2087.1, 100.0], [2087.3, 1489.0], [2087.35, 4988.0], [2087.4, 1493.0], [2087.5, 5000.0], [2087.7, 1137.0], [2087.75, 3101.0], [2087.8, 2196.0], [2087.85, 8244.0], [2088.0, 1134.0], [2088.35, 10520.0], [2088.4, 37802.0], [2088.55, 2483.0], [2088.6, 8317.0], [2088.65, 2985.0]]}}}
{"jsonrpc": "2.0", "method": "subscription", "params": {"channel": "book.ETH-PERPETUAL.none.20.100ms", "data": {"timestamp": 1772726412944, "change_id": 112106265651, "instrument_name": "ETH-PERPETUAL", "bids": [[2086.85, 1260.0], [2086.8, 2000.0], [2086.7, 2000.0], [2086.6, 1060.0], [2086.55, 2626.0], [2086.5, 237.0], [2086.45, 2000.0], [2086.3, 2001.0], [2086.0, 8211.0], [2085.95, 20606.0], [2085.9, 5682.0], [2085.85, 2000.0], [2085.8, 6987.0], [2085.65, 7303.0], [2085.6, 17767.0], [2085.55, 2000.0], [2085.5, 15588.0], [2085.45, 50000.0], [2085.4, 97480.0], [2085.35, 300000.0]], "asks": [[2086.9, 3960.0], [2086.95, 2800.0], [2087.0, 100.0], [2087.05, 2915.0], [2087.1, 100.0], [2087.15, 1.0], [2087.55, 1489.0], [2087.6, 6480.0], [2087.65, 5000.0], [2087.9, 1234.0], [2087.95, 3001.0], [2088.0, 1134.0], [2088.15, 10520.0], [2088.2, 37802.0], [2088.9, 3485.0], [2088.95, 10000.0], [2089.25, 2608.0], [2089.35, 7744.0], [2089.4, 28045.0], [2089.5, 9832.0]]}}}
{"jsonrpc": "2.0", "method": "subscription", "params": {"channel": "book.ETH-PERPETUAL.none.20.100ms", "data": {"timestamp": 1772726413272, "change_id": 112106267900, "instrument_name": "ETH-PERPETUAL", "bids": [[2086.0, 2000.0], [2085.8, 2000.0], [2085.75, 5000.0], [2085.65, 2000.0], [2085.55, 2000.0], [2085.5, 6.0], [2085.4, 2000.0], [2085.35, 305224.0], [2085.3, 2000.0], [2085.15, 21994.0], [2084.6, 6080.0], [2084.55, 20766.0], [2084.5, 2662.0], [2084.45, 1493.0], [2084.4, 5000.0], [2084.35, 14925.0], [2084.3, 50000.0], [2084.25, 2082.0], [2084.15, 2602.0], [2084.0, 60.0]], "asks": [[2086.05, 2786.0], [2086.1, 1345.0], [2086.5, 2289.0], [2086.55, 2290.0], [2086.6, 6987.0], [2086.75, 1033.0], [2086.8, 8372.0], [2086.85, 5801.0], [2086.9, 14037.0], [2086.95, 3308.0], [2087.0, 100.0], [2087.05, 2700.0], [2087.1, 100.0], [2087.15, 1.0], [2087.35, 1493.0], [2087.4, 5000.0], [2087.5, 10605.0], [2087.55, 37802.0], [2087.85, 3390.0], [2087.9, 11357.0]]}}}
{"jsonrpc": "2.0", "method": "subscription", "params": {"channel": "book.ETH-PERPETUAL.none.20.100ms", "data": {"timestamp": 1772726413609, "change_id": 112106269343, "instrument_name": "ETH-PERPETUAL", "bids": [[2086.05, 13955.0], [2086.0, 2000.0], [2085.8, 2000.0], [2085.65, 2237.0], [2085.55, 2000.0], [2085.5, 6.0], [2085.4, 93636.0], [2085.35, 304987.0], [2085.3, 2000.0], [2085.25, 5968.0], [2085.2, 22993.0], [2085.15, 2000.0], [2084.7, 6605.0], [2084.65, 22767.0], [2084.5, 16478.0], [2084.45, 50000.0], [2084.15, 2168.0], [2084.1, 10267.0], [2084.05, 10000.0], [2084.0, 60.0]], "asks": [[2086.1, 1427.0], [2086.25, 215.0], [2086.35, 100.0], [2086.5, 1130.0], [2086.55, 1121.0], [2086.6, 2000.0], [2086.65, 550.0], [2086.75, 3774.0], [2086.8, 16153.0], [2086.85, 4482.0], [2086.9, 3917.0], [2086.95, 3308.0], [2087.0, 3101.0], [2087.05, 2700.0], [2087.1, 100.0], [2087.15, 1.0], [2087.2, 7442.0], [2087.25, 8193.0], [2087.3, 17787.0], [2087.6, 506.0]]}}}
{"jsonrpc": "2.0", "method": "subscription", "params": {"channel": "book.ETH-PERPETUAL.none.20.100ms", "data": {"timestamp": 1772726413935, "change_id": 112106270496, "instrument_name": "ETH-PERPETUAL", "bids": [[2086.05, 13955.0], [2086.0, 2000.0], [2085.8, 2000.0], [2085.65, 2001.0], [2085.55, 2000.0], [2085.5, 7276.0], [2085.45, 22993.0], [2085.4, 93636.0], [2085.35, 304987.0], [2085.3, 2000.0], [2085.25, 5303.0], [2085.2, 17767.0], [2085.15, 2000.0], [2085.1, 5000.0], [2085.0, 14925.0], [2084.95, 50000.0], [2084.85, 1493.0], [2084.55, 2810.0], [2084.5, 10060.0], [2084.15, 2168.0]], "asks": [[2086.1, 434.0], [2086.5, 1.0], [2086.95, 608.0], [2087.0, 2428.0], [2087.05, 2700.0], [2087.1, 6589.0], [2087.15, 4987.0], [2087.45, 100.0], [2087.5, 3001.0], [2087.55, 650.0], [2087.7, 10520.0], [2087.75, 17787.0], [2087.9, 20015.0], [2088.0, 1134.0], [2088.4, 2985.0], [2088.45, 10000.0], [2088.55, 7745.0], [2088.6, 25947.0], [2088.85, 2608.0], [2088.9, 500.0]]}}}
{"jsonrpc": "2.0", "method": "subscription", "params": {"channel": "book.ETH-PERPETUAL.none.20.100ms", "data": {"timestamp": 1772726414268, "change_id": 112106271426, "instrument_name": "ETH-PERPETUAL", "bids": [[2086.05, 15291.0], [2086.0, 2000.0], [2085.8, 2000.0], [2085.7, 7270.0], [2085.65, 2001.0], [2085.6, 22993.0], [2085.55, 2000.0], [2085.5, 6.0], [2085.4, 93636.0], [2085.35, 304987.0], [2085.3, 2000.0], [2085.25, 5303.0], [2085.2, 17767.0], [2085.15, 2000.0], [2085.05, 652.0], [2085.0, 16673.0], [2084.95, 5000.0], [2084.9, 50000.0], [2084.55, 5412.0], [2084.5, 10060.0]], "asks": [[2086.1, 100.0], [2086.5, 1.0], [2086.6, 215.0], [2086.95, 608.0], [2087.0, 100.0], [2087.05, 2700.0], [2087.1, 1589.0], [2087.15, 4987.0], [2087.2, 1493.0], [2087.25, 5000.0], [2087.45, 100.0], [2087.5, 3001.0], [2087.6, 5309.0], [2087.65, 17787.0], [2087.7, 5974.0], [2087.75, 20015.0], [2088.0, 1134.0], [2088.4, 2985.0], [2088.45, 10000.0], [2088.55, 7745.0]]}}}
{"jsonrpc": "2.0", "method": "subscription", "params": {"channel": "book.ETH-PERPETUAL.none.20.100ms", "data": {"timestamp": 1772726414591, "change_id": 112106272232, "instrument_name": "ETH-PERPETUAL", "bids": [[2086.05, 16455.0], [2086.0, 2000.0], [2085.8, 2000.0], [2085.65, 7969.0], [2085.6, 21488.0], [2085.55, 4999.0], [2085.5, 6.0], [2085.4, 93636.0], [2085.35, 322754.0], [2085.3, 2000.0], [2085.15, 2000.0], [2085.0, 16673.0], [2084.95, 5000.0], [2084.9, 50000.0], [2084.75, 2525.0], [2084.7, 8459.0], [2084.55, 5412.0], [2084.5, 10000.0], [2084.35, 2602.0], [2084.15, 2168.0]], "asks": [[2086.1, 100.0], [2086.5, 1.0], [2086.6, 215.0], [2086.95, 608.0], [2087.0, 100.0], [2087.05, 2700.0], [2087.1, 1589.0], [2087.15, 4987.0], [2087.2, 1493.0], [2087.25, 5000.0], [2087.45, 3101.0], [2087.5, 2481.0], [2087.55, 8310.0], [2088.0, 1134.0], [2088.2, 10520.0], [2088.25, 37802.0], [2088.4, 2985.0], [2088.45, 10000.0], [2088.55, 7745.0], [2088.6, 25947.0]]}}}
{"jsonrpc": "2.0", "method": "subscription", "params": {"channel": "book.ETH-PERPETUAL.none.20.100ms", "data": {"timestamp": 1772726414917, "change_id": 112106273315, "instrument_name": "ETH-PERPETUAL", "bids": [[2086.7, 3258.0], [2086.55, 2000.0], [2086.45, 2000.0], [2086.3, 1762.0], [2086.25, 5310.0], [2086.15, 2000.0], [2086.1, 1243.0], [2086.05, 1443.0], [2086.0, 2000.0], [2085.9, 2999.0], [2085.85, 6565.0], [2085.8, 21994.0], [2085.65, 2000.0], [2085.55, 2000.0], [2085.5, 6.0], [2085.4, 93636.0], [2085.35, 317767.0], [2085.3, 21925.0], [2085.25, 50000.0], [2085.15, 2000.0]], "asks": [[2086.75, 4058.0], [2086.85, 2915.0], [2086.9, 1.0], [2086.95, 608.0], [2087.0, 100.0], [2087.05, 2700.0], [2087.1, 100.0], [2087.35, 1493.0], [2087.4, 6489.0], [2087.45, 4987.0], [2087.95, 8649.0], [2088.0, 24895.0], [2088.05, 20015.0], [2088.5, 5504.0], [2088.55, 18439.0], [2088.7, 2985.0], [2088.75, 10000.0], [2088.9, 500.0], [2089.05, 8522.0], [2089.1, 38472.0]]}}}
{"jsonrpc": "2.0", "method": "subscription", "params": {"channel": "book.ETH-PERPETUAL.none.20.100ms", "data": {"timestamp": 1772726415261, "change_id": 112106274326, "instrument_name": "ETH-PERPETUAL", "bids": [[2086.7, 3258.0], [2086.55, 2000.0], [2086.45, 2000.0], [2086.4, 1563.0], [2086.35, 5000.0], [2086.3, 1762.0], [2086.25, 5187.0], [2086.15, 2000.0], [2086.05, 188.0], [2086.0, 7968.0], [2085.95, 19994.0], [2085.9, 1492.0], [2085.85, 2999.0], [2085.8, 2000.0], [2085.65, 7303.0], [2085.6, 17767.0], [2085.55, 2000.0], [2085.5, 6.0], [2085.4, 93636.0], [2085.35, 300446.0]], "asks": [[2086.75, 1676.0], [2086.85, 2915.0], [2086.9, 1.0], [2086.95, 608.0], [2087.0, 100.0], [2087.05, 2700.0], [2087.1, 100.0], [2087.35, 1493.0], [2087.4, 6489.0], [2087.45, 4987.0], [2087.85, 3001.0], [2087.9, 2811.0], [2087.95, 8283.0], [2088.0, 1134.0], [2088.3, 10520.0], [2088.35, 37802.0], [2088.5, 5504.0], [2088.55, 18439.0], [2088.7, 2985.0], [2088.75, 10000.0]]}}}
{"jsonrpc": "2.0", "method": "subscription", "params": {"channel": "book.ETH-PERPETUAL.none.20.100ms", "data": {"timestamp": 1772726415588, "change_id": 112106275051, "instrument_name": "ETH-PERPETUAL", "bids": [[2086.7, 3258.0], [2086.55, 2000.0], [2086.45, 2000.0], [2086.3, 1762.0], [2086.25, 5087.0], [2086.15, 2000.0], [2086.05, 63.0], [2086.0, 2000.0], [2085.9, 6374.0], [2085.85, 19994.0], [2085.8, 2000.0], [2085.7, 2999.0], [2085.65, 2000.0], [2085.55, 2000.0], [2085.5, 5906.0], [2085.45, 17767.0], [2085.4, 93636.0], [2085.35, 300446.0], [2085.3, 52000.0], [2085.2, 2090.0]], "asks": [[2086.75, 4389.0], [2086.85, 2915.0], [2086.9, 1.0], [2086.95, 608.0], [2087.0, 100.0], [2087.05, 2700.0], [2087.1, 100.0], [2087.4, 1489.0], [2087.45, 4987.0], [2087.5, 1493.0], [2087.55, 5000.0], [2087.85, 8310.0], [2087.9, 17787.0], [2088.0, 1134.0], [2088.2, 5974.0], [2088.25, 20015.0], [2088.7, 2985.0], [2088.75, 10000.0], [2088.9, 500.0], [2089.05, 8522.0]]}}}
{"jsonrpc": "2.0", "method": "subscription", "params": {"channel": "book.ETH-PERPETUAL.none.20.100ms", "data": {"timestamp": 1772726415918, "change_id": 112106275657, "instrument_name": "ETH-PERPETUAL", "bids": [[2086.7, 3258.0], [2086.55, 2000.0], [2086.45, 2237.0], [2086.3, 1526.0], [2086.25, 4987.0], [2086.15, 2000.0], [2086.1, 6584.0], [2086.05, 20056.0], [2086.0, 2000.0], [2085.9, 1492.0], [2085.85, 2999.0], [2085.8, 7303.0], [2085.75, 17767.0], [2085.65, 2000.0], [2085.55, 2000.0], [2085.5, 15528.0], [2085.45, 50000.0], [2085.4, 93636.0], [2085.35, 300446.0], [2085.3, 2000.0]], "asks": [[2086.75, 593.0], [2086.85, 2700.0], [2087.05, 2915.0], [2087.15, 1.0], [2087.4, 1489.0], [2087.45, 4987.0], [2087.5, 1493.0], [2087.55, 5000.0], [2087.85, 100.0], [2087.9, 1234.0], [2087.95, 3001.0], [2088.0, 1134.0], [2088.05, 5309.0], [2088.1, 17787.0], [2088.6, 5974.0], [2088.65, 20015.0], [2088.7, 2985.0], [2088.75, 10000.0], [2088.9, 500.0], [2089.1, 9922.0]]}}}
{"jsonrpc": "2.0", "method": "subscription", "params": {"channel": "book.ETH-PERPETUAL.none.20.100ms", "data": {"timestamp": 1772726416251, "change_id": 112106277375, "instrument_name": "ETH-PERPETUAL", "bids": [[2086.45, 2000.0], [2086.3, 1.0], [2086.15, 2000.0], [2086.05, 2.0], [2086.0, 2000.0], [2085.8, 3489.0], [2085.75, 4987.0], [2085.7, 7269.0], [2085.65, 2000.0], [2085.6, 21488.0], [2085.55, 2000.0], [2085.5, 3004.0], [2085.4, 93636.0], [2085.35, 300446.0], [2085.3, 7303.0], [2085.25, 17767.0], [2085.2, 2090.0], [2085.15, 7000.0], [2085.0, 64925.0], [2084.8, 60.0]], "asks": [[2086.5, 2800.0], [2086.55, 1497.0], [2086.6, 4700.0], [2086.65, 215.0], [2086.75, 2480.0], [2086.85, 2700.0], [2087.05, 2700.0], [2087.15, 1.0], [2087.4, 1489.0], [2087.45, 4987.0], [2087.5, 4494.0], [2087.55, 5000.0], [2087.8, 11312.0], [2087.85, 37802.0], [2087.9, 2807.0], [2087.95, 8270.0], [2088.0, 1134.0], [2088.3, 2985.0], [2088.35, 10000.0], [2088.9, 500.0]]}}}
{"jsonrpc": "2.0", "method": "subscription", "params": {"channel": "book.ETH-PERPETUAL.none.20.100ms", "data": {"timestamp": 1772726416579, "change_id": 112106278333, "instrument_name": "ETH-PERPETUAL", "bids": [[2086.45, 2000.0], [2086.3, 1.0], [2086.15, 2000.0], [2086.1, 237.0], [2086.05, 2.0], [2086.0, 2000.0], [2085.8, 9266.0], [2085.75, 4987.0], [2085.7, 21486.0], [2085.65, 2000.0], [2085.6, 2999.0], [2085.55, 2000.0], [2085.5, 6.0], [2085.4, 93636.0], [2085.35, 318213.0], [2085.3, 2000.0], [2085.15, 2000.0], [2085.1, 16418.0], [2085.05, 50000.0], [2085.0, 5000.0]], "asks": [[2086.5, 200.0], [2086.6, 2700.0], [2086.65, 215.0], [2086.75, 827.0], [2086.8, 2149.0], [2086.85, 7199.0], [2087.15, 1.0], [2087.4, 1489.0], [2087.45, 7988.0], [2087.5, 1493.0], [2087.55, 5000.0], [2087.6, 100.0], [2087.8, 1245.0], [2088.0, 1134.0], [2088.1, 5309.0], [2088.15, 17787.0], [2088.2, 5974.0], [2088.25, 20015.0], [2088.35, 8067.0], [2088.4, 28302.0]]}}}
{"jsonrpc": "2.0", "method": "subscription", "params": {"channel": "book.ETH-PERPETUAL.none.20.100ms", "data": {"timestamp": 1772726416912, "change_id": 112106278880, "instrument_name": "ETH-PERPETUAL", "bids": [[2086.6, 1272.0], [2086.55, 2000.0], [2086.45, 2000.0], [2086.4, 237.0], [2086.35, 1493.0], [2086.3, 5000.0], [2086.25, 1489.0], [2086.2, 4987.0], [2086.15, 2000.0], [2086.05, 1.0], [2086.0, 2000.0], [2085.8, 10162.0], [2085.75, 4987.0], [2085.7, 22993.0], [2085.65, 2000.0], [2085.55, 2000.0], [2085.5, 6.0], [2085.4, 93636.0], [2085.35, 318213.0], [2085.3, 16925.0]], "asks": [[2086.65, 3972.0], [2086.8, 4249.0], [2086.85, 7414.0], [2086.9, 1.0], [2087.4, 1489.0], [2087.45, 7988.0], [2087.5, 1493.0], [2087.55, 5000.0], [2087.8, 1302.0], [2088.0, 7108.0], [2088.1, 5974.0], [2088.15, 37802.0], [2088.35, 5082.0], [2088.4, 18302.0], [2088.6, 2985.0], [2088.65, 10000.0], [2088.9, 500.0], [2089.1, 19907.0], [2089.15, 25947.0], [2089.2, 25942.0]]}}}
{"jsonrpc": "2.0", "method": "subscription", "params": {"channel": "book.ETH-PERPETUAL.none.20.100ms", "data": {"timestamp": 1772726417242, "change_id": 112106279731, "instrument_name": "ETH-PERPETUAL", "bids": [[2086.6, 12728.0], [2086.55, 2000.0], [2086.45, 2100.0], [2086.35, 237.0], [2086.15, 2000.0], [2086.05, 1.0], [2086.0, 2000.0], [2085.8, 9266.0], [2085.75, 4987.0], [2085.7, 21486.0], [2085.65, 2000.0], [2085.55, 2000.0], [2085.5, 1498.0], [2085.45, 2999.0], [2085.4, 93636.0], [2085.35, 318213.0], [2085.3, 2000.0], [2085.2, 2090.0], [2085.15, 2000.0], [2085.1, 5000.0]], "asks": [[2086.65, 1749.0], [2086.7, 116.0], [2086.8, 2213.0], [2086.85, 7414.0], [2086.9, 1.0], [2087.35, 3001.0], [2087.4, 1489.0], [2087.45, 4987.0], [2087.5, 1493.0], [2087.55, 5000.0], [2087.6, 3148.0], [2087.65, 8370.0], [2087.8, 7276.0], [2087.85, 17787.0], [2087.9, 6313.0], [2088.0, 1134.0], [2088.25, 8578.0], [2088.3, 20015.0], [2088.35, 5082.0], [2088.4, 18302.0]]}}}
{"jsonrpc": "2.0", "method": "subscription", "params": {"channel": "book.ETH-PERPETUAL.none.20.100ms", "data": {"timestamp": 1772726417567, "change_id": 112106280667, "instrument_name": "ETH-PERPETUAL", "bids": [[2086.45, 2000.0], [2086.25, 1493.0], [2086.2, 5000.0], [2086.15, 2237.0], [2086.05, 1.0], [2086.0, 2000.0], [2085.8, 9266.0], [2085.75, 4987.0], [2085.7, 21486.0], [2085.65, 2000.0], [2085.55, 2000.0], [2085.5, 6611.0], [2085.45, 2999.0], [2085.4, 111403.0], [2085.35, 300446.0], [2085.3, 2000.0], [2085.2, 2090.0], [2085.15, 2000.0], [2085.1, 5000.0], [2085.0, 14925.0]], "asks": [[2086.6, 5416.0], [2086.65, 4414.0], [2086.7, 116.0], [2086.8, 2213.0], [2086.85, 7414.0], [2086.9, 1.0], [2087.35, 3001.0], [2087.4, 1489.0], [2087.45, 4987.0], [2087.5, 1493.0], [2087.55, 5000.0], [2087.6, 2498.0], [2087.65, 8370.0], [2087.7, 5487.0], [2087.75, 17787.0], [2087.8, 595.0], [2088.0, 1134.0], [2088.25, 5974.0], [2088.3, 20015.0], [2088.35, 5082.0]]}}}
{"jsonrpc": "2.0", "method": "subscription", "params": {"channel": "book.ETH-PERPETUAL.none.20.100ms", "data": {"timestamp": 1772726417903, "change_id": 112106281676, "instrument_name": "ETH-PERPETUAL", "bids": [[2086.1, 1.0], [2086.0, 2000.0], [2085.8, 2000.0], [2085.65, 2000.0], [2085.55, 2000.0], [2085.5, 6571.0], [2085.45, 19994.0], [2085.4, 93636.0], [2085.35, 300000.0], [2085.3, 2000.0], [2085.15, 2000.0], [2085.05, 17767.0], [2084.8, 55060.0], [2084.4, 2603.0], [2084.0, 60.0], [2083.75, 2081.0], [2083.7, 6284.0], [2083.65, 21051.0], [2083.0, 7745.0], [2082.95, 25947.0]], "asks": [[2086.15, 12728.0], [2086.2, 2290.0], [2086.35, 6876.0], [2086.4, 14943.0], [2086.5, 4342.0], [2086.55, 3015.0], [2086.6, 4921.0], [2086.65, 1689.0], [2086.8, 2213.0], [2086.85, 7199.0], [2086.95, 1.0], [2087.3, 5000.0], [2087.35, 3001.0], [2087.5, 650.0], [2087.55, 37802.0], [2087.6, 2498.0], [2087.65, 8370.0], [2087.7, 8.0], [2087.8, 595.0], [2088.0, 1134.0]]}}}
{"jsonrpc": "2.0", "method": "subscription", "params": {"channel": "book.ETH-PERPETUAL.none.20.100ms", "data": {"timestamp": 1772726418233, "change_id": 112106282758, "instrument_name": "ETH-PERPETUAL", "bids": [[2086.15, 2000.0], [2086.1, 1.0], [2086.05, 2000.0], [2085.85, 237.0], [2085.8, 2000.0], [2085.65, 2000.0], [2085.6, 2087.0], [2085.55, 6987.0], [2085.5, 6.0], [2085.45, 19994.0], [2085.4, 93636.0], [2085.35, 300000.0], [2085.3, 2000.0], [2085.2, 20766.0], [2085.15, 2000.0], [2084.8, 60.0], [2084.75, 50000.0], [2084.65, 5000.0], [2084.45, 7224.0], [2084.35, 8090.0]], "asks": [[2086.2, 2700.0], [2086.25, 2900.0], [2086.3, 1288.0], [2086.35, 2000.0], [2086.4, 2415.0], [2086.5, 3736.0], [2086.55, 3148.0], [2086.6, 4149.0], [2086.65, 7198.0], [2086.75, 1489.0], [2086.8, 4987.0], [2086.95, 1.0], [2087.05, 5000.0], [2087.25, 3001.0], [2087.35, 100.0], [2087.7, 8.0], [2088.0, 1134.0], [2088.1, 8.0], [2088.15, 17787.0], [2088.2, 20015.0]]}}}
{"jsonrpc": "2.0", "method": "subscription", "params": {"channel": "book.ETH-PERPETUAL.none.20.100ms", "data": {"timestamp": 1772726418560, "change_id": 112106283575, "instrument_name": "ETH-PERPETUAL", "bids": [[2086.15, 200.0], [2086.1, 151.0], [2085.85, 237.0], [2085.8, 2000.0], [2085.65, 2000.0], [2085.55, 2000.0], [2085.5, 2090.0], [2085.45, 4983.0], [2085.4, 93636.0], [2085.35, 300000.0], [2085.3, 2000.0], [2085.2, 19994.0], [2085.15, 2000.0], [2084.85, 2999.0], [2084.8, 17827.0], [2084.65, 5000.0], [2084.5, 50000.0], [2084.0, 60.0], [2083.9, 2601.0], [2083.85, 10000.0]], "asks": [[2086.2, 4900.0], [2086.25, 2800.0], [2086.3, 1288.0], [2086.35, 2000.0], [2086.4, 2315.0], [2086.5, 3603.0], [2086.55, 2800.0], [2086.6, 4149.0], [2086.65, 7198.0], [2086.75, 1489.0], [2086.8, 4987.0], [2086.95, 1.0], [2087.0, 3001.0], [2087.05, 5000.0], [2087.3, 2493.0], [2087.35, 8253.0], [2087.7, 8.0], [2087.8, 10000.0], [2088.0, 38936.0], [2088.1, 8.0]]}}}
{"jsonrpc": "2.0", "method": "subscription", "params": {"channel": "book.ETH-PERPETUAL.none.20.100ms", "data": {"timestamp": 1772726418887, "change_id": 112106284126, "instrument_name": "ETH-PERPETUAL", "bids": [[2086.15, 100.0], [2085.85, 237.0], [2085.8, 2000.0], [2085.75, 1.0], [2085.65, 2000.0], [2085.55, 2000.0], [2085.5, 2084.0], [2085.45, 4983.0], [2085.4, 93636.0], [2085.35, 300000.0], [2085.3, 2000.0], [2085.2, 19994.0], [2085.15, 2000.0], [2084.95, 2999.0], [2084.8, 60.0], [2084.7, 17767.0], [2084.55, 50000.0], [2084.5, 5000.0], [2084.3, 5.0], [2084.05, 7270.0]], "asks": [[2086.2, 5290.0], [2086.25, 2700.0], [2086.3, 1288.0], [2086.35, 2000.0], [2086.4, 2315.0], [2086.5, 3603.0], [2086.55, 2700.0], [2086.6, 2001.0], [2086.75, 1489.0], [2086.8, 4987.0], [2087.0, 3001.0], [2087.05, 5000.0], [2087.3, 20280.0], [2087.35, 8253.0], [2087.7, 8.0], [2087.9, 20015.0], [2087.95, 10000.0], [2088.0, 1134.0], [2088.1, 8.0], [2088.5, 8.0]]}}}
{"jsonrpc": "2.0", "method": "subscription", "params": {"channel": "book.ETH-PERPETUAL.none.20.100ms", "data": {"timestamp": 1772726419224, "change_id": 112106285648, "instrument_name": "ETH-PERPETUAL", "bids": [[2085.8, 2002.0], [2085.75, 1.0], [2085.65, 2000.0], [2085.6, 2090.0], [2085.55, 7000.0], [2085.4, 93873.0], [2085.35, 300000.0], [2085.3, 2000.0], [2085.25, 1487.0], [2085.2, 4983.0], [2085.15, 2000.0], [2085.1, 5968.0], [2085.05, 19994.0], [2084.8, 6259.0], [2084.7, 17767.0], [2084.65, 2999.0], [2084.55, 1493.0], [2084.5, 5000.0], [2084.4, 14926.0], [2084.35, 50000.0]], "asks": [[2085.85, 3954.0], [2086.05, 1584.0], [2086.1, 8829.0], [2086.15, 4700.0], [2086.2, 4900.0], [2086.25, 2700.0], [2086.3, 3207.0], [2086.35, 9197.0], [2086.4, 2100.0], [2086.5, 3603.0], [2086.55, 2700.0], [2086.6, 2001.0], [2086.75, 5792.0], [2086.8, 9987.0], [2087.15, 5974.0], [2087.2, 25324.0], [2087.25, 18382.0], [2087.3, 2493.0], [2087.35, 8253.0], [2087.65, 2987.0]]}}}
{"jsonrpc": "2.0", "method": "subscription", "params": {"channel": "book.ETH-PERPETUAL.none.20.100ms", "data": {"timestamp": 1772726419526, "change_id": 112106286251, "instrument_name": "ETH-PERPETUAL", "bids": [[2085.8, 2002.0], [2085.75, 1.0], [2085.65, 2000.0], [2085.55, 2000.0], [2085.4, 93873.0], [2085.35, 300000.0], [2085.3, 2000.0], [2085.25, 1487.0], [2085.2, 4983.0], [2085.15, 2000.0], [2084.9, 8985.0], [2084.85, 19994.0], [2084.8, 60.0], [2084.5, 5303.0], [2084.45, 17767.0], [2084.4, 14926.0], [2084.35, 50000.0], [2084.3, 5005.0], [2084.25, 2398.0], [2084.2, 8032.0]], "asks": [[2085.85, 3954.0], [2086.05, 1584.0], [2086.1, 7075.0], [2086.15, 4700.0], [2086.2, 2000.0], [2086.25, 2700.0], [2086.3, 3207.0], [2086.35, 9197.0], [2086.4, 2100.0], [2086.5, 3603.0], [2086.55, 2700.0], [2086.6, 2001.0], [2086.75, 5792.0], [2086.8, 9987.0], [2087.05, 5309.0], [2087.1, 17787.0], [2087.2, 6152.0], [2087.25, 20610.0], [2087.3, 2493.0], [2087.35, 8253.0]]}}}
{"jsonrpc": "2.0", "method": "subscription", "params": {"channel": "book.ETH-PERPETUAL.none.20.100ms", "data": {"timestamp": 1772726419883, "change_id": 112106286824, "instrument_name": "ETH-PERPETUAL", "bids": [[2085.8, 2002.0], [2085.65, 2000.0], [2085.55, 2000.0], [2085.4, 93637.0], [2085.35, 300000.0], [2085.3, 2000.0], [2085.15, 2000.0], [2084.8, 60.0], [2084.65, 2999.0], [2084.4, 14926.0], [2084.35, 50000.0], [2084.3, 5005.0], [2084.0, 60.0], [2083.9, 2601.0], [2083.8, 1398.0], [2083.75, 2081.0], [2083.7, 8886.0], [2083.65, 21051.0], [2083.6, 10000.0], [2082.8, 179600.0]], "asks": [[2085.85, 3954.0], [2086.05, 1584.0], [2086.1, 6760.0], [2086.15, 4915.0], [2086.2, 2000.0], [2086.25, 2701.0], [2086.3, 1288.0], [2086.35, 2000.0], [2086.4, 2100.0], [2086.5, 3603.0], [2086.55, 2700.0], [2086.6, 2000.0], [2086.7, 3001.0], [2086.75, 2791.0], [2086.8, 9987.0], [2087.0, 100.0], [2087.1, 5309.0], [2087.15, 17787.0], [2087.2, 6152.0], [2087.25, 20610.0]]}}}
{"jsonrpc": "2.0", "method": "subscription", "params": {"channel": "book.ETH-PERPETUAL.none.20.100ms", "data": {"timestamp": 1772726420212, "change_id": 112106287839, "instrument_name": "ETH-PERPETUAL", "bids": [[2085.8, 2113.0], [2085.65, 2000.0], [2085.55, 2237.0], [2085.4, 93637.0], [2085.35, 300000.0], [2085.3, 2000.0], [2085.2, 2084.0], [2085.15, 6983.0], [2084.85, 5986.0], [2084.8, 23053.0], [2084.45, 5303.0], [2084.4, 34186.0], [2084.35, 50000.0], [2084.3, 5005.0], [2084.0, 60.0], [2083.9, 2601.0], [2083.8, 3343.0], [2083.75, 9197.0], [2083.7, 8886.0], [2083.65, 21051.0]], "asks": [[2085.85, 4054.0], [2086.05, 1584.0], [2086.1, 8649.0], [2086.15, 4915.0], [2086.2, 9197.0], [2086.25, 2701.0], [2086.3, 1288.0], [2086.35, 2000.0], [2086.4, 2100.0], [2086.5, 3603.0], [2086.55, 2700.0], [2086.6, 2000.0], [2086.7, 3001.0], [2086.75, 2791.0], [2086.8, 9987.0], [2087.05, 5974.0], [2087.1, 25324.0], [2087.15, 17787.0], [2087.25, 595.0], [2087.7, 2993.0]]}}}
{"jsonrpc": "2.0", "method": "subscription", "params": {"channel": "book.ETH-PERPETUAL.none.20.100ms", "data": {"timestamp": 1772726420546, "change_id": 112106288635, "instrument_name": "ETH-PERPETUAL", "bids": [[2085.8, 2002.0], [2085.65, 2000.0], [2085.55, 2000.0], [2085.4, 93637.0], [2085.35, 300237.0], [2085.3, 2000.0], [2085.2, 2084.0], [2085.15, 6983.0], [2084.9, 6881.0], [2084.85, 22993.0], [2084.8, 60.0], [2084.7, 1493.0], [2084.6, 5000.0], [2084.55, 5303.0], [2084.5, 17767.0], [2084.4, 16419.0], [2084.35, 50000.0], [2084.3, 5.0], [2084.0, 60.0], [2083.95, 3299.0]], "asks": [[2085.85, 1254.0], [2086.1, 6649.0], [2086.15, 2700.0], [2086.2, 8809.0], [2086.25, 2701.0], [2086.3, 3988.0], [2086.35, 2000.0], [2086.4, 2100.0], [2086.5, 3603.0], [2086.55, 2700.0], [2086.6, 2000.0], [2086.7, 3001.0], [2086.75, 2791.0], [2086.8, 9987.0], [2086.85, 2443.0], [2086.9, 8184.0], [2086.95, 5974.0], [2087.0, 17787.0], [2087.25, 595.0], [2087.6, 5977.0]]}}}
{"jsonrpc": "2.0", "method": "subscription", "params": {"channel": "book.ETH-PERPETUAL.none.20.100ms", "data": {"timestamp": 1772726420875, "change_id": 112106290163, "instrument_name": "ETH-PERPETUAL", "bids": [[2086.35, 874.0], [2086.3, 2000.0], [2086.2, 1194.0], [2086.15, 2000.0], [2086.1, 2000.0], [2086.0, 1807.0], [2085.95, 2124.0], [2085.9, 4751.0], [2085.85, 4983.0], [2085.8, 2000.0], [2085.7, 1493.0], [2085.65, 2000.0], [2085.6, 9878.0], [2085.55, 23494.0], [2085.4, 93636.0], [2085.35, 300000.0], [2085.3, 2000.0], [2085.25, 4680.0], [2085.2, 34514.0], [2085.15, 7000.0]], "asks": [[2086.4, 100.0], [2086.55, 2916.0], [2086.9, 1493.0], [2087.0, 4983.0], [2087.1, 1493.0], [2087.15, 5000.0], [2087.25, 595.0], [2087.35, 100.0], [2087.55, 3001.0], [2087.6, 5977.0], [2087.65, 17787.0], [2087.7, 8.0], [2088.0, 1134.0], [2088.1, 8.0], [2088.15, 1500.0], [2088.4, 5977.0], [2088.45, 20015.0], [2088.5, 2993.0], [2088.55, 10000.0], [2088.7, 13871.0]]}}}
{"jsonrpc": "2.0", "method": "subscription", "params": {"channel": "book.ETH-PERPETUAL.none.20.100ms", "data": {"timestamp": 1772726421207, "change_id": 112106290896, "instrument_name": "ETH-PERPETUAL", "bids": [[2086.35, 974.0], [2086.3, 2000.0], [2086.2, 1194.0], [2086.15, 2000.0], [2086.1, 2164.0], [2086.0, 1807.0], [2085.95, 2124.0], [2085.9, 4751.0], [2085.85, 4983.0], [2085.8, 2000.0], [2085.7, 7271.0], [2085.65, 2000.0], [2085.6, 26052.0], [2085.55, 10695.0], [2085.4, 93636.0], [2085.35, 300000.0], [2085.3, 2000.0], [2085.25, 4680.0], [2085.2, 19857.0], [2085.15, 7000.0]], "asks": [[2086.4, 100.0], [2086.55, 2916.0], [2086.9, 1493.0], [2087.0, 4983.0], [2087.1, 1493.0], [2087.15, 5000.0], [2087.35, 100.0], [2087.5, 6205.0], [2087.55, 20788.0], [2087.6, 2393.0], [2087.65, 8009.0], [2087.7, 8.0], [2088.0, 1134.0], [2088.1, 8.0], [2088.15, 1500.0], [2088.2, 5974.0], [2088.25, 20015.0], [2088.4, 5180.0], [2088.45, 17346.0], [2088.5, 2993.0]]}}}
{"jsonrpc": "2.0", "method": "subscription", "params": {"channel": "book.ETH-PERPETUAL.none.20.100ms", "data": {"timestamp": 1772726421527, "change_id": 112106291739, "instrument_name": "ETH-PERPETUAL", "bids": [[2086.35, 974.0], [2086.3, 2000.0], [2086.2, 1194.0], [2086.15, 2237.0], [2086.1, 2000.0], [2086.0, 1570.0], [2085.95, 2000.0], [2085.9, 4751.0], [2085.85, 4983.0], [2085.8, 2000.0], [2085.7, 1.0], [2085.65, 2000.0], [2085.6, 1045.0], [2085.55, 3500.0], [2085.5, 6565.0], [2085.45, 22993.0], [2085.4, 93636.0], [2085.35, 300000.0], [2085.3, 2000.0], [2085.25, 5303.0]], "asks": [[2086.4, 200.0], [2086.55, 1.0], [2086.75, 215.0], [2087.2, 2790.0], [2087.25, 4983.0], [2087.3, 5000.0], [2087.35, 100.0], [2087.55, 8310.0], [2087.6, 20180.0], [2087.65, 8009.0], [2087.7, 8.0], [2088.0, 1134.0], [2088.1, 6430.0], [2088.15, 20015.0], [2088.2, 1500.0], [2088.4, 5180.0], [2088.45, 17346.0], [2088.5, 2993.0], [2088.55, 10000.0], [2088.7, 11785.0]]}}}
{"jsonrpc": "2.0", "method": "subscription", "params": {"channel": "book.ETH-PERPETUAL.none.20.100ms", "data": {"timestamp": 1772726421863, "change_id": 112106292197, "instrument_name": "ETH-PERPETUAL", "bids": [[2086.3, 2000.0], [2086.15, 2000.0], [2086.1, 2000.0], [2086.0, 1570.0], [2085.95, 2237.0], [2085.9, 4752.0], [2085.85, 4983.0], [2085.8, 2000.0], [2085.65, 2000.0], [2085.6, 1045.0], [2085.55, 3500.0], [2085.5, 7270.0], [2085.45, 19994.0], [2085.4, 93636.0], [2085.35, 302998.0], [2085.3, 2000.0], [2085.15, 2000.0], [2085.05, 5303.0], [2085.0, 32692.0], [2084.9, 55000.0]], "asks": [[2086.35, 4050.0], [2086.4, 300.0], [2086.6, 215.0], [2086.75, 1.0], [2087.15, 3001.0], [2087.2, 2790.0], [2087.25, 4983.0], [2087.3, 5000.0], [2087.55, 10605.0], [2087.6, 40195.0], [2087.65, 8009.0], [2087.7, 8.0], [2088.0, 1134.0], [2088.1, 3441.0], [2088.15, 10000.0], [2088.2, 1500.0], [2088.4, 5180.0], [2088.45, 17346.0], [2088.5, 8.0], [2088.7, 11785.0]]}}}
{"jsonrpc": "2.0", "method": "subscription", "params": {"channel": "book.ETH-PERPETUAL.none.20.100ms", "data": {"timestamp": 1772726422195, "change_id": 112106294635, "instrument_name": "ETH-PERPETUAL", "bids": [[2086.5, 10000.0], [2086.45, 2100.0], [2086.4, 2084.0], [2086.35, 4983.0], [2086.3, 2000.0], [2086.2, 1194.0], [2086.15, 5910.0], [2086.1, 2000.0], [2086.05, 5968.0], [2086.0, 21188.0], [2085.95, 4999.0], [2085.9, 2001.0], [2085.8, 7303.0], [2085.75, 17767.0], [2085.65, 2000.0], [2085.6, 15836.0], [2085.55, 53500.0], [2085.45, 2090.0], [2085.4, 98636.0], [2085.35, 300506.0]], "asks": [[2086.55, 371.0], [2087.05, 2000.0], [2087.3, 865.0], [2087.35, 707.0], [2087.5, 1487.0], [2087.55, 4983.0], [2087.65, 1495.0], [2087.7, 5008.0], [2088.0, 1134.0], [2088.05, 3001.0], [2088.1, 8.0], [2088.2, 1500.0], [2088.5, 8.0], [2088.55, 2608.0], [2088.8, 13392.0], [2088.85, 10000.0], [2088.9, 38310.0], [2089.3, 8.0], [2089.35, 2087.0], [2089.55, 7744.0]]}}}
{"jsonrpc": "2.0", "method": "subscription", "params": {"channel": "book.ETH-PERPETUAL.none.20.100ms", "data": {"timestamp": 1772726422525, "change_id": 112106296120, "instrument_name": "ETH-PERPETUAL", "bids": [[2086.6, 1233.0], [2086.55, 2000.0], [2086.5, 200.0], [2086.45, 2100.0], [2086.3, 2000.0], [2086.2, 1355.0], [2086.15, 2000.0], [2086.1, 2000.0], [2086.0, 1194.0], [2085.95, 2000.0], [2085.9, 3493.0], [2085.85, 4983.0], [2085.8, 9054.0], [2085.7, 23631.0], [2085.65, 2000.0], [2085.6, 1045.0], [2085.55, 3500.0], [2085.5, 7393.0], [2085.45, 17767.0], [2085.4, 93636.0]], "asks": [[2086.65, 1523.0], [2086.8, 2092.0], [2086.85, 9710.0], [2086.9, 215.0], [2087.0, 2700.0], [2087.05, 2000.0], [2087.35, 707.0], [2087.5, 1487.0], [2087.55, 4983.0], [2087.6, 1495.0], [2087.65, 3001.0], [2087.7, 5008.0], [2087.8, 1000.0], [2087.85, 5309.0], [2087.9, 17787.0], [2088.0, 7111.0], [2088.05, 20015.0], [2088.1, 2945.0], [2088.15, 8339.0], [2088.2, 1500.0]]}}}
{"jsonrpc": "2.0", "method": "subscription", "params": {"channel": "book.ETH-PERPETUAL.none.20.100ms", "data": {"timestamp": 1772726422853, "change_id": 112106296648, "instrument_name": "ETH-PERPETUAL", "bids": [[2086.55, 2000.0], [2086.5, 200.0], [2086.45, 2100.0], [2086.3, 2000.0], [2086.2, 1356.0], [2086.15, 2000.0], [2086.1, 2000.0], [2086.0, 1194.0], [2085.95, 2000.0], [2085.9, 3492.0], [2085.85, 4983.0], [2085.8, 8915.0], [2085.7, 21486.0], [2085.65, 2000.0], [2085.6, 4044.0], [2085.55, 3500.0], [2085.5, 7393.0], [2085.4, 111403.0], [2085.35, 300506.0], [2085.3, 3493.0]], "asks": [[2086.6, 7700.0], [2086.65, 2100.0], [2086.85, 2700.0], [2086.9, 215.0], [2087.0, 2700.0], [2087.05, 2001.0], [2087.4, 1493.0], [2087.45, 5000.0], [2087.5, 4488.0], [2087.55, 4983.0], [2087.7, 8.0], [2087.8, 1000.0], [2087.9, 10900.0], [2087.95, 37802.0], [2088.0, 1134.0], [2088.1, 2945.0], [2088.15, 8339.0], [2088.2, 1500.0], [2088.4, 2987.0], [2088.45, 10000.0]]}}}
