{"jsonrpc": "2.0", "id": 1, "result": ["book.ETH-PERPETUAL.none.20.100ms"], "usIn": 1759208938789942, "usOut": 1759208938790151, "usDiff": 209, "testnet": false}
{"jsonrpc": "2.0", "method": "subscription", "params": {"channel": "book.ETH-PERPETUAL.none.20.100ms", "data": {"timestamp": 1759208938786, "change_id": 88690841877, "instrument_name": "ETH-PERPETUAL", "bids": [[4195.3, 116077.0], [4195.15, 61161.0], [4195.1, 136493.0], [4195.05, 25000.0], [4194.7, 1272.0], [4194.65, 4239.0], [4194.6, 24126.0], [4194.55, 15000.0], [4194.5, 68390.0], [4194.4, 1088.0], [4194.35, 30391.0], [4194.3, 44147.0], [4194.25, 157244.0], [4194.2, 2961.0], [4194.15, 18403.0], [4193.95, 3965.0], [4193.9, 13215.0], [4193.75, 2885.0], [4193.6, 18908.0], [4193.5, 13279.0]], "asks": [[4195.35, 220014.0], [4195.5, 33.0], [4195.9, 141276.0], [4196.0, 157.0], [4196.05, 5935.0], [4196.1, 6574.0], [4196.2, 13209.0], [4196.25, 64534.0], [4196.3, 144000.0], [4196.35, 9523.0], [4196.4, 10824.0], [4196.45, 13936.0], [4196.5, 24000.0], [4196.6, 13023.0], [4196.65, 25000.0], [4196.7, 18409.0], [4196.8, 7417.0], [4196.85, 13506.0], [4196.95, 2924.0], [4197.05, 23479.0]]}}}
{"jsonrpc": "2.0", "method": "subscription", "params": {"channel": "book.ETH-PERPETUAL.none.20.100ms", "data": {"timestamp": 1759208938889, "change_id": 88690841950, "instrument_name": "ETH-PERPETUAL", "bids": [[4195.3, 114465.0], [4195.15, 61161.0], [4195.1, 136493.0], [4195.05, 25000.0], [4194.7, 1272.0], [4194.65, 4239.0], [4194.6, 24126.0], [4194.55, 15000.0], [4194.5, 68390.0], [4194.4, 1088.0], [4194.35, 30391.0], [4194.3, 44147.0], [4194.25, 157244.0], [4194.2, 2961.0], [4194.15, 18403.0], [4193.95, 3965.0], [4193.9, 13215.0], [4193.75, 2885.0], [4193.6, 18908.0], [4193.5, 13279.0]], "asks": [[4195.35, 220014.0], [4195.5, 33.0], [4195.9, 141276.0], [4196.0, 157.0], [4196.05, 5935.0], [4196.1, 6574.0], [4196.2, 13209.0], [4196.25, 64534.0], [4196.3, 144000.0], [4196.35, 9523.0], [4196.4, 17528.0], [4196.45, 13936.0], [4196.5, 24000.0], [4196.55, 25000.0], [4196.7, 18409.0], [4196.8, 7417.0], [4196.85, 13506.0], [4196.95, 2924.0], [4197.05, 23479.0], [4197.1, 73640.0]]}}}
{"jsonrpc": "2.0", "method": "subscription", "params": {"channel": "book.ETH-PERPETUAL.none.20.100ms", "data": {"timestamp": 1759208939188, "change_id": 88690842427, "instrument_name": "ETH-PERPETUAL", "bids": [[4195.3, 114199.0], [4195.15, 61161.0], [4195.1, 136493.0], [4195.05, 25000.0], [4195.0, 50000.0], [4194.7, 1272.0], [4194.65, 4239.0], [4194.6, 9740.0], [4194.55, 15000.0], [4194.5, 18390.0], [4194.4, 1088.0], [4194.35, 30391.0], [4194.3, 59147.0], [4194.25, 157244.0], [4194.2, 2961.0], [4194.15, 18403.0], [4193.95, 3965.0], [4193.9, 13215.0], [4193.75, 2885.0], [4193.6, 18908.0]], "asks": [[4195.35, 14.0], [4195.5, 33.0], [4195.9, 141276.0], [4196.0, 157.0], [4196.1, 6574.0], [4196.15, 11163.0], [4196.2, 37209.0], [4196.25, 64534.0], [4196.3, 144000.0], [4196.35, 9523.0], [4196.4, 11681.0], [4196.45, 13936.0], [4196.5, 2500.0], [4196.55, 25000.0], [4196.7, 18409.0], [4196.8, 4917.0], [4196.85, 13506.0], [4196.95, 2924.0], [4197.05, 23479.0], [4197.1, 73640.0]]}}}
{"jsonrpc": "2.0", "method": "subscription", "params": {"channel": "book.ETH-PERPETUAL.none.20.100ms", "data": {"timestamp": 1759208939531, "change_id": 88690842757, "instrument_name": "ETH-PERPETUAL", "bids": [[4195.3, 114896.0], [4195.15, 61161.0], [4195.1, 136493.0], [4195.05, 25000.0], [4194.7, 1272.0], [4194.65, 4239.0], [4194.6, 24126.0], [4194.55, 15000.0], [4194.5, 68390.0], [4194.4, 1088.0], [4194.35, 30391.0], [4194.3, 59147.0], [4194.25, 157244.0], [4194.2, 8482.0], [4194.15, 18403.0], [4193.95, 3965.0], [4193.9, 13215.0], [4193.75, 2885.0], [4193.6, 18908.0], [4193.5, 13279.0]], "asks": [[4195.35, 20014.0], [4195.5, 33.0], [4195.9, 141276.0], [4196.0, 157.0], [4196.1, 6574.0], [4196.15, 11163.0], [4196.2, 37209.0], [4196.25, 64534.0], [4196.3, 144000.0], [4196.35, 9523.0], [4196.4, 11681.0], [4196.45, 13936.0], [4196.5, 2500.0], [4196.55, 25000.0], [4196.65, 5523.0], [4196.7, 18409.0], [4196.8, 4917.0], [4196.85, 13506.0], [4196.95, 2924.0], [4197.05, 23479.0]]}}}
{"jsonrpc": "2.0", "method": "subscription", "params": {"channel": "book.ETH-PERPETUAL.none.20.100ms", "data": {"timestamp": 1759208939803, "change_id": 88690843099, "instrument_name": "ETH-PERPETUAL", "bids": [[4195.3, 114361.0], [4195.15, 61161.0], [4195.1, 136493.0], [4195.05, 25000.0], [4194.7, 1272.0], [4194.65, 4239.0], [4194.6, 24126.0], [4194.55, 15000.0], [4194.5, 68390.0], [4194.4, 1088.0], [4194.35, 30391.0], [4194.3, 59147.0], [4194.25, 157244.0], [4194.2, 8482.0], [4194.15, 18403.0], [4193.95, 3965.0], [4193.9, 13215.0], [4193.75, 2885.0], [4193.6, 18908.0], [4193.5, 13279.0]], "asks": [[4195.35, 220014.0], [4195.5, 33.0], [4195.9, 141276.0], [4196.0, 157.0], [4196.1, 6574.0], [4196.15, 11163.0], [4196.2, 37209.0], [4196.25, 64534.0], [4196.3, 144000.0], [4196.35, 9523.0], [4196.4, 11681.0], [4196.45, 13936.0], [4196.5, 2500.0], [4196.55, 25000.0], [4196.65, 5523.0], [4196.7, 18409.0], [4196.8, 4917.0], [4196.85, 13506.0], [4196.95, 2924.0], [4197.05, 23479.0]]}}}
{"jsonrpc": "2.0", "method": "subscription", "params": {"channel": "book.ETH-PERPETUAL.none.20.100ms", "data": {"timestamp": 1759208940198, "change_id": 88690843569, "instrument_name": "ETH-PERPETUAL", "bids": [[4195.3, 113166.0], [4195.15, 61161.0], [4195.1, 136493.0], [4195.05, 25000.0], [4195.0, 50000.0], [4194.7, 1272.0], [4194.65, 4239.0], [4194.6, 9740.0], [4194.55, 15000.0], [4194.5, 18390.0], [4194.4, 1088.0], [4194.35, 30391.0], [4194.3, 59147.0], [4194.25, 157244.0], [4194.2, 8482.0], [4194.15, 18403.0], [4193.95, 3965.0], [4193.9, 13215.0], [4193.75, 2885.0], [4193.6, 18908.0]], "asks": [[4195.35, 14.0], [4195.5, 33.0], [4195.9, 141276.0], [4196.0, 157.0], [4196.1, 6574.0], [4196.15, 11163.0], [4196.2, 37209.0], [4196.25, 64534.0], [4196.3, 144000.0], [4196.35, 9523.0], [4196.4, 11681.0], [4196.45, 13936.0], [4196.5, 2500.0], [4196.55, 25000.0], [4196.65, 5523.0], [4196.7, 18409.0], [4196.8, 4917.0], [4196.85, 13506.0], [4196.95, 2924.0], [4197.05, 23479.0]]}}}
{"jsonrpc": "2.0", "method": "subscription", "params": {"channel": "book.ETH-PERPETUAL.none.20.100ms", "data": {"timestamp": 1759208940520, "change_id": 88690843958, "instrument_name": "ETH-PERPETUAL", "bids": [[4195.3, 113062.0], [4195.15, 61161.0], [4195.1, 136493.0], [4195.05, 25000.0], [4195.0, 50000.0], [4194.7, 1272.0], [4194.65, 4239.0], [4194.6, 9740.0], [4194.55, 15000.0], [4194.5, 18390.0], [4194.4, 1088.0], [4194.35, 30391.0], [4194.3, 59147.0], [4194.25, 157244.0], [4194.2, 8482.0], [4194.15, 18403.0], [4193.95, 3965.0], [4193.9, 13215.0], [4193.75, 2885.0], [4193.6, 18908.0]], "asks": [[4195.35, 14.0], [4195.5, 33.0], [4195.85, 4784.0], [4195.9, 136492.0], [4196.0, 157.0], [4196.1, 6574.0], [4196.15, 11163.0], [4196.2, 37209.0], [4196.25, 64534.0], [4196.3, 144000.0], [4196.35, 9523.0], [4196.4, 11681.0], [4196.45, 13936.0], [4196.5, 2500.0], [4196.55, 25000.0], [4196.65, 5523.0], [4196.7, 18409.0], [4196.8, 4917.0], [4196.85, 13506.0], [4196.95, 2924.0]]}}}
{"jsonrpc": "2.0", "method": "subscription", "params": {"channel": "book.ETH-PERPETUAL.none.20.100ms", "data": {"timestamp": 1759208940785, "change_id": 88690844338, "instrument_name": "ETH-PERPETUAL", "bids": [[4195.3, 113691.0], [4195.15, 61161.0], [4195.1, 136493.0], [4195.05, 25000.0], [4194.7, 1272.0], [4194.65, 4239.0], [4194.6, 24126.0], [4194.55, 15000.0], [4194.5, 68390.0], [4194.4, 1088.0], [4194.35, 30391.0], [4194.3, 59147.0], [4194.25, 157244.0], [4194.2, 8482.0], [4194.15, 18403.0], [4193.95, 3965.0], [4193.9, 13215.0], [4193.75, 2885.0], [4193.6, 18908.0], [4193.5, 13279.0]], "asks": [[4195.35, 14.0], [4195.5, 33.0], [4195.85, 4784.0], [4195.9, 136492.0], [4196.0, 157.0], [4196.1, 6574.0], [4196.15, 11163.0], [4196.2, 37209.0], [4196.25, 64534.0], [4196.3, 144000.0], [4196.35, 9523.0], [4196.4, 11681.0], [4196.45, 13936.0], [4196.5, 2500.0], [4196.55, 25000.0], [4196.65, 5523.0], [4196.7, 18409.0], [4196.8, 4917.0], [4196.85, 13506.0], [4196.95, 2924.0]]}}}
{"jsonrpc": "2.0", "method": "subscription", "params": {"channel": "book.ETH-PERPETUAL.none.20.100ms", "data": {"timestamp": 1759208941202, "change_id": 88690844803, "instrument_name": "ETH-PERPETUAL", "bids": [[4195.3, 113138.0], [4195.15, 61161.0], [4195.1, 136493.0], [4195.05, 25000.0], [4195.0, 50000.0], [4194.7, 1272.0], [4194.65, 4239.0], [4194.6, 9740.0], [4194.55, 15000.0], [4194.5, 18390.0], [4194.4, 1088.0], [4194.35, 30391.0], [4194.3, 59147.0], [4194.25, 157244.0], [4194.2, 8482.0], [4194.15, 18403.0], [4193.95, 3965.0], [4193.9, 13215.0], [4193.75, 2885.0], [4193.6, 18908.0]], "asks": [[4195.35, 220014.0], [4195.5, 33.0], [4195.85, 4784.0], [4195.9, 136492.0], [4196.0, 157.0], [4196.1, 6574.0], [4196.15, 11163.0], [4196.2, 37209.0], [4196.25, 64534.0], [4196.3, 144000.0], [4196.35, 9523.0], [4196.4, 11681.0], [4196.45, 13936.0], [4196.5, 2500.0], [4196.55, 25000.0], [4196.65, 5523.0], [4196.7, 18409.0], [4196.8, 4917.0], [4196.85, 13506.0], [4196.95, 2924.0]]}}}
{"jsonrpc": "2.0", "method": "subscription", "params": {"channel": "book.ETH-PERPETUAL.none.20.100ms", "data": {"timestamp": 1759208941460, "change_id": 88690845126, "instrument_name": "ETH-PERPETUAL", "bids": [[4195.3, 113138.0], [4195.15, 61161.0], [4195.1, 136493.0], [4195.05, 25000.0], [4195.0, 50000.0], [4194.7, 1272.0], [4194.65, 4239.0], [4194.6, 9740.0], [4194.55, 15000.0], [4194.5, 18390.0], [4194.4, 1088.0], [4194.35, 30391.0], [4194.3, 59147.0], [4194.25, 157244.0], [4194.2, 8482.0], [4194.15, 18403.0], [4193.95, 3965.0], [4193.9, 13215.0], [4193.75, 2885.0], [4193.6, 18908.0]], "asks": [[4195.35, 14.0], [4195.5, 33.0], [4195.85, 4784.0], [4195.9, 136492.0], [4196.0, 157.0], [4196.1, 6574.0], [4196.15, 11163.0], [4196.2, 37209.0], [4196.25, 64534.0], [4196.3, 144000.0], [4196.35, 9523.0], [4196.4, 11681.0], [4196.45, 13936.0], [4196.5, 2500.0], [4196.55, 25000.0], [4196.65, 5523.0], [4196.7, 18409.0], [4196.8, 4917.0], [4196.85, 13506.0], [4196.95, 2924.0]]}}}
{"jsonrpc": "2.0", "method": "subscription", "params": {"channel": "book.ETH-PERPETUAL.none.20.100ms", "data": {"timestamp": 1759208941848, "change_id": 88690845542, "instrument_name": "ETH-PERPETUAL", "bids": [[4195.3, 115362.0], [4195.15, 61161.0], [4195.1, 136493.0], [4195.05, 25000.0], [4195.0, 50000.0], [4194.7, 1272.0], [4194.65, 4239.0], [4194.6, 9740.0], [4194.55, 15000.0], [4194.5, 18390.0], [4194.4, 1088.0], [4194.35, 30391.0], [4194.3, 59147.0], [4194.25, 157244.0], [4194.2, 8482.0], [4194.15, 18403.0], [4193.95, 3965.0], [4193.9, 13215.0], [4193.75, 2885.0], [4193.6, 18908.0]], "asks": [[4195.35, 14.0], [4195.5, 33.0], [4195.85, 4784.0], [4195.9, 136492.0], [4196.0, 157.0], [4196.1, 6574.0], [4196.15, 11163.0], [4196.2, 37209.0], [4196.25, 64534.0], [4196.3, 144000.0], [4196.35, 9523.0], [4196.4, 11681.0], [4196.45, 13936.0], [4196.5, 2500.0], [4196.55, 25000.0], [4196.65, 5523.0], [4196.7, 18409.0], [4196.8, 4917.0], [4196.85, 13506.0], [4196.95, 2924.0]]}}}
{"jsonrpc": "2.0", "method": "subscription", "params": {"channel": "book.ETH-PERPETUAL.none.20.100ms", "data": {"timestamp": 1759208942151, "change_id": 88690845941, "instrument_name": "ETH-PERPETUAL", "bids": [[4195.3, 117820.0], [4195.15, 61161.0], [4195.1, 136493.0], [4195.05, 25000.0], [4195.0, 50000.0], [4194.7, 1272.0], [4194.65, 4239.0], [4194.6, 9740.0], [4194.55, 15000.0], [4194.5, 18390.0], [4194.4, 1088.0], [4194.35, 30391.0], [4194.3, 59147.0], [4194.25, 157244.0], [4194.2, 8482.0], [4194.15, 18403.0], [4193.95, 3965.0], [4193.9, 13215.0], [4193.75, 2885.0], [4193.6, 18908.0]], "asks": [[4195.35, 14.0], [4195.5, 33.0], [4195.85, 4784.0], [4195.9, 136492.0], [4196.0, 157.0], [4196.1, 6574.0], [4196.15, 11163.0], [4196.2, 37209.0], [4196.25, 64534.0], [4196.3, 144000.0], [4196.35, 9523.0], [4196.4, 11681.0], [4196.45, 13936.0], [4196.5, 2500.0], [4196.55, 25000.0], [4196.65, 5523.0], [4196.7, 18409.0], [4196.8, 4917.0], [4196.85, 13506.0], [4196.95, 2924.0]]}}}
{"jsonrpc": "2.0", "method": "subscription", "params": {"channel": "book.ETH-PERPETUAL.none.20.100ms", "data": {"timestamp": 1759208942475, "change_id": 88690846296, "instrument_name": "ETH-PERPETUAL", "bids": [[4195.3, 115613.0], [4195.15, 61161.0], [4195.1, 136493.0], [4195.05, 25000.0], [4194.7, 1272.0], [4194.65, 4239.0], [4194.6, 24126.0], [4194.55, 15000.0], [4194.5, 68390.0], [4194.4, 1088.0], [4194.35, 30391.0], [4194.3, 59147.0], [4194.25, 157244.0], [4194.2, 8482.0], [4194.15, 18403.0], [4193.95, 3965.0], [4193.9, 13215.0], [4193.75, 2885.0], [4193.6, 18908.0], [4193.5, 13279.0]], "asks": [[4195.35, 14.0], [4195.5, 33.0], [4195.85, 4784.0], [4195.9, 136492.0], [4196.0, 157.0], [4196.1, 6574.0], [4196.15, 11163.0], [4196.2, 37209.0], [4196.25, 64534.0], [4196.3, 144000.0], [4196.35, 9523.0], [4196.4, 12431.0], [4196.45, 38936.0], [4196.5, 2500.0], [4196.65, 5523.0], [4196.7, 18409.0], [4196.8, 4917.0], [4196.85, 13506.0], [4196.95, 2924.0], [4197.05, 23479.0]]}}}
{"jsonrpc": "2.0", "method": "subscription", "params": {"channel": "book.ETH-PERPETUAL.none.20.100ms", "data": {"timestamp": 1759208942858, "change_id": 88690846751, "instrument_name": "ETH-PERPETUAL", "bids": [[4195.3, 115117.0], [4195.15, 61161.0], [4195.1, 136493.0], [4195.05, 25000.0], [4194.7, 1272.0], [4194.65, 4197.0], [4194.6, 24126.0], [4194.55, 15000.0], [4194.5, 68390.0], [4194.4, 1088.0], [4194.35, 30391.0], [4194.3, 59147.0], [4194.25, 157244.0], [4194.2, 8482.0], [4194.15, 18403.0], [4193.95, 3965.0], [4193.9, 13215.0], [4193.75, 2885.0], [4193.6, 18908.0], [4193.5, 13279.0]], "asks": [[4195.35, 13.0], [4195.45, 1.0], [4195.5, 33.0], [4195.85, 4784.0], [4195.9, 136492.0], [4196.0, 157.0], [4196.1, 6574.0], [4196.2, 37209.0], [4196.25, 64534.0], [4196.3, 144000.0], [4196.35, 9523.0], [4196.4, 12431.0], [4196.45, 38936.0], [4196.5, 2500.0], [4196.65, 5523.0], [4196.7, 18409.0], [4196.8, 4917.0], [4196.85, 13506.0], [4196.95, 2924.0], [4197.05, 23479.0]]}}}
{"jsonrpc": "2.0", "method": "subscription", "params": {"channel": "book.ETH-PERPETUAL.none.20.100ms", "data": {"timestamp": 1759208943182, "change_id": 88690847273, "instrument_name": "ETH-PERPETUAL", "bids": [[4195.3, 114284.0], [4195.15, 61161.0], [4195.1, 136493.0], [4195.05, 25000.0], [4195.0, 50000.0], [4194.65, 3003.0], [4194.6, 9740.0], [4194.55, 15000.0], [4194.5, 18390.0], [4194.4, 1088.0], [4194.35, 30391.0], [4194.3, 59147.0], [4194.25, 157244.0], [4194.2, 8482.0], [4194.15, 18403.0], [4193.95, 3965.0], [4193.9, 13215.0], [4193.75, 2885.0], [4193.7, 32240.0], [4193.5, 13279.0]], "asks": [[4195.35, 13.0], [4195.45, 1.0], [4195.5, 33.0], [4195.85, 4784.0], [4195.9, 136492.0], [4196.0, 157.0], [4196.1, 6574.0], [4196.15, 11163.0], [4196.2, 37209.0], [4196.25, 64534.0], [4196.3, 144000.0], [4196.35, 9523.0], [4196.4, 12431.0], [4196.45, 38936.0], [4196.5, 2500.0], [4196.65, 5523.0], [4196.7, 18409.0], [4196.8, 4917.0], [4196.85, 13506.0], [4196.95, 2924.0]]}}}
{"jsonrpc": "2.0", "method": "subscription", "params": {"channel": "book.ETH-PERPETUAL.none.20.100ms", "data": {"timestamp": 1759208943458, "change_id": 88690847616, "instrument_name": "ETH-PERPETUAL", "bids": [[4195.3, 115398.0], [4195.15, 61161.0], [4195.1, 136493.0], [4195.05, 25000.0], [4195.0, 50000.0], [4194.65, 3003.0], [4194.6, 9740.0], [4194.55, 15000.0], [4194.5, 18390.0], [4194.4, 1088.0], [4194.35, 30391.0], [4194.3, 59147.0], [4194.25, 157244.0], [4194.2, 8482.0], [4194.15, 19597.0], [4193.95, 3965.0], [4193.9, 13215.0], [4193.75, 2885.0], [4193.7, 32240.0], [4193.5, 13279.0]], "asks": [[4195.35, 220013.0], [4195.45, 1.0], [4195.5, 33.0], [4195.85, 4784.0], [4195.9, 136492.0], [4196.0, 157.0], [4196.1, 6574.0], [4196.15, 11163.0], [4196.2, 37209.0], [4196.25, 64534.0], [4196.3, 144000.0], [4196.35, 9523.0], [4196.4, 12431.0], [4196.45, 38936.0], [4196.5, 2500.0], [4196.65, 5523.0], [4196.7, 18409.0], [4196.8, 4917.0], [4196.85, 13506.0], [4196.95, 2924.0]]}}}
{"jsonrpc": "2.0", "method": "subscription", "params": {"channel": "book.ETH-PERPETUAL.none.20.100ms", "data": {"timestamp": 1759208943845, "change_id": 88690848403, "instrument_name": "ETH-PERPETUAL", "bids": [[4195.3, 49509.0], [4195.15, 52291.0], [4195.05, 161482.0], [4194.9, 55.0], [4194.65, 3003.0], [4194.6, 9740.0], [4194.55, 15000.0], [4194.5, 18390.0], [4194.4, 1088.0], [4194.35, 57976.0], [4194.3, 15042.0], [4194.25, 13244.0], [4194.2, 152482.0], [4194.15, 19597.0], [4194.0, 50000.0], [4193.95, 3965.0], [4193.9, 13215.0], [4193.75, 2885.0], [4193.7, 32240.0], [4193.5, 13279.0]], "asks": [[4195.35, 73587.0], [4195.45, 1.0], [4195.5, 33.0], [4195.6, 4784.0], [4195.75, 1530.0], [4195.85, 40995.0], [4195.9, 160492.0], [4196.0, 157.0], [4196.05, 5950.0], [4196.1, 6574.0], [4196.15, 49.0], [4196.2, 15709.0], [4196.25, 64534.0], [4196.3, 144000.0], [4196.35, 9523.0], [4196.4, 4931.0], [4196.45, 12357.0], [4196.65, 5523.0], [4196.7, 18409.0], [4196.8, 4917.0]]}}}
{"jsonrpc": "2.0", "method": "subscription", "params": {"channel": "book.ETH-PERPETUAL.none.20.100ms", "data": {"timestamp": 1759208944178, "change_id": 88690848816, "instrument_name": "ETH-PERPETUAL", "bids": [[4195.3, 48454.0], [4195.2, 2000.0], [4195.15, 52291.0], [4195.05, 161482.0], [4194.9, 55.0], [4194.65, 3003.0], [4194.6, 24126.0], [4194.55, 15000.0], [4194.5, 68390.0], [4194.4, 1088.0], [4194.35, 57976.0], [4194.3, 15042.0], [4194.25, 13244.0], [4194.2, 152482.0], [4194.15, 19597.0], [4193.95, 3965.0], [4193.9, 13215.0], [4193.75, 2885.0], [4193.7, 32240.0], [4193.5, 13279.0]], "asks": [[4195.35, 293587.0], [4195.45, 1.0], [4195.5, 33.0], [4195.6, 4784.0], [4195.75, 1530.0], [4195.85, 40995.0], [4195.9, 160492.0], [4196.0, 157.0], [4196.05, 5950.0], [4196.1, 6574.0], [4196.15, 49.0], [4196.2, 15709.0], [4196.25, 64534.0], [4196.3, 144000.0], [4196.35, 10662.0], [4196.4, 4931.0], [4196.45, 12357.0], [4196.65, 5523.0], [4196.7, 18409.0], [4196.8, 4917.0]]}}}
{"jsonrpc": "2.0", "method": "subscription", "params": {"channel": "book.ETH-PERPETUAL.none.20.100ms", "data": {"timestamp": 1759208944510, "change_id": 88690849130, "instrument_name": "ETH-PERPETUAL", "bids": [[4195.3, 47415.0], [4195.25, 1372.0], [4195.2, 2000.0], [4195.15, 52291.0], [4195.05, 161482.0], [4194.9, 55.0], [4194.65, 3003.0], [4194.6, 24126.0], [4194.55, 15000.0], [4194.5, 68390.0], [4194.4, 1088.0], [4194.35, 57976.0], [4194.3, 15042.0], [4194.25, 13244.0], [4194.2, 152482.0], [4194.15, 19597.0], [4193.95, 3965.0], [4193.9, 13215.0], [4193.75, 12557.0], [4193.7, 32240.0]], "asks": [[4195.35, 73587.0], [4195.45, 1.0], [4195.5, 33.0], [4195.6, 4784.0], [4195.75, 1530.0], [4195.85, 40995.0], [4195.9, 160492.0], [4196.0, 157.0], [4196.05, 13456.0], [4196.1, 6574.0], [4196.15, 49.0], [4196.2, 40709.0], [4196.25, 64534.0], [4196.3, 144000.0], [4196.35, 10662.0], [4196.4, 4931.0], [4196.45, 12357.0], [4196.65, 5523.0], [4196.7, 18409.0], [4196.8, 4917.0]]}}}
{"jsonrpc": "2.0", "method": "subscription", "params": {"channel": "book.ETH-PERPETUAL.none.20.100ms", "data": {"timestamp": 1759208944708, "change_id": 88690849348, "instrument_name": "ETH-PERPETUAL", "bids": [[4195.3, 72240.0], [4195.25, 1372.0], [4195.2, 2000.0], [4195.15, 52291.0], [4195.05, 161482.0], [4194.9, 55.0], [4194.65, 3003.0], [4194.6, 24126.0], [4194.55, 15000.0], [4194.5, 68390.0], [4194.4, 1088.0], [4194.35, 57976.0], [4194.3, 15042.0], [4194.25, 13244.0], [4194.2, 152482.0], [4194.15, 19597.0], [4193.95, 3965.0], [4193.9, 13215.0], [4193.75, 12557.0], [4193.7, 32240.0]], "asks": [[4195.35, 293587.0], [4195.45, 1.0], [4195.5, 33.0], [4195.6, 4784.0], [4195.75, 1530.0], [4195.85, 40995.0], [4195.9, 160492.0], [4196.0, 157.0], [4196.05, 13456.0], [4196.1, 6574.0], [4196.15, 49.0], [4196.2, 40709.0], [4196.25, 64534.0], [4196.3, 144000.0], [4196.35, 10662.0], [4196.4, 4931.0], [4196.45, 12357.0], [4196.65, 5523.0], [4196.7, 18409.0], [4196.8, 4917.0]]}}}
{"jsonrpc": "2.0", "method": "subscription", "params": {"channel": "book.ETH-PERPETUAL.none.20.100ms", "data": {"timestamp": 1759208945066, "change_id": 88690849728, "instrument_name": "ETH-PERPETUAL", "bids": [[4195.3, 47016.0], [4195.25, 1372.0], [4195.2, 2000.0], [4195.15, 52291.0], [4195.05, 161482.0], [4194.9, 55.0], [4194.65, 3003.0], [4194.6, 24126.0], [4194.55, 15000.0], [4194.5, 68390.0], [4194.4, 1088.0], [4194.35, 57976.0], [4194.3, 15042.0], [4194.25, 13244.0], [4194.2, 152482.0], [4194.15, 19597.0], [4193.95, 3965.0], [4193.9, 13215.0], [4193.75, 12557.0], [4193.7, 32240.0]], "asks": [[4195.35, 73587.0], [4195.45, 1.0], [4195.5, 33.0], [4195.6, 4784.0], [4195.75, 1530.0], [4195.85, 40995.0], [4195.9, 160492.0], [4196.0, 157.0], [4196.05, 13456.0], [4196.1, 6574.0], [4196.15, 49.0], [4196.2, 40709.0], [4196.25, 64534.0], [4196.3, 144000.0], [4196.35, 10662.0], [4196.4, 4931.0], [4196.45, 12357.0], [4196.65, 5523.0], [4196.7, 18409.0], [4196.8, 4917.0]]}}}
{"jsonrpc": "2.0", "method": "subscription", "params": {"channel": "book.ETH-PERPETUAL.none.20.100ms", "data": {"timestamp": 1759208945485, "change_id": 88690850235, "instrument_name": "ETH-PERPETUAL", "bids": [[4195.3, 57132.0], [4195.25, 1372.0], [4195.2, 2000.0], [4195.15, 52291.0], [4195.05, 161482.0], [4194.9, 55.0], [4194.65, 3003.0], [4194.6, 9740.0], [4194.55, 15000.0], [4194.5, 18390.0], [4194.4, 1088.0], [4194.35, 57976.0], [4194.3, 15042.0], [4194.25, 13244.0], [4194.2, 167150.0], [4194.15, 19597.0], [4194.0, 50000.0], [4193.95, 3965.0], [4193.9, 13215.0], [4193.75, 12557.0]], "asks": [[4195.35, 73587.0], [4195.45, 1.0], [4195.5, 33.0], [4195.6, 4784.0], [4195.75, 1530.0], [4195.85, 40995.0], [4195.9, 160492.0], [4196.0, 157.0], [4196.05, 13456.0], [4196.1, 6574.0], [4196.15, 49.0], [4196.2, 40709.0], [4196.25, 64534.0], [4196.3, 144000.0], [4196.35, 10662.0], [4196.4, 4931.0], [4196.45, 12357.0], [4196.65, 5523.0], [4196.7, 18409.0], [4196.8, 4917.0]]}}}
{"jsonrpc": "2.0", "method": "subscription", "params": {"channel": "book.ETH-PERPETUAL.none.20.100ms", "data": {"timestamp": 1759208945796, "change_id": 88690850606, "instrument_name": "ETH-PERPETUAL", "bids": [[4195.3, 58499.0], [4195.2, 2000.0], [4195.15, 52291.0], [4195.05, 161482.0], [4194.9, 55.0], [4194.65, 3003.0], [4194.6, 24126.0], [4194.55, 15000.0], [4194.5, 68390.0], [4194.4, 1088.0], [4194.35, 57976.0], [4194.3, 15042.0], [4194.25, 13244.0], [4194.2, 152482.0], [4194.15, 19597.0], [4193.95, 3965.0], [4193.9, 13215.0], [4193.75, 12557.0], [4193.7, 32240.0], [4193.5, 13279.0]], "asks": [[4195.35, 73587.0], [4195.45, 1.0], [4195.5, 33.0], [4195.6, 4784.0], [4195.75, 1530.0], [4195.85, 40995.0], [4195.9, 160492.0], [4196.0, 157.0], [4196.05, 13456.0], [4196.1, 6574.0], [4196.15, 49.0], [4196.2, 40709.0], [4196.25, 64534.0], [4196.3, 144000.0], [4196.35, 10662.0], [4196.4, 4931.0], [4196.45, 12357.0], [4196.65, 5523.0], [4196.7, 18409.0], [4196.8, 4917.0]]}}}
{"jsonrpc": "2.0", "method": "subscription", "params": {"channel": "book.ETH-PERPETUAL.none.20.100ms", "data": {"timestamp": 1759208946163, "change_id": 88690851076, "instrument_name": "ETH-PERPETUAL", "bids": [[4195.3, 41560.0], [4195.2, 2000.0], [4195.15, 52291.0], [4195.05, 161482.0], [4194.9, 55.0], [4194.65, 3003.0], [4194.6, 24126.0], [4194.55, 15000.0], [4194.5, 68390.0], [4194.4, 1088.0], [4194.35, 57976.0], [4194.3, 15042.0], [4194.25, 13244.0], [4194.2, 152482.0], [4194.15, 19597.0], [4193.95, 3965.0], [4193.9, 13215.0], [4193.75, 12557.0], [4193.7, 32240.0], [4193.5, 13279.0]], "asks": [[4195.35, 293587.0], [4195.45, 1.0], [4195.5, 33.0], [4195.6, 4784.0], [4195.75, 1530.0], [4195.85, 40995.0], [4195.9, 160492.0], [4196.0, 157.0], [4196.05, 13456.0], [4196.1, 6574.0], [4196.15, 49.0], [4196.2, 40709.0], [4196.25, 64534.0], [4196.3, 144000.0], [4196.35, 10662.0], [4196.4, 4931.0], [4196.45, 12357.0], [4196.65, 5523.0], [4196.7, 18409.0], [4196.8, 4917.0]]}}}
{"jsonrpc": "2.0", "method": "subscription", "params": {"channel": "book.ETH-PERPETUAL.none.20.100ms", "data": {"timestamp": 1759208946474, "change_id": 88690851382, "instrument_name": "ETH-PERPETUAL", "bids": [[4195.3, 42765.0], [4195.2, 2000.0], [4195.15, 52291.0], [4195.05, 161482.0], [4194.9, 55.0], [4194.65, 3003.0], [4194.6, 9740.0], [4194.55, 15000.0], [4194.5, 18390.0], [4194.4, 1088.0], [4194.35, 57976.0], [4194.3, 15042.0], [4194.25, 13244.0], [4194.2, 152482.0], [4194.15, 19597.0], [4194.0, 50000.0], [4193.95, 3965.0], [4193.9, 13215.0], [4193.75, 12557.0], [4193.7, 32240.0]], "asks": [[4195.35, 73587.0], [4195.45, 1.0], [4195.5, 33.0], [4195.6, 4784.0], [4195.75, 1530.0], [4195.85, 40995.0], [4195.9, 160492.0], [4196.0, 157.0], [4196.05, 13456.0], [4196.1, 6574.0], [4196.15, 49.0], [4196.2, 40709.0], [4196.25, 64534.0], [4196.3, 144000.0], [4196.35, 10662.0], [4196.4, 4931.0], [4196.45, 12357.0], [4196.65, 5523.0], [4196.7, 18409.0], [4196.8, 4917.0]]}}}
{"jsonrpc": "2.0", "method": "subscription", "params": {"channel": "book.ETH-PERPETUAL.none.20.100ms", "data": {"timestamp": 1759208946792, "change_id": 88690851776, "instrument_name": "ETH-PERPETUAL", "bids": [[4195.3, 42810.0], [4195.2, 2000.0], [4195.15, 52291.0], [4195.05, 161482.0], [4194.9, 55.0], [4194.65, 3003.0], [4194.6, 9740.0], [4194.55, 15000.0], [4194.5, 18390.0], [4194.4, 1088.0], [4194.35, 57976.0], [4194.3, 15042.0], [4194.25, 13244.0], [4194.2, 152482.0], [4194.15, 19597.0], [4194.0, 50000.0], [4193.95, 3965.0], [4193.9, 13215.0], [4193.75, 12557.0], [4193.7, 32240.0]], "asks": [[4195.35, 73587.0], [4195.45, 1.0], [4195.5, 33.0], [4195.6, 4784.0], [4195.75, 1530.0], [4195.85, 40995.0], [4195.9, 160492.0], [4196.0, 157.0], [4196.05, 13456.0], [4196.1, 6574.0], [4196.15, 49.0], [4196.2, 40709.0], [4196.25, 64534.0], [4196.3, 144000.0], [4196.35, 10662.0], [4196.4, 4931.0], [4196.45, 12357.0], [4196.65, 5523.0], [4196.7, 18409.0], [4196.8, 4917.0]]}}}
{"jsonrpc": "2.0", "method": "subscription", "params": {"channel": "book.ETH-PERPETUAL.none.20.100ms", "data": {"timestamp": 1759208947136, "change_id": 88690852245, "instrument_name": "ETH-PERPETUAL", "bids": [[4195.3, 42111.0], [4195.2, 2000.0], [4195.15, 52291.0], [4195.05, 161482.0], [4194.9, 55.0], [4194.65, 3003.0], [4194.6, 24126.0], [4194.55, 15000.0], [4194.5, 68390.0], [4194.4, 1088.0], [4194.35, 57976.0], [4194.3, 15042.0], [4194.25, 13244.0], [4194.2, 152482.0], [4194.15, 19597.0], [4193.95, 3965.0], [4193.9, 13215.0], [4193.75, 12557.0], [4193.7, 32240.0], [4193.5, 13279.0]], "asks": [[4195.35, 293587.0], [4195.45, 1.0], [4195.5, 33.0], [4195.6, 4784.0], [4195.75, 1530.0], [4195.85, 40995.0], [4195.9, 160492.0], [4196.0, 157.0], [4196.05, 13456.0], [4196.1, 6574.0], [4196.15, 49.0], [4196.2, 40709.0], [4196.25, 64534.0], [4196.3, 144000.0], [4196.35, 10662.0], [4196.4, 4931.0], [4196.45, 12357.0], [4196.65, 5523.0], [4196.7, 18409.0], [4196.8, 4917.0]]}}}
{"jsonrpc": "2.0", "method": "subscription", "params": {"channel": "book.ETH-PERPETUAL.none.20.100ms", "data": {"timestamp": 1759208947321, "change_id": 88690852334, "instrument_name": "ETH-PERPETUAL", "bids": [[4195.3, 39876.0], [4195.2, 2000.0], [4195.15, 52291.0], [4195.05, 161482.0], [4194.9, 55.0], [4194.65, 3003.0], [4194.6, 24126.0], [4194.55, 15000.0], [4194.5, 68390.0], [4194.4, 1088.0], [4194.35, 57976.0], [4194.3, 15042.0], [4194.25, 13244.0], [4194.2, 152482.0], [4194.15, 19597.0], [4193.95, 3965.0], [4193.9, 13215.0], [4193.75, 12557.0], [4193.7, 32240.0], [4193.5, 13279.0]], "asks": [[4195.35, 73587.0], [4195.45, 1.0], [4195.5, 33.0], [4195.6, 4784.0], [4195.75, 1530.0], [4195.85, 40995.0], [4195.9, 160492.0], [4196.0, 157.0], [4196.05, 13456.0], [4196.1, 6574.0], [4196.15, 49.0], [4196.2, 40709.0], [4196.25, 64534.0], [4196.3, 144000.0], [4196.35, 10662.0], [4196.4, 4931.0], [4196.45, 12357.0], [4196.65, 5523.0], [4196.7, 18409.0], [4196.8, 4917.0]]}}}
{"jsonrpc": "2.0", "method": "subscription", "params": {"channel": "book.ETH-PERPETUAL.none.20.100ms", "data": {"timestamp": 1759208947816, "change_id": 88690852875, "instrument_name": "ETH-PERPETUAL", "bids": [[4195.3, 42154.0], [4195.2, 2000.0], [4195.15, 52291.0], [4195.05, 161482.0], [4194.9, 55.0], [4194.65, 3003.0], [4194.6, 24126.0], [4194.55, 15000.0], [4194.5, 68390.0], [4194.4, 1088.0], [4194.35, 57976.0], [4194.3, 15042.0], [4194.25, 13244.0], [4194.2, 152482.0], [4194.15, 19597.0], [4193.95, 3965.0], [4193.9, 13215.0], [4193.75, 12557.0], [4193.7, 32240.0], [4193.55, 6056.0]], "asks": [[4195.35, 73587.0], [4195.45, 2.0], [4195.5, 33.0], [4195.6, 4784.0], [4195.75, 1530.0], [4195.85, 40995.0], [4195.9, 160492.0], [4196.0, 157.0], [4196.05, 13456.0], [4196.1, 6574.0], [4196.15, 49.0], [4196.2, 40709.0], [4196.25, 64534.0], [4196.3, 144000.0], [4196.35, 10662.0], [4196.4, 4931.0], [4196.45, 12357.0], [4196.65, 5523.0], [4196.7, 18409.0], [4196.8, 4917.0]]}}}
{"jsonrpc": "2.0", "method": "subscription", "params": {"channel": "book.ETH-PERPETUAL.none.20.100ms", "data": {"timestamp": 1759208948139, "change_id": 88690853361, "instrument_name": "ETH-PERPETUAL", "bids": [[4195.3, 41652.0], [4195.2, 2000.0], [4195.15, 52291.0], [4195.05, 161482.0], [4194.9, 55.0], [4194.65, 3003.0], [4194.6, 9740.0], [4194.55, 15000.0], [4194.5, 18390.0], [4194.4, 1088.0], [4194.35, 57976.0], [4194.3, 15042.0], [4194.25, 13244.0], [4194.2, 152482.0], [4194.15, 19597.0], [4193.95, 3965.0], [4193.9, 13215.0], [4193.75, 12557.0], [4193.7, 32240.0], [4193.55, 6056.0]], "asks": [[4195.35, 293587.0], [4195.45, 2.0], [4195.5, 33.0], [4195.6, 4784.0], [4195.75, 1530.0], [4195.85, 40995.0], [4195.9, 160492.0], [4196.0, 157.0], [4196.05, 13456.0], [4196.1, 6574.0], [4196.15, 49.0], [4196.2, 40709.0], [4196.25, 64534.0], [4196.3, 144000.0], [4196.35, 10662.0], [4196.4, 4931.0], [4196.45, 12357.0], [4196.65, 5523.0], [4196.7, 18409.0], [4196.8, 4917.0]]}}}
{"jsonrpc": "2.0", "method": "subscription", "params": {"channel": "book.ETH-PERPETUAL.none.20.100ms", "data": {"timestamp": 1759208948459, "change_id": 88690853665, "instrument_name": "ETH-PERPETUAL", "bids": [[4195.3, 41688.0], [4195.2, 2000.0], [4195.15, 52291.0], [4195.05, 161482.0], [4195.0, 50000.0], [4194.9, 55.0], [4194.65, 3003.0], [4194.6, 9740.0], [4194.55, 15000.0], [4194.5, 18390.0], [4194.4, 1088.0], [4194.35, 57976.0], [4194.3, 15042.0], [4194.25, 13244.0], [4194.2, 152482.0], [4194.15, 19597.0], [4193.95, 3965.0], [4193.9, 13215.0], [4193.75, 12557.0], [4193.7, 32240.0]], "asks": [[4195.35, 293587.0], [4195.45, 2.0], [4195.5, 33.0], [4195.6, 4784.0], [4195.75, 1530.0], [4195.85, 40995.0], [4195.9, 160492.0], [4196.0, 157.0], [4196.05, 13456.0], [4196.1, 6574.0], [4196.15, 49.0], [4196.2, 40709.0], [4196.25, 64534.0], [4196.3, 144000.0], [4196.35, 10662.0], [4196.4, 4931.0], [4196.45, 12357.0], [4196.65, 5523.0], [4196.7, 18409.0], [4196.8, 4917.0]]}}}
{"jsonrpc": "2.0", "method": "subscription", "params": {"channel": "book.ETH-PERPETUAL.none.20.100ms", "data": {"timestamp": 1759208948807, "change_id": 88690854019, "instrument_name": "ETH-PERPETUAL", "bids": [[4195.3, 43152.0], [4195.2, 2000.0], [4195.15, 52291.0], [4195.05, 161482.0], [4194.9, 55.0], [4194.65, 3003.0], [4194.6, 9740.0], [4194.55, 15000.0], [4194.5, 18390.0], [4194.4, 1088.0], [4194.35, 57976.0], [4194.3, 15042.0], [4194.25, 13190.0], [4194.2, 152482.0], [4194.15, 19597.0], [4194.0, 50000.0], [4193.95, 3965.0], [4193.9, 13215.0], [4193.75, 12557.0], [4193.7, 32240.0]], "asks": [[4195.35, 73587.0], [4195.45, 2.0], [4195.5, 33.0], [4195.6, 4784.0], [4195.75, 1530.0], [4195.85, 40995.0], [4195.9, 160492.0], [4196.0, 157.0], [4196.05, 13456.0], [4196.1, 6574.0], [4196.15, 49.0], [4196.2, 40709.0], [4196.25, 64534.0], [4196.3, 144000.0], [4196.35, 10662.0], [4196.4, 4931.0], [4196.45, 12357.0], [4196.65, 5523.0], [4196.7, 18409.0], [4196.8, 4917.0]]}}}
{"jsonrpc": "2.0", "method": "subscription", "params": {"channel": "book.ETH-PERPETUAL.none.20.100ms", "data": {"timestamp": 1759208949139, "change_id": 88690854492, "instrument_name": "ETH-PERPETUAL", "bids": [[4195.3, 40914.0], [4195.2, 2000.0], [4195.15, 52291.0], [4195.05, 161482.0], [4194.9, 55.0], [4194.65, 3003.0], [4194.6, 9740.0], [4194.55, 15000.0], [4194.5, 18390.0], [4194.4, 1088.0], [4194.35, 57976.0], [4194.3, 15042.0], [4194.25, 13190.0], [4194.2, 152482.0], [4194.15, 19597.0], [4194.0, 50000.0], [4193.95, 3965.0], [4193.9, 13215.0], [4193.75, 12557.0], [4193.7, 32240.0]], "asks": [[4195.35, 73587.0], [4195.45, 2.0], [4195.5, 33.0], [4195.6, 4784.0], [4195.75, 1530.0], [4195.85, 40995.0], [4195.9, 160492.0], [4196.0, 157.0], [4196.05, 13456.0], [4196.1, 6574.0], [4196.15, 49.0], [4196.2, 40709.0], [4196.25, 64534.0], [4196.3, 144000.0], [4196.35, 10662.0], [4196.4, 4931.0], [4196.45, 12357.0], [4196.65, 5523.0], [4196.7, 18409.0], [4196.8, 4917.0]]}}}
{"jsonrpc": "2.0", "method": "subscription", "params": {"channel": "book.ETH-PERPETUAL.none.20.100ms", "data": {"timestamp": 1759208949473, "change_id": 88690854841, "instrument_name": "ETH-PERPETUAL", "bids": [[4195.3, 63991.0], [4195.2, 2000.0], [4195.15, 52291.0], [4195.05, 161482.0], [4195.0, 50000.0], [4194.9, 55.0], [4194.75, 39.0], [4194.65, 3003.0], [4194.6, 9740.0], [4194.55, 15000.0], [4194.5, 18390.0], [4194.4, 1088.0], [4194.35, 57976.0], [4194.3, 15042.0], [4194.25, 13243.0], [4194.2, 152482.0], [4194.15, 19597.0], [4193.95, 3965.0], [4193.9, 13215.0], [4193.75, 12557.0]], "asks": [[4195.35, 59133.0], [4195.4, 220000.0], [4195.45, 2.0], [4195.5, 33.0], [4195.75, 1530.0], [4195.8, 4784.0], [4195.85, 40995.0], [4195.9, 160492.0], [4196.0, 157.0], [4196.05, 13456.0], [4196.1, 6574.0], [4196.15, 49.0], [4196.2, 40709.0], [4196.25, 64534.0], [4196.3, 144000.0], [4196.35, 10662.0], [4196.4, 4931.0], [4196.45, 12357.0], [4196.65, 5523.0], [4196.7, 18409.0]]}}}
{"jsonrpc": "2.0", "method": "subscription", "params": {"channel": "book.ETH-PERPETUAL.none.20.100ms", "data": {"timestamp": 1759208949756, "change_id": 88690855262, "instrument_name": "ETH-PERPETUAL", "bids": [[4195.3, 64662.0], [4195.15, 52291.0], [4195.05, 161482.0], [4194.75, 39.0], [4194.65, 3003.0], [4194.6, 24126.0], [4194.55, 15000.0], [4194.5, 68390.0], [4194.4, 1088.0], [4194.35, 57976.0], [4194.3, 15042.0], [4194.25, 13243.0], [4194.2, 152482.0], [4194.15, 19597.0], [4193.95, 3965.0], [4193.9, 13215.0], [4193.75, 12557.0], [4193.7, 32240.0], [4193.55, 6056.0], [4193.5, 13280.0]], "asks": [[4195.35, 13.0], [4195.4, 200000.0], [4195.45, 2.0], [4195.5, 33.0], [4195.75, 1530.0], [4195.9, 160492.0], [4196.0, 157.0], [4196.05, 5950.0], [4196.1, 6574.0], [4196.2, 15709.0], [4196.25, 64534.0], [4196.3, 144000.0], [4196.35, 10662.0], [4196.4, 4931.0], [4196.45, 12406.0], [4196.65, 5523.0], [4196.7, 18409.0], [4196.75, 25000.0], [4196.8, 4917.0], [4196.85, 13386.0]]}}}
{"jsonrpc": "2.0", "method": "subscription", "params": {"channel": "book.ETH-PERPETUAL.none.20.100ms", "data": {"timestamp": 1759208950128, "change_id": 88690856096, "instrument_name": "ETH-PERPETUAL", "bids": [[4195.3, 63876.0], [4195.15, 52291.0], [4195.05, 161482.0], [4195.0, 50000.0], [4194.75, 39.0], [4194.65, 3003.0], [4194.6, 9740.0], [4194.55, 15000.0], [4194.5, 18390.0], [4194.4, 1088.0], [4194.35, 57976.0], [4194.3, 48806.0], [4194.25, 13243.0], [4194.2, 152482.0], [4194.15, 19597.0], [4193.95, 3965.0], [4193.9, 13215.0], [4193.75, 12557.0], [4193.7, 32240.0], [4193.55, 6056.0]], "asks": [[4195.35, 13.0], [4195.45, 2.0], [4195.5, 33.0], [4195.8, 40215.0], [4196.0, 157.0], [4196.15, 4784.0], [4196.2, 13209.0], [4196.25, 45676.0], [4196.3, 144000.0], [4196.35, 9523.0], [4196.4, 4931.0], [4196.45, 12406.0], [4196.5, 6582.0], [4196.65, 5523.0], [4196.75, 25000.0], [4196.8, 4917.0], [4196.85, 13386.0], [4196.9, 9082.0], [4196.95, 21349.0], [4197.05, 23479.0]]}}}
{"jsonrpc": "2.0", "method": "subscription", "params": {"channel": "book.ETH-PERPETUAL.none.20.100ms", "data": {"timestamp": 1759208950464, "change_id": 88690856434, "instrument_name": "ETH-PERPETUAL", "bids": [[4195.3, 67691.0], [4195.15, 52291.0], [4195.05, 161482.0], [4195.0, 50000.0], [4194.75, 39.0], [4194.65, 3003.0], [4194.6, 9740.0], [4194.55, 15000.0], [4194.5, 18390.0], [4194.4, 1088.0], [4194.35, 57976.0], [4194.3, 48806.0], [4194.25, 13243.0], [4194.2, 152482.0], [4194.15, 19597.0], [4193.95, 3965.0], [4193.9, 13215.0], [4193.75, 12557.0], [4193.7, 32240.0], [4193.55, 6056.0]], "asks": [[4195.35, 13.0], [4195.45, 2.0], [4195.5, 33.0], [4195.8, 40215.0], [4196.0, 157.0], [4196.15, 4784.0], [4196.2, 13209.0], [4196.25, 45676.0], [4196.3, 144000.0], [4196.35, 9523.0], [4196.4, 4931.0], [4196.45, 13936.0], [4196.5, 6582.0], [4196.6, 2500.0], [4196.65, 5523.0], [4196.75, 25000.0], [4196.8, 4917.0], [4196.85, 13386.0], [4196.95, 21349.0], [4197.05, 24619.0]]}}}
{"jsonrpc": "2.0", "method": "subscription", "params": {"channel": "book.ETH-PERPETUAL.none.20.100ms", "data": {"timestamp": 1759208950787, "change_id": 88690856747, "instrument_name": "ETH-PERPETUAL", "bids": [[4195.3, 70189.0], [4195.15, 52291.0], [4195.05, 161482.0], [4195.0, 50000.0], [4194.75, 39.0], [4194.65, 3003.0], [4194.6, 9740.0], [4194.55, 15000.0], [4194.5, 18390.0], [4194.4, 1088.0], [4194.35, 57976.0], [4194.3, 48806.0], [4194.25, 13243.0], [4194.2, 152482.0], [4194.15, 19597.0], [4193.95, 3965.0], [4193.9, 13215.0], [4193.75, 12557.0], [4193.7, 32240.0], [4193.55, 6056.0]], "asks": [[4195.35, 13.0], [4195.45, 2.0], [4195.5, 33.0], [4195.8, 40215.0], [4195.95, 4784.0], [4196.0, 157.0], [4196.2, 13209.0], [4196.25, 88134.0], [4196.3, 144000.0], [4196.35, 9523.0], [4196.4, 4931.0], [4196.45, 13936.0], [4196.5, 6582.0], [4196.6, 2500.0], [4196.65, 25000.0], [4196.8, 4917.0], [4196.85, 13386.0], [4196.95, 21349.0], [4197.05, 24619.0], [4197.1, 72500.0]]}}}
{"jsonrpc": "2.0", "method": "subscription", "params": {"channel": "book.ETH-PERPETUAL.none.20.100ms", "data": {"timestamp": 1759208951124, "change_id": 88690857345, "instrument_name": "ETH-PERPETUAL", "bids": [[4195.3, 66021.0], [4195.15, 52291.0], [4195.05, 161482.0], [4194.95, 55.0], [4194.75, 39.0], [4194.65, 3003.0], [4194.6, 24126.0], [4194.55, 15000.0], [4194.5, 68390.0], [4194.4, 1088.0], [4194.35, 57976.0], [4194.3, 48806.0], [4194.25, 13243.0], [4194.2, 152482.0], [4194.15, 19597.0], [4193.95, 3965.0], [4193.9, 13215.0], [4193.75, 12557.0], [4193.7, 32240.0], [4193.55, 6056.0]], "asks": [[4195.35, 13.0], [4195.45, 2.0], [4195.5, 33.0], [4195.8, 40215.0], [4195.95, 4784.0], [4196.0, 157.0], [4196.15, 3963.0], [4196.2, 13209.0], [4196.25, 88134.0], [4196.3, 144000.0], [4196.35, 9523.0], [4196.4, 4931.0], [4196.45, 13936.0], [4196.5, 6582.0], [4196.6, 2500.0], [4196.65, 25000.0], [4196.75, 18415.0], [4196.8, 4917.0], [4196.85, 13386.0], [4196.95, 2924.0]]}}}
{"jsonrpc": "2.0", "method": "subscription", "params": {"channel": "book.ETH-PERPETUAL.none.20.100ms", "data": {"timestamp": 1759208951451, "change_id": 88690857714, "instrument_name": "ETH-PERPETUAL", "bids": [[4195.3, 69031.0], [4195.15, 52291.0], [4195.05, 161482.0], [4194.75, 39.0], [4194.65, 3003.0], [4194.6, 24126.0], [4194.55, 15000.0], [4194.5, 68390.0], [4194.4, 1088.0], [4194.35, 57976.0], [4194.3, 48806.0], [4194.25, 13243.0], [4194.2, 152482.0], [4194.15, 19597.0], [4193.95, 3965.0], [4193.9, 13215.0], [4193.75, 12557.0], [4193.7, 32240.0], [4193.55, 6056.0], [4193.5, 62667.0]], "asks": [[4195.35, 13.0], [4195.45, 2.0], [4195.8, 40215.0], [4195.95, 4784.0], [4196.0, 157.0], [4196.15, 3963.0], [4196.2, 13209.0], [4196.25, 88066.0], [4196.3, 144000.0], [4196.35, 9523.0], [4196.4, 4931.0], [4196.45, 13936.0], [4196.5, 6582.0], [4196.6, 2500.0], [4196.65, 25000.0], [4196.75, 18415.0], [4196.8, 4917.0], [4196.85, 13386.0], [4196.95, 2924.0], [4197.05, 24619.0]]}}}
{"jsonrpc": "2.0", "method": "subscription", "params": {"channel": "book.ETH-PERPETUAL.none.20.100ms", "data": {"timestamp": 1759208951779, "change_id": 88690858011, "instrument_name": "ETH-PERPETUAL", "bids": [[4195.3, 69173.0], [4195.15, 52291.0], [4195.05, 161482.0], [4195.0, 50000.0], [4194.75, 39.0], [4194.65, 3003.0], [4194.6, 9740.0], [4194.55, 15000.0], [4194.5, 18390.0], [4194.4, 1088.0], [4194.35, 57976.0], [4194.3, 48806.0], [4194.25, 13243.0], [4194.2, 152482.0], [4194.15, 19597.0], [4194.0, 67.0], [4193.95, 3965.0], [4193.9, 13215.0], [4193.75, 12557.0], [4193.7, 32240.0]], "asks": [[4195.35, 13.0], [4195.45, 2.0], [4195.8, 40215.0], [4195.95, 4784.0], [4196.0, 157.0], [4196.15, 3963.0], [4196.2, 13209.0], [4196.25, 88066.0], [4196.3, 144000.0], [4196.35, 9523.0], [4196.4, 4931.0], [4196.45, 13936.0], [4196.5, 6582.0], [4196.6, 15525.0], [4196.65, 25000.0], [4196.75, 18415.0], [4196.8, 4917.0], [4196.85, 13386.0], [4196.95, 2924.0], [4197.05, 24619.0]]}}}
{"jsonrpc": "2.0", "method": "subscription", "params": {"channel": "book.ETH-PERPETUAL.none.20.100ms", "data": {"timestamp": 1759208952094, "change_id": 88690858448, "instrument_name": "ETH-PERPETUAL", "bids": [[4195.3, 71417.0], [4195.15, 52291.0], [4195.05, 161482.0], [4195.0, 50000.0], [4194.75, 63.0], [4194.65, 3003.0], [4194.6, 9740.0], [4194.55, 15000.0], [4194.5, 18390.0], [4194.4, 1088.0], [4194.35, 57976.0], [4194.3, 48806.0], [4194.25, 13243.0], [4194.2, 152482.0], [4194.15, 19597.0], [4194.0, 67.0], [4193.95, 3965.0], [4193.9, 13215.0], [4193.75, 12557.0], [4193.7, 32240.0]], "asks": [[4195.35, 21.0], [4195.45, 2.0], [4195.75, 34.0], [4195.8, 40215.0], [4195.95, 4784.0], [4196.0, 157.0], [4196.15, 3963.0], [4196.2, 13209.0], [4196.25, 88066.0], [4196.3, 144000.0], [4196.35, 9523.0], [4196.4, 4931.0], [4196.45, 13936.0], [4196.5, 6649.0], [4196.6, 15525.0], [4196.65, 25000.0], [4196.75, 18415.0], [4196.8, 4917.0], [4196.85, 13386.0], [4196.95, 2924.0]]}}}
{"jsonrpc": "2.0", "method": "subscription", "params": {"channel": "book.ETH-PERPETUAL.none.20.100ms", "data": {"timestamp": 1759208952424, "change_id": 88690858871, "instrument_name": "ETH-PERPETUAL", "bids": [[4195.3, 71409.0], [4195.15, 52291.0], [4195.05, 161482.0], [4195.0, 50000.0], [4194.75, 63.0], [4194.65, 3003.0], [4194.6, 9740.0], [4194.55, 15000.0], [4194.5, 18390.0], [4194.4, 1088.0], [4194.35, 57976.0], [4194.3, 48806.0], [4194.25, 13243.0], [4194.2, 152482.0], [4194.15, 19597.0], [4194.0, 67.0], [4193.95, 3965.0], [4193.9, 13215.0], [4193.75, 12557.0], [4193.7, 32240.0]], "asks": [[4195.35, 21.0], [4195.45, 2.0], [4195.75, 34.0], [4195.8, 40215.0], [4195.95, 4784.0], [4196.0, 157.0], [4196.15, 3963.0], [4196.2, 13209.0], [4196.25, 88066.0], [4196.3, 144000.0], [4196.35, 9523.0], [4196.4, 4931.0], [4196.45, 13936.0], [4196.5, 6649.0], [4196.6, 15525.0], [4196.65, 25000.0], [4196.75, 18415.0], [4196.8, 4917.0], [4196.85, 13386.0], [4196.95, 2924.0]]}}}
{"jsonrpc": "2.0", "method": "subscription", "params": {"channel": "book.ETH-PERPETUAL.none.20.100ms", "data": {"timestamp": 1759208952762, "change_id": 88690859163, "instrument_name": "ETH-PERPETUAL", "bids": [[4195.3, 71403.0], [4195.2, 7800.0], [4195.15, 52291.0], [4195.05, 161482.0], [4195.0, 50000.0], [4194.75, 63.0], [4194.65, 3003.0], [4194.6, 9740.0], [4194.55, 15000.0], [4194.5, 18390.0], [4194.4, 1088.0], [4194.35, 57976.0], [4194.3, 48806.0], [4194.25, 13243.0], [4194.2, 152482.0], [4194.15, 19597.0], [4194.0, 67.0], [4193.95, 3965.0], [4193.9, 13215.0], [4193.75, 12557.0]], "asks": [[4195.35, 21.0], [4195.45, 2.0], [4195.75, 34.0], [4195.8, 40215.0], [4195.95, 4784.0], [4196.0, 157.0], [4196.15, 3963.0], [4196.2, 13209.0], [4196.25, 88066.0], [4196.3, 144000.0], [4196.35, 9523.0], [4196.4, 4931.0], [4196.45, 13936.0], [4196.5, 6649.0], [4196.6, 15525.0], [4196.65, 25000.0], [4196.75, 18415.0], [4196.8, 4917.0], [4196.85, 13386.0], [4196.95, 2924.0]]}}}
{"jsonrpc": "2.0", "method": "subscription", "params": {"channel": "book.ETH-PERPETUAL.none.20.100ms", "data": {"timestamp": 1759208953030, "change_id": 88690859473, "instrument_name": "ETH-PERPETUAL", "bids": [[4195.3, 69147.0], [4195.2, 7800.0], [4195.15, 52291.0], [4195.05, 161482.0], [4194.75, 63.0], [4194.65, 3003.0], [4194.6, 24126.0], [4194.55, 15000.0], [4194.5, 68390.0], [4194.4, 1088.0], [4194.35, 57976.0], [4194.3, 48806.0], [4194.25, 13243.0], [4194.2, 152482.0], [4194.15, 19597.0], [4194.0, 67.0], [4193.95, 3965.0], [4193.9, 13215.0], [4193.75, 12557.0], [4193.7, 32240.0]], "asks": [[4195.35, 21.0], [4195.45, 2.0], [4195.75, 34.0], [4195.8, 40215.0], [4195.95, 4784.0], [4196.0, 157.0], [4196.15, 3963.0], [4196.2, 13209.0], [4196.25, 88066.0], [4196.3, 144000.0], [4196.35, 9523.0], [4196.4, 4931.0], [4196.45, 13936.0], [4196.5, 6649.0], [4196.6, 15525.0], [4196.65, 25000.0], [4196.75, 18415.0], [4196.8, 4917.0], [4196.85, 13386.0], [4196.95, 2924.0]]}}}
{"jsonrpc": "2.0", "method": "subscription", "params": {"channel": "book.ETH-PERPETUAL.none.20.100ms", "data": {"timestamp": 1759208953439, "change_id": 88690859998, "instrument_name": "ETH-PERPETUAL", "bids": [[4195.3, 69302.0], [4195.2, 7800.0], [4195.15, 52291.0], [4195.05, 161482.0], [4194.75, 63.0], [4194.65, 3003.0], [4194.6, 24126.0], [4194.55, 15000.0], [4194.5, 68390.0], [4194.4, 1088.0], [4194.35, 57976.0], [4194.3, 48806.0], [4194.25, 13243.0], [4194.2, 152482.0], [4194.15, 19597.0], [4194.0, 67.0], [4193.95, 3965.0], [4193.9, 13215.0], [4193.75, 12557.0], [4193.7, 32240.0]], "asks": [[4195.35, 21.0], [4195.45, 2.0], [4195.75, 34.0], [4195.8, 40215.0], [4195.95, 4784.0], [4196.0, 157.0], [4196.15, 3963.0], [4196.2, 13209.0], [4196.25, 88066.0], [4196.3, 144000.0], [4196.35, 9523.0], [4196.4, 4931.0], [4196.45, 13936.0], [4196.5, 6649.0], [4196.6, 15525.0], [4196.65, 25000.0], [4196.75, 18415.0], [4196.8, 4917.0], [4196.85, 13386.0], [4196.95, 2924.0]]}}}
{"jsonrpc": "2.0", "method": "subscription", "params": {"channel": "book.ETH-PERPETUAL.none.20.100ms", "data": {"timestamp": 1759208953716, "change_id": 88690860198, "instrument_name": "ETH-PERPETUAL", "bids": [[4195.3, 72347.0], [4195.2, 7800.0], [4195.15, 52291.0], [4195.05, 161482.0], [4194.75, 63.0], [4194.65, 3003.0], [4194.6, 24126.0], [4194.55, 15000.0], [4194.5, 68390.0], [4194.4, 1088.0], [4194.35, 57976.0], [4194.3, 48806.0], [4194.25, 13243.0], [4194.2, 152482.0], [4194.15, 19597.0], [4194.0, 67.0], [4193.95, 3965.0], [4193.9, 13215.0], [4193.75, 12557.0], [4193.7, 32240.0]], "asks": [[4195.35, 21.0], [4195.45, 2.0], [4195.75, 34.0], [4195.8, 40215.0], [4195.95, 4784.0], [4196.0, 157.0], [4196.15, 3963.0], [4196.2, 13209.0], [4196.25, 88066.0], [4196.3, 144000.0], [4196.35, 9523.0], [4196.4, 4931.0], [4196.45, 13936.0], [4196.5, 6649.0], [4196.6, 15525.0], [4196.65, 25000.0], [4196.75, 18415.0], [4196.8, 4917.0], [4196.85, 13386.0], [4196.95, 2924.0]]}}}
{"jsonrpc": "2.0", "method": "subscription", "params": {"channel": "book.ETH-PERPETUAL.none.20.100ms", "data": {"timestamp": 1759208954095, "change_id": 88690860715, "instrument_name": "ETH-PERPETUAL", "bids": [[4195.3, 70828.0], [4195.2, 7800.0], [4195.15, 52291.0], [4195.05, 161482.0], [4195.0, 50000.0], [4194.75, 63.0], [4194.65, 3003.0], [4194.6, 9740.0], [4194.55, 15000.0], [4194.5, 18390.0], [4194.4, 1088.0], [4194.35, 57976.0], [4194.3, 48806.0], [4194.25, 13243.0], [4194.2, 152482.0], [4194.15, 19597.0], [4194.0, 67.0], [4193.95, 3965.0], [4193.9, 13215.0], [4193.75, 12557.0]], "asks": [[4195.35, 21.0], [4195.45, 2.0], [4195.75, 34.0], [4195.8, 40215.0], [4195.95, 4784.0], [4196.0, 157.0], [4196.15, 3963.0], [4196.2, 13209.0], [4196.25, 88066.0], [4196.3, 144000.0], [4196.35, 9523.0], [4196.4, 4931.0], [4196.45, 13936.0], [4196.5, 6649.0], [4196.6, 15525.0], [4196.65, 25000.0], [4196.75, 18415.0], [4196.8, 4917.0], [4196.85, 13386.0], [4196.95, 2924.0]]}}}
{"jsonrpc": "2.0", "method": "subscription", "params": {"channel": "book.ETH-PERPETUAL.none.20.100ms", "data": {"timestamp": 1759208954424, "change_id": 88690861133, "instrument_name": "ETH-PERPETUAL", "bids": [[4195.3, 69297.0], [4195.2, 7800.0], [4195.15, 52291.0], [4195.05, 161482.0], [4195.0, 50000.0], [4194.75, 63.0], [4194.65, 3003.0], [4194.6, 9740.0], [4194.55, 15000.0], [4194.5, 18390.0], [4194.4, 1088.0], [4194.35, 57976.0], [4194.3, 48806.0], [4194.25, 13243.0], [4194.2, 152482.0], [4194.15, 19597.0], [4194.0, 67.0], [4193.95, 3965.0], [4193.9, 13215.0], [4193.75, 12557.0]], "asks": [[4195.35, 21.0], [4195.45, 2.0], [4195.75, 34.0], [4195.8, 40215.0], [4196.0, 157.0], [4196.15, 8747.0], [4196.2, 13209.0], [4196.25, 88066.0], [4196.3, 144000.0], [4196.35, 9523.0], [4196.4, 4931.0], [4196.45, 13936.0], [4196.5, 6649.0], [4196.6, 15525.0], [4196.65, 25000.0], [4196.75, 18415.0], [4196.8, 4917.0], [4196.85, 13386.0], [4196.95, 2924.0], [4197.05, 24619.0]]}}}
{"jsonrpc": "2.0", "method": "subscription", "params": {"channel": "book.ETH-PERPETUAL.none.20.100ms", "data": {"timestamp": 1759208954719, "change_id": 88690861318, "instrument_name": "ETH-PERPETUAL", "bids": [[4195.3, 77889.0], [4195.2, 7800.0], [4195.15, 52291.0], [4195.05, 161482.0], [4194.75, 63.0], [4194.65, 3003.0], [4194.6, 24126.0], [4194.55, 15000.0], [4194.5, 68390.0], [4194.4, 1088.0], [4194.35, 57976.0], [4194.3, 48806.0], [4194.25, 13243.0], [4194.2, 152482.0], [4194.15, 19597.0], [4194.0, 67.0], [4193.95, 3965.0], [4193.9, 13215.0], [4193.75, 12557.0], [4193.7, 32240.0]], "asks": [[4195.35, 21.0], [4195.45, 2.0], [4195.75, 34.0], [4195.8, 40215.0], [4196.0, 157.0], [4196.15, 8747.0], [4196.2, 13209.0], [4196.25, 88066.0], [4196.3, 144000.0], [4196.35, 9523.0], [4196.4, 4931.0], [4196.45, 13936.0], [4196.5, 6649.0], [4196.6, 15525.0], [4196.65, 25000.0], [4196.75, 18415.0], [4196.8, 4917.0], [4196.85, 13386.0], [4196.95, 2924.0], [4197.05, 24619.0]]}}}
{"jsonrpc": "2.0", "method": "subscription", "params": {"channel": "book.ETH-PERPETUAL.none.20.100ms", "data": {"timestamp": 1759208955031, "change_id": 88690861682, "instrument_name": "ETH-PERPETUAL", "bids": [[4195.3, 77973.0], [4195.2, 7800.0], [4195.15, 52291.0], [4195.05, 161482.0], [4195.0, 50000.0], [4194.75, 63.0], [4194.65, 3003.0], [4194.6, 9740.0], [4194.55, 15000.0], [4194.5, 18390.0], [4194.4, 1088.0], [4194.35, 57976.0], [4194.3, 48806.0], [4194.25, 13243.0], [4194.2, 152482.0], [4194.15, 19597.0], [4194.0, 67.0], [4193.95, 3965.0], [4193.9, 13215.0], [4193.75, 12557.0]], "asks": [[4195.35, 21.0], [4195.45, 2.0], [4195.75, 34.0], [4195.8, 40215.0], [4196.0, 157.0], [4196.15, 8747.0], [4196.2, 13209.0], [4196.25, 88066.0], [4196.3, 144000.0], [4196.35, 6599.0], [4196.4, 4931.0], [4196.45, 13936.0], [4196.5, 6649.0], [4196.6, 15525.0], [4196.65, 25000.0], [4196.75, 18415.0], [4196.8, 4917.0], [4196.85, 13386.0], [4196.95, 2924.0], [4197.05, 24619.0]]}}}
{"jsonrpc": "2.0", "method": "subscription", "params": {"channel": "book.ETH-PERPETUAL.none.20.100ms", "data": {"timestamp": 1759208955408, "change_id": 88690862093, "instrument_name": "ETH-PERPETUAL", "bids": [[4195.3, 69189.0], [4195.2, 7800.0], [4195.15, 52291.0], [4195.05, 161482.0], [4194.75, 63.0], [4194.65, 3003.0], [4194.6, 24126.0], [4194.55, 15000.0], [4194.5, 68390.0], [4194.4, 1088.0], [4194.35, 57976.0], [4194.3, 48806.0], [4194.25, 13243.0], [4194.2, 152482.0], [4194.15, 19597.0], [4194.0, 67.0], [4193.95, 3965.0], [4193.9, 13215.0], [4193.75, 12557.0], [4193.7, 32240.0]], "asks": [[4195.35, 21.0], [4195.45, 2.0], [4195.75, 34.0], [4195.8, 40215.0], [4196.0, 157.0], [4196.15, 8747.0], [4196.2, 13209.0], [4196.25, 88066.0], [4196.3, 144000.0], [4196.35, 6599.0], [4196.4, 4931.0], [4196.45, 13936.0], [4196.5, 6649.0], [4196.6, 15525.0], [4196.65, 25000.0], [4196.75, 18415.0], [4196.8, 4917.0], [4196.85, 13386.0], [4196.95, 2924.0], [4197.05, 24619.0]]}}}
{"jsonrpc": "2.0", "method": "subscription", "params": {"channel": "book.ETH-PERPETUAL.none.20.100ms", "data": {"timestamp": 1759208955727, "change_id": 88690862493, "instrument_name": "ETH-PERPETUAL", "bids": [[4195.3, 69920.0], [4195.2, 7800.0], [4195.15, 52291.0], [4195.05, 161482.0], [4194.75, 63.0], [4194.65, 3003.0], [4194.6, 24126.0], [4194.55, 15000.0], [4194.5, 68390.0], [4194.4, 1088.0], [4194.35, 57976.0], [4194.3, 48806.0], [4194.25, 13243.0], [4194.2, 152482.0], [4194.15, 19597.0], [4194.0, 67.0], [4193.95, 3965.0], [4193.9, 13215.0], [4193.75, 12557.0], [4193.7, 32240.0]], "asks": [[4195.35, 21.0], [4195.45, 2.0], [4195.75, 34.0], [4195.8, 40215.0], [4196.0, 157.0], [4196.15, 8747.0], [4196.2, 13209.0], [4196.25, 88066.0], [4196.3, 144000.0], [4196.35, 6599.0], [4196.4, 4931.0], [4196.45, 13936.0], [4196.5, 6649.0], [4196.6, 15525.0], [4196.65, 25000.0], [4196.75, 18415.0], [4196.8, 4917.0], [4196.85, 13386.0], [4196.95, 2924.0], [4197.05, 24619.0]]}}}
{"jsonrpc": "2.0", "method": "subscription", "params": {"channel": "book.ETH-PERPETUAL.none.20.100ms", "data": {"timestamp": 1759208956032, "change_id": 88690862822, "instrument_name": "ETH-PERPETUAL", "bids": [[4195.3, 70009.0], [4195.2, 7800.0], [4195.15, 52291.0], [4195.05, 161482.0], [4194.75, 63.0], [4194.65, 3003.0], [4194.6, 24126.0], [4194.55, 15000.0], [4194.5, 68390.0], [4194.4, 1088.0], [4194.35, 57976.0], [4194.3, 48806.0], [4194.25, 13243.0], [4194.2, 152482.0], [4194.15, 19597.0], [4194.0, 67.0], [4193.95, 3965.0], [4193.9, 13215.0], [4193.75, 12557.0], [4193.7, 32240.0]], "asks": [[4195.35, 21.0], [4195.45, 2.0], [4195.75, 34.0], [4195.8, 40215.0], [4196.0, 157.0], [4196.15, 8747.0], [4196.2, 13209.0], [4196.25, 88066.0], [4196.3, 144000.0], [4196.35, 6599.0], [4196.4, 4931.0], [4196.45, 13936.0], [4196.5, 6649.0], [4196.6, 15525.0], [4196.65, 25000.0], [4196.75, 18415.0], [4196.8, 4917.0], [4196.85, 13386.0], [4196.95, 2924.0], [4197.05, 24619.0]]}}}
{"jsonrpc": "2.0", "method": "subscription", "params": {"channel": "book.ETH-PERPETUAL.none.20.100ms", "data": {"timestamp": 1759208956372, "change_id": 88690863202, "instrument_name": "ETH-PERPETUAL", "bids": [[4195.3, 69299.0], [4195.2, 7800.0], [4195.15, 52291.0], [4195.05, 161482.0], [4194.75, 63.0], [4194.65, 3003.0], [4194.6, 24126.0], [4194.55, 15000.0], [4194.5, 68390.0], [4194.4, 1088.0], [4194.35, 57976.0], [4194.3, 48806.0], [4194.25, 13243.0], [4194.2, 152482.0], [4194.15, 19597.0], [4194.0, 67.0], [4193.95, 3965.0], [4193.9, 13215.0], [4193.75, 12557.0], [4193.7, 32240.0]], "asks": [[4195.35, 21.0], [4195.45, 2.0], [4195.75, 34.0], [4195.8, 40215.0], [4196.0, 157.0], [4196.15, 8747.0], [4196.2, 13209.0], [4196.25, 88066.0], [4196.3, 144000.0], [4196.35, 6599.0], [4196.4, 4931.0], [4196.45, 13936.0], [4196.5, 6649.0], [4196.6, 15525.0], [4196.65, 25000.0], [4196.75, 18415.0], [4196.8, 4917.0], [4196.85, 13386.0], [4196.95, 2924.0], [4197.05, 24619.0]]}}}
{"jsonrpc": "2.0", "method": "subscription", "params": {"channel": "book.ETH-PERPETUAL.none.20.100ms", "data": {"timestamp": 1759208956734, "change_id": 88690864001, "instrument_name": "ETH-PERPETUAL", "bids": [[4195.3, 69988.0], [4195.15, 52291.0], [4195.05, 161482.0], [4194.75, 63.0], [4194.65, 3003.0], [4194.6, 24126.0], [4194.55, 15000.0], [4194.5, 68390.0], [4194.4, 1088.0], [4194.35, 57976.0], [4194.3, 48806.0], [4194.25, 13243.0], [4194.2, 152482.0], [4194.15, 18403.0], [4194.0, 67.0], [4193.95, 3965.0], [4193.9, 13215.0], [4193.75, 12557.0], [4193.7, 32240.0], [4193.55, 20189.0]], "asks": [[4195.35, 21.0], [4195.45, 2.0], [4195.75, 34.0], [4196.0, 157.0], [4196.05, 22458.0], [4196.25, 18409.0], [4196.35, 6599.0], [4196.4, 153715.0], [4196.45, 13887.0], [4196.5, 25022.0], [4196.6, 5525.0], [4196.75, 18415.0], [4196.8, 23100.0], [4196.85, 37386.0], [4196.95, 27924.0], [4197.05, 24619.0], [4197.1, 75000.0], [4197.25, 13386.0], [4197.45, 774.0], [4197.55, 37785.0]]}}}
{"jsonrpc": "2.0", "method": "subscription", "params": {"channel": "book.ETH-PERPETUAL.none.20.100ms", "data": {"timestamp": 1759208957047, "change_id": 88690864340, "instrument_name": "ETH-PERPETUAL", "bids": [[4195.3, 119939.0], [4195.15, 52291.0], [4195.05, 162570.0], [4194.9, 1194.0], [4194.75, 63.0], [4194.65, 3003.0], [4194.6, 9740.0], [4194.55, 15000.0], [4194.5, 18390.0], [4194.35, 57976.0], [4194.3, 48806.0], [4194.25, 13243.0], [4194.2, 152482.0], [4194.15, 18403.0], [4194.0, 67.0], [4193.95, 3965.0], [4193.9, 13215.0], [4193.75, 12557.0], [4193.7, 32240.0], [4193.55, 20189.0]], "asks": [[4195.35, 21.0], [4195.45, 2.0], [4195.75, 34.0], [4196.0, 157.0], [4196.05, 22458.0], [4196.2, 4784.0], [4196.25, 18409.0], [4196.35, 6599.0], [4196.4, 148931.0], [4196.45, 13887.0], [4196.5, 25022.0], [4196.55, 24000.0], [4196.6, 5525.0], [4196.75, 18415.0], [4196.8, 16482.0], [4196.85, 13386.0], [4196.95, 27924.0], [4197.05, 24619.0], [4197.1, 75000.0], [4197.25, 13386.0]]}}}
{"jsonrpc": "2.0", "method": "subscription", "params": {"channel": "book.ETH-PERPETUAL.none.20.100ms", "data": {"timestamp": 1759208957305, "change_id": 88690864627, "instrument_name": "ETH-PERPETUAL", "bids": [[4195.3, 69243.0], [4195.15, 52291.0], [4195.05, 162570.0], [4194.9, 1194.0], [4194.75, 63.0], [4194.65, 3003.0], [4194.6, 23800.0], [4194.55, 15000.0], [4194.5, 68390.0], [4194.35, 57976.0], [4194.3, 48806.0], [4194.25, 13243.0], [4194.2, 152482.0], [4194.15, 18403.0], [4194.0, 67.0], [4193.95, 3965.0], [4193.9, 13215.0], [4193.75, 12557.0], [4193.7, 32240.0], [4193.55, 20189.0]], "asks": [[4195.35, 21.0], [4195.45, 2.0], [4195.75, 34.0], [4196.0, 157.0], [4196.05, 22458.0], [4196.2, 4784.0], [4196.25, 18409.0], [4196.35, 6599.0], [4196.4, 148931.0], [4196.45, 13887.0], [4196.5, 25022.0], [4196.55, 24000.0], [4196.6, 12349.0], [4196.75, 18415.0], [4196.8, 29942.0], [4196.85, 13386.0], [4196.95, 2924.0], [4197.05, 24619.0], [4197.1, 75000.0], [4197.25, 13386.0]]}}}
{"jsonrpc": "2.0", "method": "subscription", "params": {"channel": "book.ETH-PERPETUAL.none.20.100ms", "data": {"timestamp": 1759208957718, "change_id": 88690865070, "instrument_name": "ETH-PERPETUAL", "bids": [[4195.3, 87526.0], [4195.15, 52291.0], [4195.05, 162570.0], [4194.9, 1194.0], [4194.75, 63.0], [4194.65, 3003.0], [4194.6, 23800.0], [4194.55, 15000.0], [4194.5, 68390.0], [4194.35, 57976.0], [4194.3, 48806.0], [4194.25, 13243.0], [4194.2, 152482.0], [4194.15, 18403.0], [4194.0, 67.0], [4193.95, 3965.0], [4193.9, 13215.0], [4193.75, 12557.0], [4193.7, 32240.0], [4193.55, 6056.0]], "asks": [[4195.35, 21.0], [4195.45, 2.0], [4195.75, 34.0], [4196.0, 157.0], [4196.05, 22458.0], [4196.2, 4784.0], [4196.25, 18409.0], [4196.35, 6599.0], [4196.4, 148931.0], [4196.45, 13887.0], [4196.5, 25022.0], [4196.55, 24000.0], [4196.6, 12349.0], [4196.75, 18415.0], [4196.8, 32442.0], [4196.85, 13386.0], [4196.95, 2924.0], [4197.05, 24619.0], [4197.1, 72500.0], [4197.25, 13386.0]]}}}
{"jsonrpc": "2.0", "method": "subscription", "params": {"channel": "book.ETH-PERPETUAL.none.20.100ms", "data": {"timestamp": 1759208958059, "change_id": 88690865495, "instrument_name": "ETH-PERPETUAL", "bids": [[4195.3, 69229.0], [4195.15, 47507.0], [4195.05, 162570.0], [4194.9, 1194.0], [4194.75, 63.0], [4194.65, 3003.0], [4194.6, 23800.0], [4194.55, 15000.0], [4194.5, 68390.0], [4194.35, 57976.0], [4194.3, 15042.0], [4194.25, 13243.0], [4194.2, 152482.0], [4194.15, 18403.0], [4194.0, 67.0], [4193.95, 3965.0], [4193.9, 13215.0], [4193.75, 12557.0], [4193.7, 32240.0], [4193.55, 6056.0]], "asks": [[4195.35, 21.0], [4195.45, 2.0], [4195.75, 34.0], [4196.0, 157.0], [4196.05, 22458.0], [4196.2, 4784.0], [4196.25, 18409.0], [4196.35, 49799.0], [4196.4, 162256.0], [4196.45, 13887.0], [4196.5, 25022.0], [4196.55, 24000.0], [4196.6, 12349.0], [4196.75, 18415.0], [4196.8, 32442.0], [4196.85, 13386.0], [4196.95, 2924.0], [4197.05, 24619.0], [4197.1, 72500.0], [4197.25, 13386.0]]}}}
{"jsonrpc": "2.0", "method": "subscription", "params": {"channel": "book.ETH-PERPETUAL.none.20.100ms", "data": {"timestamp": 1759208958338, "change_id": 88690865821, "instrument_name": "ETH-PERPETUAL", "bids": [[4195.3, 74009.0], [4195.15, 47507.0], [4195.05, 162570.0], [4195.0, 50000.0], [4194.9, 1194.0], [4194.75, 63.0], [4194.65, 3003.0], [4194.6, 18929.0], [4194.55, 15000.0], [4194.5, 52155.0], [4194.35, 57976.0], [4194.3, 15042.0], [4194.25, 13243.0], [4194.2, 152482.0], [4194.15, 18403.0], [4194.0, 67.0], [4193.95, 3965.0], [4193.9, 13215.0], [4193.75, 12557.0], [4193.7, 32240.0]], "asks": [[4195.35, 21.0], [4195.45, 2.0], [4195.75, 34.0], [4196.0, 157.0], [4196.05, 22458.0], [4196.2, 4784.0], [4196.25, 18409.0], [4196.35, 49799.0], [4196.4, 162256.0], [4196.45, 13887.0], [4196.5, 25022.0], [4196.55, 24000.0], [4196.6, 12349.0], [4196.75, 18415.0], [4196.8, 32442.0], [4196.85, 13386.0], [4196.95, 2924.0], [4197.05, 24619.0], [4197.1, 72500.0], [4197.25, 13386.0]]}}}
{"jsonrpc": "2.0", "method": "subscription", "params": {"channel": "book.ETH-PERPETUAL.none.20.100ms", "data": {"timestamp": 1759208958684, "change_id": 88690866264, "instrument_name": "ETH-PERPETUAL", "bids": [[4195.3, 82158.0], [4195.15, 47507.0], [4195.05, 162570.0], [4195.0, 50000.0], [4194.9, 1194.0], [4194.75, 63.0], [4194.65, 3003.0], [4194.6, 18929.0], [4194.55, 15000.0], [4194.5, 52155.0], [4194.35, 57976.0], [4194.3, 15042.0], [4194.25, 13243.0], [4194.2, 152482.0], [4194.15, 18403.0], [4194.0, 67.0], [4193.95, 3965.0], [4193.9, 13215.0], [4193.75, 12557.0], [4193.7, 32240.0]], "asks": [[4195.35, 21.0], [4195.45, 2.0], [4195.75, 34.0], [4196.0, 157.0], [4196.05, 22458.0], [4196.2, 4784.0], [4196.25, 18409.0], [4196.35, 49799.0], [4196.4, 162256.0], [4196.45, 13887.0], [4196.5, 25022.0], [4196.55, 24000.0], [4196.6, 12349.0], [4196.75, 18415.0], [4196.8, 32442.0], [4196.85, 13386.0], [4196.95, 2924.0], [4197.05, 24619.0], [4197.1, 72500.0], [4197.25, 13386.0]]}}}
{"jsonrpc": "2.0", "method": "subscription", "params": {"channel": "book.ETH-PERPETUAL.none.20.100ms", "data": {"timestamp": 1759208959032, "change_id": 88690866693, "instrument_name": "ETH-PERPETUAL", "bids": [[4195.3, 82160.0], [4195.15, 47507.0], [4195.05, 162570.0], [4194.9, 1194.0], [4194.75, 63.0], [4194.65, 3003.0], [4194.6, 32780.0], [4194.55, 15000.0], [4194.5, 102155.0], [4194.35, 57976.0], [4194.3, 15042.0], [4194.25, 13243.0], [4194.2, 152482.0], [4194.15, 18403.0], [4194.0, 67.0], [4193.95, 3965.0], [4193.9, 13215.0], [4193.75, 12557.0], [4193.7, 32240.0], [4193.6, 21023.0]], "asks": [[4195.35, 21.0], [4195.45, 2.0], [4195.75, 34.0], [4196.0, 157.0], [4196.05, 22458.0], [4196.2, 4784.0], [4196.25, 18409.0], [4196.35, 49799.0], [4196.4, 162256.0], [4196.45, 13887.0], [4196.5, 25022.0], [4196.55, 24000.0], [4196.6, 12349.0], [4196.75, 18415.0], [4196.8, 32442.0], [4196.85, 13386.0], [4196.95, 2924.0], [4197.05, 24619.0], [4197.1, 72500.0], [4197.25, 13386.0]]}}}
{"jsonrpc": "2.0", "method": "subscription", "params": {"channel": "book.ETH-PERPETUAL.none.20.100ms", "data": {"timestamp": 1759208959151, "change_id": 88690866902, "instrument_name": "ETH-PERPETUAL", "bids": [[4195.3, 73561.0], [4195.15, 47507.0], [4195.05, 162570.0], [4194.9, 1194.0], [4194.75, 63.0], [4194.65, 3003.0], [4194.6, 32780.0], [4194.55, 15000.0], [4194.5, 102155.0], [4194.35, 57976.0], [4194.3, 15042.0], [4194.25, 13243.0], [4194.2, 152482.0], [4194.15, 18403.0], [4194.0, 67.0], [4193.95, 3965.0], [4193.9, 13215.0], [4193.75, 12557.0], [4193.7, 32240.0], [4193.6, 21023.0]], "asks": [[4195.35, 21.0], [4195.45, 2.0], [4195.75, 34.0], [4196.0, 157.0], [4196.05, 22458.0], [4196.2, 4784.0], [4196.25, 18409.0], [4196.35, 49799.0], [4196.4, 162256.0], [4196.45, 13887.0], [4196.5, 25022.0], [4196.55, 24000.0], [4196.6, 12349.0], [4196.75, 18415.0], [4196.8, 32442.0], [4196.85, 13386.0], [4196.95, 2924.0], [4197.05, 24619.0], [4197.1, 72500.0], [4197.25, 13386.0]]}}}
{"jsonrpc": "2.0", "method": "subscription", "params": {"channel": "book.ETH-PERPETUAL.none.20.100ms", "data": {"timestamp": 1759208959690, "change_id": 88690867399, "instrument_name": "ETH-PERPETUAL", "bids": [[4195.3, 73554.0], [4195.15, 47507.0], [4195.05, 162570.0], [4194.9, 1194.0], [4194.75, 63.0], [4194.65, 3003.0], [4194.6, 32628.0], [4194.55, 15000.0], [4194.5, 102155.0], [4194.35, 57976.0], [4194.3, 15042.0], [4194.25, 13243.0], [4194.2, 152482.0], [4194.15, 18403.0], [4194.0, 67.0], [4193.95, 3965.0], [4193.9, 13215.0], [4193.75, 12557.0], [4193.7, 32240.0], [4193.6, 21023.0]], "asks": [[4195.35, 21.0], [4195.45, 2.0], [4195.75, 34.0], [4196.0, 157.0], [4196.05, 22458.0], [4196.2, 4784.0], [4196.25, 18409.0], [4196.35, 49799.0], [4196.4, 162256.0], [4196.45, 13887.0], [4196.5, 25022.0], [4196.55, 24000.0], [4196.6, 12349.0], [4196.75, 18415.0], [4196.8, 32442.0], [4196.85, 13386.0], [4196.95, 2924.0], [4197.05, 24619.0], [4197.1, 72500.0], [4197.25, 13386.0]]}}}
{"jsonrpc": "2.0", "method": "subscription", "params": {"channel": "book.ETH-PERPETUAL.none.20.100ms", "data": {"timestamp": 1759208960050, "change_id": 88690867781, "instrument_name": "ETH-PERPETUAL", "bids": [[4195.3, 73561.0], [4195.15, 47507.0], [4195.05, 162570.0], [4195.0, 50000.0], [4194.9, 1194.0], [4194.75, 63.0], [4194.65, 3003.0], [4194.6, 20147.0], [4194.55, 15000.0], [4194.5, 52155.0], [4194.35, 57976.0], [4194.3, 15042.0], [4194.25, 13243.0], [4194.2, 152482.0], [4194.15, 18403.0], [4194.0, 67.0], [4193.95, 3965.0], [4193.9, 13215.0], [4193.75, 12557.0], [4193.7, 32240.0]], "asks": [[4195.35, 21.0], [4195.45, 2.0], [4195.75, 34.0], [4196.0, 157.0], [4196.05, 22458.0], [4196.2, 4784.0], [4196.25, 18409.0], [4196.35, 49799.0], [4196.4, 162256.0], [4196.45, 13887.0], [4196.5, 25022.0], [4196.55, 24000.0], [4196.6, 13099.0], [4196.7, 25000.0], [4196.75, 18415.0], [4196.8, 7442.0], [4196.85, 13386.0], [4196.95, 2924.0], [4197.05, 24619.0], [4197.1, 72500.0]]}}}
{"jsonrpc": "2.0", "method": "subscription", "params": {"channel": "book.ETH-PERPETUAL.none.20.100ms", "data": {"timestamp": 1759208960300, "change_id": 88690868123, "instrument_name": "ETH-PERPETUAL", "bids": [[4195.3, 73565.0], [4195.15, 47507.0], [4195.05, 162570.0], [4195.0, 50000.0], [4194.9, 1194.0], [4194.75, 63.0], [4194.65, 3003.0], [4194.6, 20147.0], [4194.55, 15000.0], [4194.5, 52155.0], [4194.35, 57976.0], [4194.3, 15042.0], [4194.25, 13243.0], [4194.2, 152482.0], [4194.15, 18403.0], [4194.0, 67.0], [4193.95, 3965.0], [4193.9, 13215.0], [4193.75, 12557.0], [4193.7, 32240.0]], "asks": [[4195.35, 21.0], [4195.45, 2.0], [4195.75, 34.0], [4196.0, 157.0], [4196.05, 22458.0], [4196.2, 4784.0], [4196.25, 18409.0], [4196.35, 49799.0], [4196.4, 162256.0], [4196.45, 13887.0], [4196.5, 25022.0], [4196.55, 24000.0], [4196.6, 13099.0], [4196.7, 25000.0], [4196.75, 18415.0], [4196.8, 7442.0], [4196.85, 13386.0], [4196.95, 2924.0], [4197.05, 24619.0], [4197.1, 72500.0]]}}}
{"jsonrpc": "2.0", "method": "subscription", "params": {"channel": "book.ETH-PERPETUAL.none.20.100ms", "data": {"timestamp": 1759208960707, "change_id": 88690868527, "instrument_name": "ETH-PERPETUAL", "bids": [[4195.3, 73567.0], [4195.15, 47507.0], [4195.05, 162570.0], [4195.0, 50000.0], [4194.9, 1194.0], [4194.75, 63.0], [4194.65, 3003.0], [4194.6, 20147.0], [4194.55, 15000.0], [4194.5, 52155.0], [4194.35, 57976.0], [4194.3, 15042.0], [4194.25, 13243.0], [4194.2, 152482.0], [4194.15, 18403.0], [4194.0, 67.0], [4193.95, 3965.0], [4193.9, 13215.0], [4193.75, 12557.0], [4193.7, 32240.0]], "asks": [[4195.35, 21.0], [4195.45, 2.0], [4195.75, 34.0], [4196.0, 157.0], [4196.05, 22458.0], [4196.2, 4784.0], [4196.25, 18409.0], [4196.35, 49799.0], [4196.4, 162256.0], [4196.45, 13887.0], [4196.5, 25022.0], [4196.55, 24000.0], [4196.6, 13099.0], [4196.7, 25000.0], [4196.75, 18415.0], [4196.8, 7442.0], [4196.85, 13386.0], [4196.95, 2924.0], [4197.05, 24619.0], [4197.1, 72500.0]]}}}
{"jsonrpc": "2.0", "method": "subscription", "params": {"channel": "book.ETH-PERPETUAL.none.20.100ms", "data": {"timestamp": 1759208961033, "change_id": 88690869093, "instrument_name": "ETH-PERPETUAL", "bids": [[4195.3, 73033.0], [4195.15, 47507.0], [4195.05, 162570.0], [4194.9, 1194.0], [4194.75, 63.0], [4194.65, 3003.0], [4194.6, 32628.0], [4194.55, 15000.0], [4194.5, 102155.0], [4194.35, 57976.0], [4194.3, 15042.0], [4194.25, 13243.0], [4194.2, 152482.0], [4194.15, 18403.0], [4194.0, 67.0], [4193.95, 3965.0], [4193.9, 13215.0], [4193.75, 12557.0], [4193.7, 32240.0], [4193.6, 21063.0]], "asks": [[4195.35, 21.0], [4195.45, 2.0], [4195.75, 34.0], [4196.0, 157.0], [4196.2, 4784.0], [4196.25, 46273.0], [4196.35, 6599.0], [4196.4, 53491.0], [4196.45, 157887.0], [4196.5, 25022.0], [4196.6, 5525.0], [4196.7, 25000.0], [4196.8, 17038.0], [4196.85, 13386.0], [4196.9, 24000.0], [4196.95, 23782.0], [4197.05, 24619.0], [4197.1, 72500.0], [4197.25, 13386.0], [4197.5, 20005.0]]}}}
{"jsonrpc": "2.0", "method": "subscription", "params": {"channel": "book.ETH-PERPETUAL.none.20.100ms", "data": {"timestamp": 1759208961276, "change_id": 88690869465, "instrument_name": "ETH-PERPETUAL", "bids": [[4195.3, 73483.0], [4195.15, 47507.0], [4195.05, 162570.0], [4194.9, 1194.0], [4194.75, 63.0], [4194.65, 3003.0], [4194.6, 32628.0], [4194.55, 15000.0], [4194.5, 102155.0], [4194.35, 57976.0], [4194.3, 15042.0], [4194.25, 13243.0], [4194.2, 152482.0], [4194.15, 18403.0], [4194.0, 67.0], [4193.95, 3965.0], [4193.9, 13215.0], [4193.75, 12557.0], [4193.7, 32240.0], [4193.6, 21063.0]], "asks": [[4195.35, 21.0], [4195.45, 2.0], [4195.75, 34.0], [4196.0, 157.0], [4196.25, 46273.0], [4196.3, 4784.0], [4196.35, 6599.0], [4196.4, 54873.0], [4196.45, 157887.0], [4196.5, 25022.0], [4196.65, 7515.0], [4196.7, 25000.0], [4196.8, 17038.0], [4196.85, 13386.0], [4196.9, 24000.0], [4196.95, 23782.0], [4197.05, 24619.0], [4197.1, 72500.0], [4197.2, 4016.0], [4197.25, 13386.0]]}}}
{"jsonrpc": "2.0", "method": "subscription", "params": {"channel": "book.ETH-PERPETUAL.none.20.100ms", "data": {"timestamp": 1759208961682, "change_id": 88690869911, "instrument_name": "ETH-PERPETUAL", "bids": [[4195.3, 81082.0], [4195.2, 9800.0], [4195.15, 47507.0], [4195.05, 162570.0], [4194.9, 1194.0], [4194.75, 63.0], [4194.65, 3003.0], [4194.6, 32628.0], [4194.55, 15000.0], [4194.5, 102155.0], [4194.35, 57976.0], [4194.3, 15042.0], [4194.25, 13243.0], [4194.2, 152482.0], [4194.15, 18403.0], [4194.0, 67.0], [4193.95, 3965.0], [4193.9, 13215.0], [4193.75, 12557.0], [4193.7, 32240.0]], "asks": [[4195.35, 21.0], [4195.45, 2.0], [4195.75, 34.0], [4196.0, 157.0], [4196.25, 46273.0], [4196.3, 4784.0], [4196.35, 6599.0], [4196.4, 54873.0], [4196.45, 157887.0], [4196.5, 25022.0], [4196.6, 24000.0], [4196.65, 7515.0], [4196.7, 25000.0], [4196.8, 4942.0], [4196.85, 13386.0], [4196.95, 23782.0], [4197.05, 24619.0], [4197.1, 72500.0], [4197.2, 4016.0], [4197.25, 13386.0]]}}}
{"jsonrpc": "2.0", "method": "subscription", "params": {"channel": "book.ETH-PERPETUAL.none.20.100ms", "data": {"timestamp": 1759208962018, "change_id": 88690870328, "instrument_name": "ETH-PERPETUAL", "bids": [[4195.3, 73471.0], [4195.2, 9800.0], [4195.15, 47507.0], [4195.05, 162570.0], [4194.9, 1194.0], [4194.75, 63.0], [4194.65, 3003.0], [4194.6, 32628.0], [4194.55, 15000.0], [4194.5, 102155.0], [4194.35, 57976.0], [4194.3, 15042.0], [4194.25, 13243.0], [4194.2, 152482.0], [4194.15, 18403.0], [4194.0, 67.0], [4193.95, 3965.0], [4193.9, 13215.0], [4193.75, 12557.0], [4193.7, 32240.0]], "asks": [[4195.35, 21.0], [4195.45, 2.0], [4195.75, 34.0], [4196.0, 157.0], [4196.25, 46273.0], [4196.3, 4784.0], [4196.35, 6599.0], [4196.4, 54873.0], [4196.45, 157887.0], [4196.5, 25022.0], [4196.6, 24000.0], [4196.8, 4942.0], [4196.85, 38386.0], [4196.95, 23782.0], [4197.05, 24619.0], [4197.1, 72500.0], [4197.2, 4016.0], [4197.25, 13386.0], [4197.55, 37785.0], [4197.6, 6791.0]]}}}
{"jsonrpc": "2.0", "method": "subscription", "params": {"channel": "book.ETH-PERPETUAL.none.20.100ms", "data": {"timestamp": 1759208962344, "change_id": 88690870637, "instrument_name": "ETH-PERPETUAL", "bids": [[4195.3, 125775.0], [4195.2, 9800.0], [4195.15, 47507.0], [4195.05, 162570.0], [4194.9, 1194.0], [4194.75, 63.0], [4194.65, 3003.0], [4194.6, 20147.0], [4194.55, 15000.0], [4194.5, 52155.0], [4194.35, 57976.0], [4194.3, 15042.0], [4194.25, 13243.0], [4194.2, 152482.0], [4194.15, 18403.0], [4194.0, 67.0], [4193.95, 3965.0], [4193.9, 13215.0], [4193.75, 12557.0], [4193.7, 32240.0]], "asks": [[4195.35, 21.0], [4195.45, 2.0], [4195.75, 34.0], [4196.0, 157.0], [4196.25, 46273.0], [4196.3, 4784.0], [4196.35, 6599.0], [4196.4, 54873.0], [4196.45, 157887.0], [4196.5, 25022.0], [4196.6, 24000.0], [4196.8, 4942.0], [4196.85, 38386.0], [4196.95, 23782.0], [4197.05, 24619.0], [4197.1, 72500.0], [4197.2, 4016.0], [4197.25, 13386.0], [4197.55, 37785.0], [4197.6, 6791.0]]}}}
{"jsonrpc": "2.0", "method": "subscription", "params": {"channel": "book.ETH-PERPETUAL.none.20.100ms", "data": {"timestamp": 1759208962684, "change_id": 88690871035, "instrument_name": "ETH-PERPETUAL", "bids": [[4195.3, 87074.0], [4195.2, 9800.0], [4195.15, 47507.0], [4195.05, 162570.0], [4195.0, 50000.0], [4194.9, 1194.0], [4194.75, 63.0], [4194.65, 3003.0], [4194.6, 20147.0], [4194.55, 15000.0], [4194.5, 52155.0], [4194.35, 57976.0], [4194.3, 15042.0], [4194.25, 13243.0], [4194.2, 152482.0], [4194.15, 18403.0], [4194.0, 67.0], [4193.95, 3965.0], [4193.9, 13215.0], [4193.75, 12557.0]], "asks": [[4195.35, 21.0], [4195.75, 34.0], [4196.0, 157.0], [4196.05, 2.0], [4196.25, 46273.0], [4196.3, 4784.0], [4196.35, 6599.0], [4196.4, 54873.0], [4196.45, 157887.0], [4196.5, 25022.0], [4196.6, 24000.0], [4196.8, 4942.0], [4196.85, 38386.0], [4196.95, 23782.0], [4197.05, 24619.0], [4197.1, 72500.0], [4197.2, 4016.0], [4197.25, 13386.0], [4197.55, 37785.0], [4197.6, 6791.0]]}}}
{"jsonrpc": "2.0", "method": "subscription", "params": {"channel": "book.ETH-PERPETUAL.none.20.100ms", "data": {"timestamp": 1759208963020, "change_id": 88690871411, "instrument_name": "ETH-PERPETUAL", "bids": [[4195.3, 87600.0], [4195.2, 9800.0], [4195.15, 47507.0], [4195.05, 162570.0], [4194.9, 1194.0], [4194.75, 63.0], [4194.65, 3003.0], [4194.6, 32628.0], [4194.55, 15000.0], [4194.5, 102155.0], [4194.35, 57976.0], [4194.3, 15042.0], [4194.25, 13243.0], [4194.2, 152482.0], [4194.15, 18403.0], [4194.0, 67.0], [4193.95, 3965.0], [4193.9, 13215.0], [4193.75, 12557.0], [4193.7, 32240.0]], "asks": [[4195.35, 21.0], [4195.75, 34.0], [4196.0, 157.0], [4196.05, 2.0], [4196.25, 46273.0], [4196.3, 4784.0], [4196.35, 6599.0], [4196.4, 54873.0], [4196.45, 157887.0], [4196.5, 25022.0], [4196.6, 24000.0], [4196.8, 18088.0], [4196.85, 38386.0], [4196.95, 23782.0], [4197.05, 24619.0], [4197.1, 72500.0], [4197.2, 4016.0], [4197.25, 13386.0], [4197.55, 37785.0], [4197.6, 6791.0]]}}}
{"jsonrpc": "2.0", "method": "subscription", "params": {"channel": "book.ETH-PERPETUAL.none.20.100ms", "data": {"timestamp": 1759208963346, "change_id": 88690871767, "instrument_name": "ETH-PERPETUAL", "bids": [[4195.3, 88908.0], [4195.2, 9800.0], [4195.15, 47507.0], [4195.05, 162570.0], [4194.9, 1194.0], [4194.75, 63.0], [4194.65, 3003.0], [4194.6, 32628.0], [4194.55, 15000.0], [4194.5, 102155.0], [4194.35, 57976.0], [4194.3, 15042.0], [4194.25, 13243.0], [4194.2, 152482.0], [4194.15, 18403.0], [4194.0, 67.0], [4193.95, 3965.0], [4193.9, 13215.0], [4193.75, 12557.0], [4193.7, 32240.0]], "asks": [[4195.35, 21.0], [4195.75, 34.0], [4196.0, 157.0], [4196.05, 2.0], [4196.25, 27864.0], [4196.3, 4784.0], [4196.35, 6599.0], [4196.4, 54873.0], [4196.45, 157887.0], [4196.5, 25022.0], [4196.6, 24000.0], [4196.8, 18088.0], [4196.85, 38386.0], [4196.95, 23782.0], [4197.05, 24619.0], [4197.1, 72500.0], [4197.2, 4016.0], [4197.25, 13386.0], [4197.55, 37785.0], [4197.6, 6791.0]]}}}
{"jsonrpc": "2.0", "method": "subscription", "params": {"channel": "book.ETH-PERPETUAL.none.20.100ms", "data": {"timestamp": 1759208963687, "change_id": 88690872184, "instrument_name": "ETH-PERPETUAL", "bids": [[4195.3, 88399.0], [4195.2, 9800.0], [4195.15, 47507.0], [4195.05, 162570.0], [4194.9, 1194.0], [4194.75, 63.0], [4194.65, 3003.0], [4194.6, 32628.0], [4194.55, 15000.0], [4194.5, 102155.0], [4194.35, 57976.0], [4194.3, 15042.0], [4194.25, 13243.0], [4194.2, 152482.0], [4194.15, 18403.0], [4194.0, 67.0], [4193.95, 3965.0], [4193.9, 13215.0], [4193.75, 12557.0], [4193.7, 32240.0]], "asks": [[4195.35, 21.0], [4195.75, 34.0], [4196.0, 157.0], [4196.05, 2.0], [4196.25, 27864.0], [4196.3, 4784.0], [4196.35, 6599.0], [4196.4, 54873.0], [4196.45, 157887.0], [4196.5, 25022.0], [4196.6, 24000.0], [4196.8, 18088.0], [4196.85, 38386.0], [4196.95, 23782.0], [4197.05, 24619.0], [4197.1, 72500.0], [4197.2, 4016.0], [4197.25, 13386.0], [4197.55, 37785.0], [4197.6, 6791.0]]}}}
{"jsonrpc": "2.0", "method": "subscription", "params": {"channel": "book.ETH-PERPETUAL.none.20.100ms", "data": {"timestamp": 1759208964008, "change_id": 88690872559, "instrument_name": "ETH-PERPETUAL", "bids": [[4195.3, 88382.0], [4195.2, 9800.0], [4195.15, 47507.0], [4195.05, 162570.0], [4194.9, 1194.0], [4194.75, 63.0], [4194.65, 3003.0], [4194.6, 32628.0], [4194.55, 15000.0], [4194.5, 102155.0], [4194.35, 57976.0], [4194.3, 15042.0], [4194.25, 13243.0], [4194.2, 152482.0], [4194.15, 18403.0], [4194.0, 67.0], [4193.95, 3965.0], [4193.9, 13215.0], [4193.75, 12557.0], [4193.7, 32240.0]], "asks": [[4195.35, 21.0], [4195.75, 34.0], [4196.0, 157.0], [4196.05, 2.0], [4196.25, 27864.0], [4196.3, 4784.0], [4196.35, 6599.0], [4196.4, 54873.0], [4196.45, 157887.0], [4196.5, 25022.0], [4196.6, 24000.0], [4196.8, 18088.0], [4196.85, 38386.0], [4196.95, 23782.0], [4197.05, 24619.0], [4197.1, 72500.0], [4197.2, 4016.0], [4197.25, 13386.0], [4197.55, 37785.0], [4197.6, 6791.0]]}}}
{"jsonrpc": "2.0", "method": "subscription", "params": {"channel": "book.ETH-PERPETUAL.none.20.100ms", "data": {"timestamp": 1759208964309, "change_id": 88690872870, "instrument_name": "ETH-PERPETUAL", "bids": [[4195.3, 86070.0], [4195.2, 9800.0], [4195.15, 47507.0], [4195.05, 162570.0], [4194.9, 1194.0], [4194.75, 63.0], [4194.65, 3003.0], [4194.6, 32628.0], [4194.55, 15000.0], [4194.5, 102155.0], [4194.35, 57976.0], [4194.3, 15042.0], [4194.25, 13243.0], [4194.2, 152482.0], [4194.15, 18403.0], [4194.0, 67.0], [4193.95, 3965.0], [4193.9, 13215.0], [4193.75, 12557.0], [4193.7, 32240.0]], "asks": [[4195.35, 21.0], [4195.75, 34.0], [4196.0, 157.0], [4196.05, 2.0], [4196.25, 27864.0], [4196.3, 4784.0], [4196.35, 6599.0], [4196.4, 54873.0], [4196.45, 157887.0], [4196.5, 25022.0], [4196.6, 24000.0], [4196.8, 18088.0], [4196.85, 38386.0], [4196.95, 23782.0], [4197.05, 24619.0], [4197.1, 72500.0], [4197.2, 4016.0], [4197.25, 13386.0], [4197.55, 37785.0], [4197.6, 6791.0]]}}}
{"jsonrpc": "2.0", "method": "subscription", "params": {"channel": "book.ETH-PERPETUAL.none.20.100ms", "data": {"timestamp": 1759208964676, "change_id": 88690873351, "instrument_name": "ETH-PERPETUAL", "bids": [[4195.3, 85692.0], [4195.2, 9800.0], [4195.15, 47507.0], [4195.05, 162570.0], [4194.9, 1194.0], [4194.75, 63.0], [4194.65, 3003.0], [4194.6, 32628.0], [4194.55, 15000.0], [4194.5, 102155.0], [4194.35, 57976.0], [4194.3, 15042.0], [4194.25, 13243.0], [4194.2, 152482.0], [4194.15, 18403.0], [4194.0, 67.0], [4193.95, 3965.0], [4193.9, 13215.0], [4193.75, 12557.0], [4193.7, 32240.0]], "asks": [[4195.35, 21.0], [4195.75, 34.0], [4196.0, 157.0], [4196.05, 2.0], [4196.25, 27864.0], [4196.3, 4784.0], [4196.35, 6599.0], [4196.4, 54873.0], [4196.45, 157887.0], [4196.5, 25022.0], [4196.6, 24000.0], [4196.8, 18088.0], [4196.85, 38386.0], [4196.95, 23782.0], [4197.05, 24619.0], [4197.1, 72500.0], [4197.2, 4016.0], [4197.25, 13386.0], [4197.55, 37785.0], [4197.6, 6791.0]]}}}
{"jsonrpc": "2.0", "method": "subscription", "params": {"channel": "book.ETH-PERPETUAL.none.20.100ms", "data": {"timestamp": 1759208965004, "change_id": 88690873718, "instrument_name": "ETH-PERPETUAL", "bids": [[4195.3, 136035.0], [4195.25, 136445.0], [4195.2, 9800.0], [4195.15, 7500.0], [4195.05, 26088.0], [4194.9, 1194.0], [4194.75, 63.0], [4194.65, 3003.0], [4194.6, 20147.0], [4194.55, 15000.0], [4194.5, 52155.0], [4194.35, 57976.0], [4194.3, 15042.0], [4194.25, 13243.0], [4194.2, 152482.0], [4194.15, 18403.0], [4194.0, 67.0], [4193.95, 3965.0], [4193.9, 13215.0], [4193.75, 12557.0]], "asks": [[4195.35, 21.0], [4195.75, 34.0], [4196.0, 157.0], [4196.05, 2.0], [4196.25, 27864.0], [4196.3, 4784.0], [4196.35, 6599.0], [4196.4, 54873.0], [4196.45, 157887.0], [4196.5, 25022.0], [4196.6, 24000.0], [4196.8, 18088.0], [4196.85, 38386.0], [4196.95, 23782.0], [4197.05, 24619.0], [4197.1, 72500.0], [4197.2, 4016.0], [4197.25, 13386.0], [4197.55, 37785.0], [4197.6, 6791.0]]}}}
{"jsonrpc": "2.0", "method": "subscription", "params": {"channel": "book.ETH-PERPETUAL.none.20.100ms", "data": {"timestamp": 1759208965313, "change_id": 88690874050, "instrument_name": "ETH-PERPETUAL", "bids": [[4195.3, 103650.0], [4195.25, 136445.0], [4195.15, 21889.0], [4195.05, 26088.0], [4195.0, 50000.0], [4194.9, 1194.0], [4194.75, 63.0], [4194.65, 3003.0], [4194.6, 20147.0], [4194.55, 15000.0], [4194.5, 52155.0], [4194.35, 57976.0], [4194.3, 15042.0], [4194.25, 13243.0], [4194.2, 152482.0], [4194.15, 18403.0], [4194.0, 67.0], [4193.95, 3965.0], [4193.9, 13215.0], [4193.75, 12557.0]], "asks": [[4195.35, 21.0], [4195.75, 34.0], [4196.0, 157.0], [4196.05, 2.0], [4196.25, 27864.0], [4196.3, 4784.0], [4196.35, 6599.0], [4196.4, 54873.0], [4196.45, 157887.0], [4196.5, 25022.0], [4196.6, 31515.0], [4196.65, 25000.0], [4196.8, 4942.0], [4196.85, 13386.0], [4196.95, 23782.0], [4197.05, 24619.0], [4197.1, 72500.0], [4197.2, 4016.0], [4197.25, 13386.0], [4197.45, 20005.0]]}}}
{"jsonrpc": "2.0", "method": "subscription", "params": {"channel": "book.ETH-PERPETUAL.none.20.100ms", "data": {"timestamp": 1759208965581, "change_id": 88690874426, "instrument_name": "ETH-PERPETUAL", "bids": [[4195.3, 86879.0], [4195.25, 136445.0], [4195.15, 21889.0], [4195.05, 26088.0], [4195.0, 50000.0], [4194.9, 1194.0], [4194.75, 63.0], [4194.65, 3003.0], [4194.6, 20147.0], [4194.55, 15000.0], [4194.5, 52155.0], [4194.35, 57976.0], [4194.3, 15042.0], [4194.25, 13243.0], [4194.2, 152482.0], [4194.15, 18403.0], [4194.0, 67.0], [4193.95, 3965.0], [4193.9, 13215.0], [4193.75, 12557.0]], "asks": [[4195.35, 21.0], [4195.75, 34.0], [4196.0, 157.0], [4196.05, 2.0], [4196.25, 27864.0], [4196.3, 4784.0], [4196.35, 6599.0], [4196.4, 54873.0], [4196.45, 157887.0], [4196.5, 25022.0], [4196.6, 31515.0], [4196.65, 25000.0], [4196.8, 10588.0], [4196.85, 13386.0], [4196.95, 23782.0], [4197.05, 24619.0], [4197.1, 72500.0], [4197.2, 4016.0], [4197.25, 13386.0], [4197.5, 20005.0]]}}}
{"jsonrpc": "2.0", "method": "subscription", "params": {"channel": "book.ETH-PERPETUAL.none.20.100ms", "data": {"timestamp": 1759208965984, "change_id": 88690874949, "instrument_name": "ETH-PERPETUAL", "bids": [[4195.3, 87137.0], [4195.25, 136445.0], [4195.15, 7500.0], [4195.05, 26088.0], [4194.9, 1194.0], [4194.75, 63.0], [4194.65, 3003.0], [4194.6, 32628.0], [4194.55, 15000.0], [4194.5, 102155.0], [4194.35, 57976.0], [4194.3, 15042.0], [4194.25, 13243.0], [4194.2, 152482.0], [4194.15, 18403.0], [4194.0, 67.0], [4193.95, 3965.0], [4193.9, 13215.0], [4193.75, 12557.0], [4193.7, 32240.0]], "asks": [[4195.35, 21.0], [4195.75, 34.0], [4196.0, 157.0], [4196.05, 2.0], [4196.3, 4784.0], [4196.35, 28898.0], [4196.45, 71794.0], [4196.5, 169022.0], [4196.6, 31515.0], [4196.65, 25000.0], [4196.8, 10588.0], [4196.85, 13386.0], [4196.95, 23782.0], [4197.05, 24619.0], [4197.1, 72500.0], [4197.2, 4016.0], [4197.25, 13386.0], [4197.5, 20005.0], [4197.55, 17780.0], [4197.6, 6791.0]]}}}
{"jsonrpc": "2.0", "method": "subscription", "params": {"channel": "book.ETH-PERPETUAL.none.20.100ms", "data": {"timestamp": 1759208966321, "change_id": 88690875338, "instrument_name": "ETH-PERPETUAL", "bids": [[4195.3, 85560.0], [4195.25, 136445.0], [4195.15, 7500.0], [4195.05, 26088.0], [4194.9, 1194.0], [4194.75, 63.0], [4194.65, 3003.0], [4194.6, 32628.0], [4194.55, 15000.0], [4194.5, 102155.0], [4194.35, 57976.0], [4194.3, 15042.0], [4194.25, 13243.0], [4194.2, 152482.0], [4194.15, 18403.0], [4194.0, 67.0], [4193.95, 3965.0], [4193.9, 13215.0], [4193.75, 12557.0], [4193.7, 32240.0]], "asks": [[4195.35, 21.0], [4195.75, 34.0], [4196.0, 157.0], [4196.05, 2.0], [4196.35, 28898.0], [4196.4, 4782.0], [4196.45, 71794.0], [4196.5, 169022.0], [4196.6, 31515.0], [4196.65, 25000.0], [4196.8, 10588.0], [4196.85, 13386.0], [4196.95, 23782.0], [4197.05, 24619.0], [4197.1, 72500.0], [4197.2, 4016.0], [4197.25, 13386.0], [4197.5, 20005.0], [4197.55, 17780.0], [4197.6, 6791.0]]}}}
{"jsonrpc": "2.0", "method": "subscription", "params": {"channel": "book.ETH-PERPETUAL.none.20.100ms", "data": {"timestamp": 1759208966625, "change_id": 88690875767, "instrument_name": "ETH-PERPETUAL", "bids": [[4195.3, 148662.0], [4195.25, 136445.0], [4195.15, 7500.0], [4195.05, 26088.0], [4194.9, 1194.0], [4194.75, 63.0], [4194.65, 3003.0], [4194.6, 20147.0], [4194.55, 15000.0], [4194.5, 52155.0], [4194.35, 57976.0], [4194.3, 15042.0], [4194.25, 13243.0], [4194.2, 152482.0], [4194.15, 18403.0], [4194.0, 67.0], [4193.95, 3965.0], [4193.9, 13215.0], [4193.75, 12557.0], [4193.7, 32240.0]], "asks": [[4195.35, 21.0], [4195.75, 34.0], [4196.0, 157.0], [4196.05, 2.0], [4196.35, 28898.0], [4196.4, 4782.0], [4196.45, 71794.0], [4196.5, 169022.0], [4196.6, 31515.0], [4196.65, 25000.0], [4196.8, 10588.0], [4196.85, 13386.0], [4196.95, 23782.0], [4197.05, 24619.0], [4197.1, 72500.0], [4197.2, 4016.0], [4197.25, 13386.0], [4197.5, 20005.0], [4197.55, 17780.0], [4197.6, 6791.0]]}}}
{"jsonrpc": "2.0", "method": "subscription", "params": {"channel": "book.ETH-PERPETUAL.none.20.100ms", "data": {"timestamp": 1759208966956, "change_id": 88690876095, "instrument_name": "ETH-PERPETUAL", "bids": [[4195.3, 98139.0], [4195.25, 136445.0], [4195.15, 7500.0], [4195.05, 26088.0], [4194.9, 1194.0], [4194.75, 63.0], [4194.65, 3003.0], [4194.6, 32628.0], [4194.55, 15000.0], [4194.5, 102155.0], [4194.35, 57976.0], [4194.3, 15042.0], [4194.25, 13243.0], [4194.2, 152482.0], [4194.15, 18403.0], [4194.0, 67.0], [4193.95, 3965.0], [4193.9, 13215.0], [4193.75, 12557.0], [4193.7, 32240.0]], "asks": [[4195.35, 21.0], [4195.75, 34.0], [4196.0, 157.0], [4196.05, 2.0], [4196.35, 28898.0], [4196.4, 4782.0], [4196.45, 71794.0], [4196.5, 169022.0], [4196.6, 31515.0], [4196.65, 25000.0], [4196.8, 10588.0], [4196.85, 13386.0], [4196.95, 23782.0], [4197.05, 24619.0], [4197.1, 72500.0], [4197.2, 4016.0], [4197.25, 13386.0], [4197.5, 20005.0], [4197.55, 17780.0], [4197.6, 6791.0]]}}}
{"jsonrpc": "2.0", "method": "subscription", "params": {"channel": "book.ETH-PERPETUAL.none.20.100ms", "data": {"timestamp": 1759208967313, "change_id": 88690877244, "instrument_name": "ETH-PERPETUAL", "bids": [[4195.7, 69700.0], [4195.5, 7500.0], [4195.45, 25000.0], [4195.35, 46404.0], [4195.3, 11530.0], [4195.25, 136445.0], [4195.05, 1088.0], [4194.95, 5867.0], [4194.9, 19558.0], [4194.75, 6624.0], [4194.7, 4852.0], [4194.65, 16174.0], [4194.6, 32628.0], [4194.55, 15000.0], [4194.5, 102155.0], [4194.35, 51402.0], [4194.3, 15042.0], [4194.25, 13243.0], [4194.2, 152482.0], [4194.0, 67.0]], "asks": [[4195.75, 34.0], [4196.0, 157.0], [4196.05, 2.0], [4196.35, 22299.0], [4196.45, 59437.0], [4196.5, 162440.0], [4196.6, 31515.0], [4196.65, 27919.0], [4196.75, 5760.0], [4196.8, 10588.0], [4196.85, 13386.0], [4196.95, 20858.0], [4197.0, 13145.0], [4197.05, 24619.0], [4197.1, 75419.0], [4197.2, 9023.0], [4197.25, 31750.0], [4197.6, 15547.0], [4197.65, 33391.0], [4197.7, 2992.0]]}}}
{"jsonrpc": "2.0", "method": "subscription", "params": {"channel": "book.ETH-PERPETUAL.none.20.100ms", "data": {"timestamp": 1759208967601, "change_id": 88690877691, "instrument_name": "ETH-PERPETUAL", "bids": [[4195.7, 73625.0], [4195.55, 30100.0], [4195.5, 50000.0], [4195.45, 25000.0], [4195.35, 46404.0], [4195.3, 2976.0], [4195.25, 136445.0], [4195.05, 1088.0], [4194.95, 5867.0], [4194.9, 19558.0], [4194.75, 6624.0], [4194.7, 4852.0], [4194.65, 16174.0], [4194.6, 20147.0], [4194.55, 15000.0], [4194.5, 52155.0], [4194.35, 51402.0], [4194.3, 15042.0], [4194.25, 13243.0], [4194.2, 152482.0]], "asks": [[4195.75, 34.0], [4196.0, 157.0], [4196.05, 2.0], [4196.35, 22299.0], [4196.45, 59437.0], [4196.5, 162440.0], [4196.6, 31515.0], [4196.65, 27919.0], [4196.75, 5760.0], [4196.8, 10588.0], [4196.85, 13386.0], [4196.95, 20858.0], [4197.0, 13145.0], [4197.05, 24619.0], [4197.1, 75419.0], [4197.2, 9023.0], [4197.25, 31750.0], [4197.6, 15547.0], [4197.65, 13386.0], [4197.7, 22997.0]]}}}
{"jsonrpc": "2.0", "method": "subscription", "params": {"channel": "book.ETH-PERPETUAL.none.20.100ms", "data": {"timestamp": 1759208967968, "change_id": 88690878077, "instrument_name": "ETH-PERPETUAL", "bids": [[4195.7, 73552.0], [4195.55, 7500.0], [4195.45, 25000.0], [4195.35, 46404.0], [4195.3, 2976.0], [4195.25, 136445.0], [4195.05, 1088.0], [4194.95, 5867.0], [4194.9, 19558.0], [4194.75, 6624.0], [4194.7, 4852.0], [4194.65, 16174.0], [4194.6, 32628.0], [4194.55, 15000.0], [4194.5, 102155.0], [4194.35, 51402.0], [4194.3, 15042.0], [4194.25, 13243.0], [4194.2, 152482.0], [4194.0, 67.0]], "asks": [[4195.75, 34.0], [4196.0, 157.0], [4196.05, 2.0], [4196.35, 22299.0], [4196.45, 59437.0], [4196.5, 162440.0], [4196.6, 31515.0], [4196.65, 27919.0], [4196.75, 5760.0], [4196.8, 10588.0], [4196.85, 13386.0], [4196.95, 20858.0], [4197.0, 13145.0], [4197.05, 24619.0], [4197.1, 75419.0], [4197.2, 9023.0], [4197.25, 31750.0], [4197.6, 15547.0], [4197.65, 13386.0], [4197.7, 2992.0]]}}}
{"jsonrpc": "2.0", "method": "subscription", "params": {"channel": "book.ETH-PERPETUAL.none.20.100ms", "data": {"timestamp": 1759208968316, "change_id": 88690878453, "instrument_name": "ETH-PERPETUAL", "bids": [[4195.7, 81082.0], [4195.55, 7500.0], [4195.45, 25000.0], [4195.35, 46404.0], [4195.3, 2976.0], [4195.25, 136445.0], [4195.05, 1088.0], [4194.95, 5867.0], [4194.9, 19558.0], [4194.75, 6624.0], [4194.7, 4852.0], [4194.65, 16174.0], [4194.6, 32628.0], [4194.55, 15000.0], [4194.5, 102155.0], [4194.35, 51402.0], [4194.3, 15042.0], [4194.25, 13243.0], [4194.2, 152482.0], [4194.0, 67.0]], "asks": [[4195.75, 220034.0], [4196.0, 157.0], [4196.05, 2.0], [4196.35, 22299.0], [4196.45, 59437.0], [4196.5, 162440.0], [4196.6, 31515.0], [4196.65, 27919.0], [4196.75, 5760.0], [4196.8, 10588.0], [4196.85, 13386.0], [4196.95, 20858.0], [4197.0, 13145.0], [4197.05, 24619.0], [4197.1, 75419.0], [4197.2, 4016.0], [4197.25, 13386.0], [4197.6, 15547.0], [4197.65, 13386.0], [4197.7, 2992.0]]}}}
{"jsonrpc": "2.0", "method": "subscription", "params": {"channel": "book.ETH-PERPETUAL.none.20.100ms", "data": {"timestamp": 1759208968632, "change_id": 88690879264, "instrument_name": "ETH-PERPETUAL", "bids": [[4195.7, 89005.0], [4195.65, 52428.0], [4195.6, 9800.0], [4195.5, 59000.0], [4195.45, 161434.0], [4195.3, 2976.0], [4195.05, 1088.0], [4194.95, 5867.0], [4194.9, 19558.0], [4194.75, 6624.0], [4194.7, 4852.0], [4194.65, 16174.0], [4194.6, 20147.0], [4194.55, 15000.0], [4194.5, 52155.0], [4194.35, 51402.0], [4194.3, 15042.0], [4194.25, 13243.0], [4194.2, 152482.0], [4194.0, 67.0]], "asks": [[4195.75, 34.0], [4196.0, 157.0], [4196.05, 2.0], [4196.45, 1530.0], [4196.5, 18440.0], [4196.6, 31515.0], [4196.65, 25000.0], [4196.8, 16348.0], [4196.85, 13386.0], [4196.95, 20858.0], [4197.0, 13145.0], [4197.05, 24619.0], [4197.1, 75419.0], [4197.2, 9026.0], [4197.25, 13386.0], [4197.3, 18373.0], [4197.6, 11395.0], [4197.65, 13386.0], [4197.7, 2992.0], [4197.75, 20005.0]]}}}
{"jsonrpc": "2.0", "method": "subscription", "params": {"channel": "book.ETH-PERPETUAL.none.20.100ms", "data": {"timestamp": 1759208968960, "change_id": 88690879638, "instrument_name": "ETH-PERPETUAL", "bids": [[4195.7, 89004.0], [4195.65, 52428.0], [4195.5, 59000.0], [4195.45, 161434.0], [4195.3, 2976.0], [4195.05, 1088.0], [4194.95, 5867.0], [4194.9, 19558.0], [4194.75, 6624.0], [4194.7, 4852.0], [4194.65, 16174.0], [4194.6, 10017.0], [4194.55, 15000.0], [4194.5, 18390.0], [4194.35, 51402.0], [4194.3, 15042.0], [4194.25, 13243.0], [4194.2, 152482.0], [4194.0, 67.0], [4193.95, 3965.0]], "asks": [[4195.75, 34.0], [4196.0, 157.0], [4196.05, 2.0], [4196.45, 1530.0], [4196.5, 81732.0], [4196.6, 75503.0], [4196.65, 169000.0], [4196.8, 16348.0], [4196.85, 13386.0], [4196.95, 20858.0], [4197.0, 13145.0], [4197.05, 24619.0], [4197.1, 75419.0], [4197.2, 9026.0], [4197.25, 13386.0], [4197.3, 18373.0], [4197.6, 11395.0], [4197.65, 33391.0], [4197.7, 2992.0], [4197.8, 11509.0]]}}}
{"jsonrpc": "2.0", "method": "subscription", "params": {"channel": "book.ETH-PERPETUAL.none.20.100ms", "data": {"timestamp": 1759208969255, "change_id": 88690879983, "instrument_name": "ETH-PERPETUAL", "bids": [[4195.7, 89005.0], [4195.65, 52428.0], [4195.5, 9000.0], [4195.45, 161434.0], [4195.3, 2976.0], [4195.05, 1088.0], [4194.95, 15264.0], [4194.9, 19558.0], [4194.85, 33768.0], [4194.75, 6624.0], [4194.7, 4852.0], [4194.65, 16174.0], [4194.6, 23765.0], [4194.55, 15000.0], [4194.5, 68390.0], [4194.35, 51402.0], [4194.3, 15042.0], [4194.25, 13243.0], [4194.2, 152482.0], [4194.0, 67.0]], "asks": [[4195.75, 220034.0], [4196.0, 157.0], [4196.05, 2.0], [4196.45, 1530.0], [4196.5, 81732.0], [4196.6, 75503.0], [4196.65, 169000.0], [4196.8, 16348.0], [4196.85, 13386.0], [4196.95, 20858.0], [4197.0, 13145.0], [4197.05, 24619.0], [4197.1, 75419.0], [4197.2, 4016.0], [4197.25, 13386.0], [4197.6, 11395.0], [4197.65, 33391.0], [4197.7, 2992.0], [4197.8, 11509.0], [4197.85, 23363.0]]}}}
{"jsonrpc": "2.0", "method": "subscription", "params": {"channel": "book.ETH-PERPETUAL.none.20.100ms", "data": {"timestamp": 1759208969530, "change_id": 88690880280, "instrument_name": "ETH-PERPETUAL", "bids": [[4195.7, 93205.0], [4195.65, 52428.0], [4195.5, 59000.0], [4195.45, 161434.0], [4195.3, 2976.0], [4195.05, 1088.0], [4194.95, 15264.0], [4194.9, 19558.0], [4194.85, 33768.0], [4194.75, 6624.0], [4194.7, 4852.0], [4194.65, 16174.0], [4194.6, 10017.0], [4194.55, 15000.0], [4194.5, 18390.0], [4194.35, 51402.0], [4194.3, 15042.0], [4194.25, 13243.0], [4194.2, 152482.0], [4194.0, 67.0]], "asks": [[4195.75, 34.0], [4196.0, 157.0], [4196.05, 2.0], [4196.45, 1530.0], [4196.5, 81732.0], [4196.6, 75503.0], [4196.65, 169000.0], [4196.8, 16348.0], [4196.85, 13386.0], [4196.95, 20858.0], [4197.0, 13145.0], [4197.05, 24619.0], [4197.1, 75419.0], [4197.2, 9027.0], [4197.25, 13386.0], [4197.3, 18377.0], [4197.6, 11395.0], [4197.65, 33391.0], [4197.7, 2992.0], [4197.8, 11509.0]]}}}
{"jsonrpc": "2.0", "method": "subscription", "params": {"channel": "book.ETH-PERPETUAL.none.20.100ms", "data": {"timestamp": 1759208969961, "change_id": 88690880946, "instrument_name": "ETH-PERPETUAL", "bids": [[4195.7, 93208.0], [4195.65, 52428.0], [4195.5, 9000.0], [4195.45, 161434.0], [4195.3, 2976.0], [4195.05, 16088.0], [4195.0, 50000.0], [4194.95, 15264.0], [4194.9, 19558.0], [4194.85, 33768.0], [4194.8, 69371.0], [4194.75, 218632.0], [4194.65, 16174.0], [4194.6, 10017.0], [4194.55, 15000.0], [4194.5, 18390.0], [4194.35, 51402.0], [4194.3, 15042.0], [4194.25, 13243.0], [4194.2, 152482.0]], "asks": [[4195.75, 34.0], [4195.85, 220000.0], [4196.0, 157.0], [4196.05, 2.0], [4196.5, 63359.0], [4196.6, 69880.0], [4196.65, 144000.0], [4196.75, 13152.0], [4196.8, 44398.0], [4196.85, 13386.0], [4196.95, 48118.0], [4197.0, 7778.0], [4197.05, 1140.0], [4197.1, 2919.0], [4197.2, 4016.0], [4197.25, 13386.0], [4197.3, 2500.0], [4197.6, 11395.0], [4197.65, 13386.0], [4197.7, 2992.0]]}}}
{"jsonrpc": "2.0", "method": "subscription", "params": {"channel": "book.ETH-PERPETUAL.none.20.100ms", "data": {"timestamp": 1759208970276, "change_id": 88690881352, "instrument_name": "ETH-PERPETUAL", "bids": [[4195.7, 93190.0], [4195.65, 52428.0], [4195.5, 59000.0], [4195.45, 161434.0], [4195.3, 2976.0], [4195.05, 1088.0], [4194.95, 15264.0], [4194.9, 19558.0], [4194.85, 33768.0], [4194.8, 69371.0], [4194.75, 218632.0], [4194.65, 16174.0], [4194.6, 10017.0], [4194.55, 15000.0], [4194.5, 18390.0], [4194.35, 51402.0], [4194.3, 15042.0], [4194.25, 13243.0], [4194.2, 152482.0], [4194.0, 67.0]], "asks": [[4195.75, 34.0], [4196.0, 157.0], [4196.05, 2.0], [4196.5, 63359.0], [4196.6, 69880.0], [4196.65, 144000.0], [4196.7, 25000.0], [4196.75, 13152.0], [4196.8, 19398.0], [4196.85, 13386.0], [4196.9, 1530.0], [4196.95, 48118.0], [4197.0, 1218.0], [4197.05, 1140.0], [4197.1, 2919.0], [4197.2, 4016.0], [4197.25, 13386.0], [4197.3, 20877.0], [4197.6, 11395.0], [4197.65, 13386.0]]}}}
{"jsonrpc": "2.0", "method": "subscription", "params": {"channel": "book.ETH-PERPETUAL.none.20.100ms", "data": {"timestamp": 1759208970546, "change_id": 88690881628, "instrument_name": "ETH-PERPETUAL", "bids": [[4195.7, 88992.0], [4195.65, 52428.0], [4195.5, 9000.0], [4195.45, 161434.0], [4195.3, 2976.0], [4195.05, 1088.0], [4194.95, 15264.0], [4194.9, 19558.0], [4194.85, 33768.0], [4194.8, 69371.0], [4194.75, 218632.0], [4194.65, 16174.0], [4194.6, 10017.0], [4194.55, 15000.0], [4194.5, 68390.0], [4194.35, 51402.0], [4194.3, 15042.0], [4194.25, 13243.0], [4194.2, 152482.0], [4194.0, 67.0]], "asks": [[4195.75, 34.0], [4195.85, 220000.0], [4196.0, 157.0], [4196.05, 2.0], [4196.5, 63359.0], [4196.6, 69880.0], [4196.65, 144000.0], [4196.7, 25000.0], [4196.75, 13152.0], [4196.8, 19398.0], [4196.85, 13386.0], [4196.9, 1530.0], [4196.95, 48118.0], [4197.0, 1218.0], [4197.05, 1140.0], [4197.1, 2919.0], [4197.2, 4016.0], [4197.25, 13386.0], [4197.3, 2500.0], [4197.6, 11395.0]]}}}
{"jsonrpc": "2.0", "method": "subscription", "params": {"channel": "book.ETH-PERPETUAL.none.20.100ms", "data": {"timestamp": 1759208970961, "change_id": 88690882206, "instrument_name": "ETH-PERPETUAL", "bids": [[4195.7, 86771.0], [4195.65, 52428.0], [4195.5, 9000.0], [4195.45, 161434.0], [4195.3, 2976.0], [4195.05, 16088.0], [4195.0, 50000.0], [4194.95, 15264.0], [4194.9, 19558.0], [4194.85, 33768.0], [4194.8, 69371.0], [4194.75, 218632.0], [4194.65, 16174.0], [4194.6, 10017.0], [4194.55, 15000.0], [4194.5, 18390.0], [4194.35, 51402.0], [4194.3, 15042.0], [4194.25, 13243.0], [4194.2, 152482.0]], "asks": [[4195.75, 34.0], [4196.0, 157.0], [4196.05, 2.0], [4196.5, 67.0], [4196.55, 5513.0], [4196.6, 28898.0], [4196.7, 25000.0], [4196.75, 13152.0], [4196.8, 19398.0], [4196.85, 13386.0], [4196.9, 1530.0], [4196.95, 48118.0], [4197.0, 1218.0], [4197.05, 1140.0], [4197.1, 2919.0], [4197.2, 4016.0], [4197.25, 13386.0], [4197.3, 20889.0], [4197.6, 11395.0], [4197.65, 13386.0]]}}}
{"jsonrpc": "2.0", "method": "subscription", "params": {"channel": "book.ETH-PERPETUAL.none.20.100ms", "data": {"timestamp": 1759208971256, "change_id": 88690882599, "instrument_name": "ETH-PERPETUAL", "bids": [[4195.7, 88991.0], [4195.65, 52428.0], [4195.5, 9000.0], [4195.45, 161434.0], [4195.3, 2976.0], [4195.05, 1088.0], [4194.95, 15264.0], [4194.9, 19558.0], [4194.85, 33768.0], [4194.8, 69371.0], [4194.75, 218632.0], [4194.65, 16174.0], [4194.6, 10017.0], [4194.55, 15000.0], [4194.5, 68390.0], [4194.35, 51402.0], [4194.3, 15042.0], [4194.25, 13243.0], [4194.2, 152482.0], [4194.0, 67.0]], "asks": [[4195.75, 34.0], [4195.8, 220000.0], [4196.0, 157.0], [4196.05, 2.0], [4196.5, 67.0], [4196.55, 51710.0], [4196.6, 96722.0], [4196.75, 157152.0], [4196.8, 19398.0], [4196.85, 13386.0], [4196.9, 1530.0], [4196.95, 48118.0], [4197.0, 1218.0], [4197.05, 1140.0], [4197.1, 2919.0], [4197.2, 4016.0], [4197.25, 13386.0], [4197.3, 2500.0], [4197.6, 11395.0], [4197.65, 13386.0]]}}}
{"jsonrpc": "2.0", "method": "subscription", "params": {"channel": "book.ETH-PERPETUAL.none.20.100ms", "data": {"timestamp": 1759208971391, "change_id": 88690882780, "instrument_name": "ETH-PERPETUAL", "bids": [[4195.7, 89015.0], [4195.65, 52428.0], [4195.5, 9000.0], [4195.45, 161434.0], [4195.3, 2976.0], [4195.05, 1088.0], [4194.95, 15264.0], [4194.9, 19558.0], [4194.85, 33768.0], [4194.8, 69371.0], [4194.75, 218632.0], [4194.65, 16174.0], [4194.6, 10017.0], [4194.55, 15000.0], [4194.5, 68390.0], [4194.35, 51402.0], [4194.3, 15042.0], [4194.25, 13243.0], [4194.2, 152482.0], [4194.0, 67.0]], "asks": [[4195.75, 34.0], [4196.0, 157.0], [4196.05, 2.0], [4196.5, 67.0], [4196.55, 51710.0], [4196.6, 96722.0], [4196.75, 157152.0], [4196.8, 19398.0], [4196.85, 13386.0], [4196.9, 1530.0], [4196.95, 48118.0], [4197.0, 1218.0], [4197.05, 1140.0], [4197.1, 2919.0], [4197.2, 4016.0], [4197.25, 13386.0], [4197.3, 2500.0], [4197.35, 18393.0], [4197.6, 11395.0], [4197.65, 13386.0]]}}}
