{"jsonrpc": "2.0", "id": 1, "result": ["book.ETH-PERPETUAL.none.20.100ms"], "usIn": 1751814485484358, "usOut": 1751814485484598, "usDiff": 240, "testnet": false}
{"jsonrpc": "2.0", "method": "subscription", "params": {"channel": "book.ETH-PERPETUAL.none.20.100ms", "data": {"timestamp": 1751814485482, "change_id": 75179832976, "instrument_name": "ETH-PERPETUAL", "bids": [[2561.3, 51862.0], [2561.25, 1305.0], [2561.2, 3297.0], [2561.05, 8500.0], [2561.0, 69200.0], [2560.95, 13675.0], [2560.9, 395.0], [2560.85, 9711.0], [2560.8, 330.0], [2560.75, 169.0], [2560.6, 19992.0], [2560.55, 109515.0], [2560.5, 17777.0], [2560.45, 1342.0], [2560.4, 14832.0], [2560.25, 52473.0], [2560.15, 13186.0], [2560.1, 21776.0], [2560.05, 72586.0], [2560.0, 129.0]], "asks": [[2561.35, 356.0], [2561.4, 20.0], [2561.5, 65.0], [2561.7, 32743.0], [2561.75, 1459.0], [2561.8, 13434.0], [2561.85, 72576.0], [2561.9, 12772.0], [2561.95, 23882.0], [2562.0, 12190.0], [2562.05, 19457.0], [2562.1, 64858.0], [2562.15, 6938.0], [2562.2, 9291.0], [2562.25, 9389.0], [2562.3, 13676.0], [2562.35, 2799.0], [2562.4, 9331.0], [2562.5, 17240.0], [2562.55, 25000.0]]}}}
{"jsonrpc": "2.0", "method": "subscription", "params": {"channel": "book.ETH-PERPETUAL.none.20.100ms", "data": {"timestamp": 1751814485712, "change_id": 75179833227, "instrument_name": "ETH-PERPETUAL", "bids": [[2561.3, 43492.0], [2561.25, 1305.0], [2561.2, 3297.0], [2561.15, 1280.0], [2561.05, 8500.0], [2561.0, 19200.0], [2560.95, 13675.0], [2560.9, 395.0], [2560.85, 9711.0], [2560.75, 169.0], [2560.55, 151561.0], [2560.5, 50010.0], [2560.45, 17767.0], [2560.4, 14832.0], [2560.25, 73055.0], [2560.15, 13186.0], [2560.1, 21776.0], [2560.05, 72586.0], [2560.0, 129.0], [2559.95, 9353.0]], "asks": [[2561.35, 9992.0], [2561.4, 20.0], [2561.5, 30740.0], [2561.55, 108028.0], [2561.6, 19163.0], [2561.7, 32743.0], [2561.75, 1459.0], [2561.8, 13434.0], [2561.85, 72576.0], [2561.9, 6827.0], [2562.0, 12190.0], [2562.05, 2769.0], [2562.1, 9231.0], [2562.15, 7268.0], [2562.2, 9291.0], [2562.25, 158.0], [2562.3, 13676.0], [2562.35, 2799.0], [2562.4, 9331.0], [2562.5, 17240.0]]}}}
{"jsonrpc": "2.0", "method": "subscription", "params": {"channel": "book.ETH-PERPETUAL.none.20.100ms", "data": {"timestamp": 1751814486043, "change_id": 75179833601, "instrument_name": "ETH-PERPETUAL", "bids": [[2561.3, 42123.0], [2561.25, 1305.0], [2561.2, 3297.0], [2561.05, 8500.0], [2561.0, 26900.0], [2560.95, 13675.0], [2560.9, 1737.0], [2560.85, 1211.0], [2560.75, 169.0], [2560.55, 151561.0], [2560.5, 50010.0], [2560.45, 17767.0], [2560.4, 24061.0], [2560.25, 73055.0], [2560.15, 13186.0], [2560.1, 21776.0], [2560.05, 137517.0], [2560.0, 129.0], [2559.95, 9353.0], [2559.85, 13658.0]], "asks": [[2561.35, 17668.0], [2561.4, 20.0], [2561.5, 30740.0], [2561.55, 108028.0], [2561.6, 19163.0], [2561.7, 35998.0], [2561.75, 1459.0], [2561.8, 13434.0], [2561.85, 72576.0], [2561.9, 5991.0], [2562.0, 21421.0], [2562.15, 7268.0], [2562.2, 11791.0], [2562.25, 67673.0], [2562.3, 14957.0], [2562.35, 2799.0], [2562.4, 9331.0], [2562.5, 17240.0], [2562.55, 25000.0], [2562.6, 23575.0]]}}}
{"jsonrpc": "2.0", "method": "subscription", "params": {"channel": "book.ETH-PERPETUAL.none.20.100ms", "data": {"timestamp": 1751814486292, "change_id": 75179833800, "instrument_name": "ETH-PERPETUAL", "bids": [[2561.3, 42323.0], [2561.25, 1305.0], [2561.2, 3297.0], [2561.1, 330.0], [2561.05, 9780.0], [2561.0, 76900.0], [2560.95, 13675.0], [2560.9, 1737.0], [2560.85, 1211.0], [2560.75, 169.0], [2560.55, 131569.0], [2560.5, 20002.0], [2560.45, 17767.0], [2560.4, 24061.0], [2560.25, 73055.0], [2560.15, 13186.0], [2560.1, 21776.0], [2560.05, 137517.0], [2560.0, 129.0], [2559.95, 9353.0]], "asks": [[2561.35, 17668.0], [2561.4, 20.0], [2561.5, 30740.0], [2561.55, 108028.0], [2561.6, 19163.0], [2561.7, 35998.0], [2561.75, 1459.0], [2561.8, 13434.0], [2561.85, 72576.0], [2561.9, 16064.0], [2561.95, 34586.0], [2562.0, 21421.0], [2562.15, 7268.0], [2562.2, 11791.0], [2562.25, 67673.0], [2562.3, 14957.0], [2562.35, 2799.0], [2562.4, 9331.0], [2562.5, 17240.0], [2562.55, 25000.0]]}}}
{"jsonrpc": "2.0", "method": "subscription", "params": {"channel": "book.ETH-PERPETUAL.none.20.100ms", "data": {"timestamp": 1751814486704, "change_id": 75179834180, "instrument_name": "ETH-PERPETUAL", "bids": [[2561.3, 42323.0], [2561.25, 1305.0], [2561.2, 3297.0], [2561.1, 330.0], [2561.05, 9780.0], [2561.0, 76900.0], [2560.95, 13675.0], [2560.9, 1737.0], [2560.85, 1211.0], [2560.75, 169.0], [2560.65, 9225.0], [2560.6, 19992.0], [2560.55, 131569.0], [2560.5, 10.0], [2560.45, 17767.0], [2560.4, 24061.0], [2560.25, 73055.0], [2560.15, 13186.0], [2560.1, 38533.0], [2560.05, 137517.0]], "asks": [[2561.35, 17668.0], [2561.4, 20.0], [2561.5, 65.0], [2561.55, 36706.0], [2561.6, 121411.0], [2561.7, 35998.0], [2561.75, 1459.0], [2561.8, 13434.0], [2561.85, 72576.0], [2561.9, 16064.0], [2561.95, 34586.0], [2562.0, 21421.0], [2562.15, 27789.0], [2562.2, 11791.0], [2562.25, 67673.0], [2562.3, 14957.0], [2562.35, 2799.0], [2562.4, 9331.0], [2562.5, 17240.0], [2562.55, 25000.0]]}}}
{"jsonrpc": "2.0", "method": "subscription", "params": {"channel": "book.ETH-PERPETUAL.none.20.100ms", "data": {"timestamp": 1751814487034, "change_id": 75179834460, "instrument_name": "ETH-PERPETUAL", "bids": [[2561.3, 42123.0], [2561.25, 1305.0], [2561.2, 42.0], [2561.1, 6800.0], [2561.05, 10110.0], [2561.0, 72455.0], [2560.95, 13675.0], [2560.9, 1737.0], [2560.85, 1211.0], [2560.75, 169.0], [2560.65, 9225.0], [2560.55, 131569.0], [2560.5, 20002.0], [2560.4, 24061.0], [2560.3, 17767.0], [2560.25, 73055.0], [2560.15, 13186.0], [2560.1, 38533.0], [2560.05, 137517.0], [2560.0, 129.0]], "asks": [[2561.35, 17668.0], [2561.4, 20.0], [2561.5, 65.0], [2561.55, 36706.0], [2561.6, 121411.0], [2561.7, 35998.0], [2561.75, 1459.0], [2561.8, 13434.0], [2561.85, 72576.0], [2561.9, 16064.0], [2561.95, 34586.0], [2562.0, 21421.0], [2562.15, 27789.0], [2562.2, 11791.0], [2562.25, 67673.0], [2562.3, 14957.0], [2562.35, 2799.0], [2562.4, 9331.0], [2562.5, 17240.0], [2562.55, 25000.0]]}}}
{"jsonrpc": "2.0", "method": "subscription", "params": {"channel": "book.ETH-PERPETUAL.none.20.100ms", "data": {"timestamp": 1751814487362, "change_id": 75179834894, "instrument_name": "ETH-PERPETUAL", "bids": [[2561.3, 3064.0], [2561.2, 42.0], [2561.15, 19163.0], [2561.0, 37.0], [2560.95, 17.0], [2560.9, 395.0], [2560.85, 1211.0], [2560.75, 169.0], [2560.7, 115904.0], [2560.65, 9225.0], [2560.55, 26697.0], [2560.5, 10.0], [2560.45, 19992.0], [2560.4, 24061.0], [2560.3, 17767.0], [2560.25, 52473.0], [2560.2, 2599.0], [2560.15, 13186.0], [2560.1, 38533.0], [2560.05, 137517.0]], "asks": [[2561.35, 16992.0], [2561.4, 1319.0], [2561.5, 3320.0], [2561.55, 36706.0], [2561.6, 121411.0], [2561.65, 398.0], [2561.7, 32743.0], [2561.75, 1459.0], [2561.8, 13434.0], [2561.85, 72576.0], [2561.9, 16064.0], [2561.95, 34586.0], [2562.0, 21023.0], [2562.15, 27789.0], [2562.2, 11791.0], [2562.25, 67673.0], [2562.3, 16275.0], [2562.35, 2799.0], [2562.4, 9331.0], [2562.5, 14634.0]]}}}
{"jsonrpc": "2.0", "method": "subscription", "params": {"channel": "book.ETH-PERPETUAL.none.20.100ms", "data": {"timestamp": 1751814487545, "change_id": 75179835133, "instrument_name": "ETH-PERPETUAL", "bids": [[2561.3, 2430.0], [2561.2, 42.0], [2561.15, 19163.0], [2561.0, 37.0], [2560.95, 1297.0], [2560.9, 725.0], [2560.85, 1211.0], [2560.8, 3255.0], [2560.75, 169.0], [2560.7, 115904.0], [2560.65, 9225.0], [2560.55, 4643.0], [2560.5, 10.0], [2560.45, 19992.0], [2560.4, 24061.0], [2560.3, 17767.0], [2560.25, 52473.0], [2560.2, 2599.0], [2560.15, 13186.0], [2560.1, 21776.0]], "asks": [[2561.35, 16992.0], [2561.4, 1319.0], [2561.5, 3320.0], [2561.55, 36706.0], [2561.6, 121411.0], [2561.65, 398.0], [2561.7, 32743.0], [2561.75, 1459.0], [2561.8, 13434.0], [2561.85, 72576.0], [2561.9, 16064.0], [2561.95, 34586.0], [2562.0, 21023.0], [2562.15, 27789.0], [2562.2, 11791.0], [2562.25, 67673.0], [2562.3, 16275.0], [2562.35, 2799.0], [2562.4, 9331.0], [2562.5, 14634.0]]}}}
{"jsonrpc": "2.0", "method": "subscription", "params": {"channel": "book.ETH-PERPETUAL.none.20.100ms", "data": {"timestamp": 1751814488017, "change_id": 75179835549, "instrument_name": "ETH-PERPETUAL", "bids": [[2561.3, 2071.0], [2561.2, 8500.0], [2561.0, 37.0], [2560.95, 1297.0], [2560.9, 725.0], [2560.85, 1211.0], [2560.8, 3255.0], [2560.75, 169.0], [2560.7, 13658.0], [2560.65, 9225.0], [2560.55, 4643.0], [2560.5, 1352.0], [2560.45, 19992.0], [2560.4, 24061.0], [2560.3, 17767.0], [2560.25, 52473.0], [2560.2, 2599.0], [2560.15, 13186.0], [2560.1, 21776.0], [2560.05, 72586.0]], "asks": [[2561.35, 16636.0], [2561.4, 1319.0], [2561.5, 3320.0], [2561.55, 36706.0], [2561.6, 121411.0], [2561.65, 398.0], [2561.7, 32743.0], [2561.75, 1459.0], [2561.8, 13434.0], [2561.85, 72576.0], [2561.9, 16064.0], [2561.95, 34586.0], [2562.0, 21023.0], [2562.15, 27789.0], [2562.2, 11791.0], [2562.25, 68954.0], [2562.3, 16275.0], [2562.35, 2799.0], [2562.4, 9331.0], [2562.5, 14634.0]]}}}
{"jsonrpc": "2.0", "method": "subscription", "params": {"channel": "book.ETH-PERPETUAL.none.20.100ms", "data": {"timestamp": 1751814488297, "change_id": 75179835744, "instrument_name": "ETH-PERPETUAL", "bids": [[2561.3, 2071.0], [2561.2, 8500.0], [2561.0, 19200.0], [2560.95, 1297.0], [2560.9, 725.0], [2560.85, 1211.0], [2560.8, 3255.0], [2560.75, 169.0], [2560.7, 13658.0], [2560.65, 9225.0], [2560.55, 106887.0], [2560.5, 1352.0], [2560.45, 19992.0], [2560.4, 24061.0], [2560.3, 17767.0], [2560.25, 52473.0], [2560.2, 2599.0], [2560.15, 13186.0], [2560.1, 21776.0], [2560.05, 72586.0]], "asks": [[2561.35, 9636.0], [2561.4, 1319.0], [2561.5, 3320.0], [2561.55, 36706.0], [2561.6, 121411.0], [2561.65, 398.0], [2561.7, 32743.0], [2561.75, 1459.0], [2561.8, 13434.0], [2561.85, 72576.0], [2561.9, 16064.0], [2561.95, 34586.0], [2562.0, 21023.0], [2562.15, 7268.0], [2562.2, 11791.0], [2562.25, 1439.0], [2562.3, 16275.0], [2562.35, 2799.0], [2562.4, 9331.0], [2562.5, 14634.0]]}}}
{"jsonrpc": "2.0", "method": "subscription", "params": {"channel": "book.ETH-PERPETUAL.none.20.100ms", "data": {"timestamp": 1751814488628, "change_id": 75179836064, "instrument_name": "ETH-PERPETUAL", "bids": [[2561.3, 2071.0], [2561.25, 1299.0], [2561.0, 19200.0], [2560.95, 1297.0], [2560.9, 395.0], [2560.85, 1541.0], [2560.8, 3255.0], [2560.75, 159.0], [2560.7, 13658.0], [2560.65, 9225.0], [2560.55, 106887.0], [2560.5, 1352.0], [2560.45, 19992.0], [2560.4, 24061.0], [2560.3, 17767.0], [2560.25, 52473.0], [2560.2, 2599.0], [2560.15, 13186.0], [2560.1, 21776.0], [2560.05, 72586.0]], "asks": [[2561.35, 16636.0], [2561.4, 1319.0], [2561.5, 3320.0], [2561.55, 36706.0], [2561.6, 121411.0], [2561.65, 398.0], [2561.7, 32743.0], [2561.75, 1459.0], [2561.8, 13434.0], [2561.85, 72576.0], [2561.9, 34436.0], [2561.95, 34586.0], [2562.0, 86856.0], [2562.15, 7268.0], [2562.2, 11791.0], [2562.25, 1439.0], [2562.3, 16275.0], [2562.35, 2799.0], [2562.4, 9331.0], [2562.5, 14634.0]]}}}
{"jsonrpc": "2.0", "method": "subscription", "params": {"channel": "book.ETH-PERPETUAL.none.20.100ms", "data": {"timestamp": 1751814488991, "change_id": 75179836478, "instrument_name": "ETH-PERPETUAL", "bids": [[2561.3, 2071.0], [2561.25, 1299.0], [2561.05, 8500.0], [2561.0, 19200.0], [2560.95, 1297.0], [2560.9, 395.0], [2560.85, 1541.0], [2560.8, 3255.0], [2560.75, 159.0], [2560.7, 13658.0], [2560.65, 9225.0], [2560.55, 106887.0], [2560.5, 1352.0], [2560.45, 19992.0], [2560.4, 26674.0], [2560.3, 17767.0], [2560.25, 52473.0], [2560.15, 13186.0], [2560.1, 21776.0], [2560.05, 72586.0]], "asks": [[2561.35, 16636.0], [2561.4, 1319.0], [2561.5, 3320.0], [2561.55, 36706.0], [2561.6, 121411.0], [2561.65, 398.0], [2561.7, 32743.0], [2561.75, 1459.0], [2561.8, 13434.0], [2561.85, 72576.0], [2561.9, 34436.0], [2561.95, 34586.0], [2562.0, 86856.0], [2562.15, 7268.0], [2562.2, 11791.0], [2562.25, 1439.0], [2562.3, 16275.0], [2562.35, 2799.0], [2562.4, 9331.0], [2562.5, 14634.0]]}}}
{"jsonrpc": "2.0", "method": "subscription", "params": {"channel": "book.ETH-PERPETUAL.none.20.100ms", "data": {"timestamp": 1751814489350, "change_id": 75179836875, "instrument_name": "ETH-PERPETUAL", "bids": [[2561.3, 21066.0], [2561.25, 1299.0], [2561.05, 8500.0], [2561.0, 72455.0], [2560.95, 1297.0], [2560.9, 395.0], [2560.85, 1541.0], [2560.75, 159.0], [2560.7, 13658.0], [2560.65, 9225.0], [2560.55, 106887.0], [2560.5, 1352.0], [2560.45, 19992.0], [2560.4, 26674.0], [2560.3, 17767.0], [2560.25, 52473.0], [2560.15, 13186.0], [2560.1, 21776.0], [2560.05, 72586.0], [2560.0, 129.0]], "asks": [[2561.35, 13374.0], [2561.4, 20.0], [2561.5, 65.0], [2561.7, 32743.0], [2561.75, 1459.0], [2561.8, 13434.0], [2561.85, 72576.0], [2561.9, 34436.0], [2561.95, 34586.0], [2562.0, 86856.0], [2562.15, 7268.0], [2562.2, 11791.0], [2562.25, 1439.0], [2562.3, 16275.0], [2562.35, 2799.0], [2562.4, 9331.0], [2562.5, 14634.0], [2562.55, 25000.0], [2562.6, 23575.0], [2562.65, 10746.0]]}}}
{"jsonrpc": "2.0", "method": "subscription", "params": {"channel": "book.ETH-PERPETUAL.none.20.100ms", "data": {"timestamp": 1751814489679, "change_id": 75179837453, "instrument_name": "ETH-PERPETUAL", "bids": [[2561.35, 30001.0], [2561.3, 23047.0], [2561.25, 3255.0], [2561.2, 395.0], [2561.1, 1342.0], [2561.05, 22283.0], [2561.0, 69200.0], [2560.95, 17.0], [2560.85, 1211.0], [2560.75, 159.0], [2560.7, 13658.0], [2560.65, 31830.0], [2560.55, 106887.0], [2560.5, 10.0], [2560.45, 17767.0], [2560.4, 24061.0], [2560.25, 52473.0], [2560.15, 13186.0], [2560.1, 21776.0], [2560.05, 72586.0]], "asks": [[2561.4, 9656.0], [2561.5, 65.0], [2561.55, 36450.0], [2561.6, 103554.0], [2561.65, 19163.0], [2561.7, 32743.0], [2561.75, 1459.0], [2561.8, 13434.0], [2561.85, 72576.0], [2561.9, 7293.0], [2561.95, 3255.0], [2562.0, 21023.0], [2562.15, 7666.0], [2562.2, 11791.0], [2562.25, 158.0], [2562.3, 13676.0], [2562.35, 2799.0], [2562.4, 10612.0], [2562.5, 14634.0], [2562.55, 25000.0]]}}}
{"jsonrpc": "2.0", "method": "subscription", "params": {"channel": "book.ETH-PERPETUAL.none.20.100ms", "data": {"timestamp": 1751814490010, "change_id": 75179838222, "instrument_name": "ETH-PERPETUAL", "bids": [[2561.35, 11006.0], [2561.3, 17.0], [2561.2, 395.0], [2561.15, 1280.0], [2561.05, 22283.0], [2561.0, 69200.0], [2560.95, 3272.0], [2560.85, 1211.0], [2560.75, 159.0], [2560.7, 13658.0], [2560.65, 11838.0], [2560.6, 19992.0], [2560.55, 106887.0], [2560.5, 10.0], [2560.45, 17767.0], [2560.4, 24061.0], [2560.3, 15742.0], [2560.25, 52473.0], [2560.15, 13186.0], [2560.1, 21776.0]], "asks": [[2561.4, 9656.0], [2561.5, 65.0], [2561.55, 36450.0], [2561.6, 102241.0], [2561.65, 19163.0], [2561.7, 35998.0], [2561.75, 1459.0], [2561.8, 13832.0], [2561.85, 72576.0], [2561.9, 7293.0], [2562.0, 21023.0], [2562.15, 7268.0], [2562.2, 11791.0], [2562.25, 158.0], [2562.3, 13676.0], [2562.35, 2799.0], [2562.4, 9331.0], [2562.5, 14634.0], [2562.55, 25000.0], [2562.6, 23575.0]]}}}
{"jsonrpc": "2.0", "method": "subscription", "params": {"channel": "book.ETH-PERPETUAL.none.20.100ms", "data": {"timestamp": 1751814490331, "change_id": 75179838943, "instrument_name": "ETH-PERPETUAL", "bids": [[2561.35, 33506.0], [2561.3, 17.0], [2561.2, 395.0], [2561.15, 1280.0], [2561.05, 8500.0], [2561.0, 69200.0], [2560.95, 3602.0], [2560.85, 1211.0], [2560.75, 159.0], [2560.7, 15000.0], [2560.65, 11838.0], [2560.55, 106887.0], [2560.5, 10.0], [2560.45, 19992.0], [2560.4, 24061.0], [2560.35, 17767.0], [2560.3, 15742.0], [2560.25, 52473.0], [2560.15, 13186.0], [2560.1, 21776.0]], "asks": [[2561.4, 9656.0], [2561.5, 65.0], [2561.55, 36450.0], [2561.6, 102241.0], [2561.65, 19163.0], [2561.7, 35998.0], [2561.75, 1459.0], [2561.8, 13832.0], [2561.85, 89261.0], [2561.9, 34595.0], [2562.0, 21023.0], [2562.15, 7268.0], [2562.2, 11791.0], [2562.25, 158.0], [2562.3, 13676.0], [2562.35, 2799.0], [2562.4, 10612.0], [2562.5, 14634.0], [2562.55, 25000.0], [2562.6, 23575.0]]}}}
{"jsonrpc": "2.0", "method": "subscription", "params": {"channel": "book.ETH-PERPETUAL.none.20.100ms", "data": {"timestamp": 1751814490666, "change_id": 75179840714, "instrument_name": "ETH-PERPETUAL", "bids": [[2561.3, 17.0], [2561.0, 37.0], [2560.95, 17.0], [2560.85, 20374.0], [2560.75, 159.0], [2560.7, 1280.0], [2560.55, 20.0], [2560.5, 53265.0], [2560.45, 395.0], [2560.4, 27500.0], [2560.25, 52473.0], [2560.2, 19992.0], [2560.15, 9262.0], [2560.05, 72586.0], [2560.0, 40396.0], [2559.95, 9353.0], [2559.9, 6902.0], [2559.85, 13858.0], [2559.75, 9349.0], [2559.7, 6751.0]], "asks": [[2561.35, 186567.0], [2561.4, 7608.0], [2561.45, 19561.0], [2561.5, 3320.0], [2561.7, 32743.0], [2561.75, 1459.0], [2561.8, 13434.0], [2561.85, 91761.0], [2561.9, 34595.0], [2562.0, 21023.0], [2562.05, 18643.0], [2562.1, 61812.0], [2562.15, 6938.0], [2562.2, 9291.0], [2562.25, 158.0], [2562.3, 13676.0], [2562.35, 2799.0], [2562.4, 10612.0], [2562.5, 14634.0], [2562.55, 28939.0]]}}}
{"jsonrpc": "2.0", "method": "subscription", "params": {"channel": "book.ETH-PERPETUAL.none.20.100ms", "data": {"timestamp": 1751814490973, "change_id": 75179843074, "instrument_name": "ETH-PERPETUAL", "bids": [[2561.1, 610.0], [2561.0, 19.0], [2560.95, 17.0], [2560.75, 159.0], [2560.55, 20.0], [2560.5, 3265.0], [2560.45, 395.0], [2560.4, 27500.0], [2560.25, 52473.0], [2560.2, 1342.0], [2560.15, 9262.0], [2560.1, 19992.0], [2560.05, 72576.0], [2560.0, 90396.0], [2559.95, 9353.0], [2559.9, 6902.0], [2559.85, 13858.0], [2559.8, 19865.0], [2559.75, 9349.0], [2559.7, 10562.0]], "asks": [[2561.15, 25136.0], [2561.25, 27663.0], [2561.3, 51309.0], [2561.35, 124738.0], [2561.4, 1135.0], [2561.45, 398.0], [2561.5, 3320.0], [2561.7, 32743.0], [2561.75, 1459.0], [2561.8, 22659.0], [2561.85, 84299.0], [2561.9, 10.0], [2562.0, 11792.0], [2562.05, 18643.0], [2562.1, 61812.0], [2562.15, 6938.0], [2562.2, 9291.0], [2562.25, 1364.0], [2562.3, 13676.0], [2562.35, 2799.0]]}}}
{"jsonrpc": "2.0", "method": "subscription", "params": {"channel": "book.ETH-PERPETUAL.none.20.100ms", "data": {"timestamp": 1751814491289, "change_id": 75179843455, "instrument_name": "ETH-PERPETUAL", "bids": [[2561.1, 610.0], [2561.0, 19.0], [2560.95, 17.0], [2560.75, 159.0], [2560.7, 19163.0], [2560.55, 20.0], [2560.5, 3265.0], [2560.45, 1606.0], [2560.4, 27830.0], [2560.25, 154709.0], [2560.2, 1342.0], [2560.15, 9262.0], [2560.1, 19992.0], [2560.05, 72576.0], [2560.0, 90396.0], [2559.95, 10527.0], [2559.9, 6902.0], [2559.85, 13858.0], [2559.75, 9349.0], [2559.7, 10562.0]], "asks": [[2561.15, 25136.0], [2561.25, 27663.0], [2561.3, 51309.0], [2561.35, 125068.0], [2561.4, 1135.0], [2561.45, 398.0], [2561.5, 3320.0], [2561.55, 10403.0], [2561.6, 34581.0], [2561.7, 32743.0], [2561.75, 1459.0], [2561.8, 22659.0], [2561.85, 84299.0], [2561.9, 10.0], [2562.0, 11792.0], [2562.05, 18643.0], [2562.1, 61812.0], [2562.15, 6938.0], [2562.2, 9291.0], [2562.25, 1364.0]]}}}
{"jsonrpc": "2.0", "method": "subscription", "params": {"channel": "book.ETH-PERPETUAL.none.20.100ms", "data": {"timestamp": 1751814491666, "change_id": 75179843963, "instrument_name": "ETH-PERPETUAL", "bids": [[2561.0, 2019.0], [2560.95, 1334.0], [2560.75, 159.0], [2560.7, 19163.0], [2560.55, 20.0], [2560.5, 4545.0], [2560.45, 1606.0], [2560.4, 27830.0], [2560.25, 52473.0], [2560.2, 103577.0], [2560.15, 9262.0], [2560.1, 19992.0], [2560.05, 75210.0], [2560.0, 90396.0], [2559.95, 10527.0], [2559.9, 6902.0], [2559.85, 13858.0], [2559.75, 9349.0], [2559.7, 10562.0], [2559.65, 9372.0]], "asks": [[2561.05, 32885.0], [2561.1, 15840.0], [2561.15, 12800.0], [2561.25, 27663.0], [2561.3, 51309.0], [2561.35, 125068.0], [2561.4, 1135.0], [2561.45, 398.0], [2561.5, 3320.0], [2561.55, 10403.0], [2561.6, 34581.0], [2561.7, 32743.0], [2561.75, 1459.0], [2561.8, 22659.0], [2561.85, 85579.0], [2561.9, 2644.0], [2562.0, 11792.0], [2562.05, 18643.0], [2562.1, 61812.0], [2562.15, 6938.0]]}}}
{"jsonrpc": "2.0", "method": "subscription", "params": {"channel": "book.ETH-PERPETUAL.none.20.100ms", "data": {"timestamp": 1751814491930, "change_id": 75179844250, "instrument_name": "ETH-PERPETUAL", "bids": [[2561.0, 2334.0], [2560.95, 1334.0], [2560.75, 8659.0], [2560.7, 19163.0], [2560.55, 20.0], [2560.5, 4545.0], [2560.45, 1606.0], [2560.4, 27830.0], [2560.2, 103577.0], [2560.15, 9262.0], [2560.1, 19992.0], [2560.05, 75210.0], [2560.0, 90396.0], [2559.95, 10527.0], [2559.9, 6902.0], [2559.85, 13658.0], [2559.75, 9349.0], [2559.7, 10562.0], [2559.65, 9372.0], [2559.6, 20789.0]], "asks": [[2561.05, 39885.0], [2561.1, 10039.0], [2561.25, 27663.0], [2561.3, 51309.0], [2561.35, 124738.0], [2561.4, 1135.0], [2561.45, 398.0], [2561.5, 3320.0], [2561.55, 10403.0], [2561.6, 34581.0], [2561.7, 32743.0], [2561.75, 1459.0], [2561.8, 22659.0], [2561.85, 85579.0], [2561.9, 2644.0], [2561.95, 3538.0], [2562.0, 11792.0], [2562.05, 18643.0], [2562.1, 61812.0], [2562.15, 6938.0]]}}}
{"jsonrpc": "2.0", "method": "subscription", "params": {"channel": "book.ETH-PERPETUAL.none.20.100ms", "data": {"timestamp": 1751814492330, "change_id": 75179845080, "instrument_name": "ETH-PERPETUAL", "bids": [[2561.0, 19.0], [2560.95, 17.0], [2560.75, 159.0], [2560.7, 19163.0], [2560.55, 20.0], [2560.5, 4545.0], [2560.45, 1606.0], [2560.4, 27830.0], [2560.2, 11058.0], [2560.15, 9262.0], [2560.05, 75210.0], [2560.0, 72629.0], [2559.95, 30519.0], [2559.9, 6902.0], [2559.85, 13658.0], [2559.8, 17767.0], [2559.75, 9349.0], [2559.7, 10562.0], [2559.65, 9372.0], [2559.6, 20789.0]], "asks": [[2561.05, 53668.0], [2561.1, 11345.0], [2561.25, 27663.0], [2561.3, 51309.0], [2561.35, 125068.0], [2561.4, 1135.0], [2561.45, 398.0], [2561.5, 3320.0], [2561.55, 10403.0], [2561.6, 34581.0], [2561.7, 32743.0], [2561.75, 1459.0], [2561.8, 22659.0], [2561.85, 85579.0], [2561.9, 2644.0], [2561.95, 3538.0], [2562.0, 11792.0], [2562.05, 18643.0], [2562.1, 61812.0], [2562.15, 10857.0]]}}}
{"jsonrpc": "2.0", "method": "subscription", "params": {"channel": "book.ETH-PERPETUAL.none.20.100ms", "data": {"timestamp": 1751814492650, "change_id": 75179845632, "instrument_name": "ETH-PERPETUAL", "bids": [[2561.0, 19.0], [2560.95, 17.0], [2560.75, 159.0], [2560.55, 20.0], [2560.5, 19173.0], [2560.45, 1606.0], [2560.4, 330.0], [2560.35, 1280.0], [2560.3, 3255.0], [2560.2, 11054.0], [2560.15, 9262.0], [2560.1, 4610.0], [2560.05, 72576.0], [2560.0, 124862.0], [2559.95, 10527.0], [2559.85, 33650.0], [2559.75, 11951.0], [2559.7, 24390.0], [2559.65, 9372.0], [2559.6, 20789.0]], "asks": [[2561.05, 98586.0], [2561.1, 113976.0], [2561.25, 12740.0], [2561.3, 13783.0], [2561.35, 330.0], [2561.4, 20.0], [2561.5, 65.0], [2561.55, 10403.0], [2561.6, 34581.0], [2561.65, 2602.0], [2561.7, 32743.0], [2561.75, 1459.0], [2561.8, 22659.0], [2561.85, 81799.0], [2561.9, 10.0], [2561.95, 3538.0], [2562.0, 11792.0], [2562.15, 10857.0], [2562.2, 9291.0], [2562.25, 1364.0]]}}}
{"jsonrpc": "2.0", "method": "subscription", "params": {"channel": "book.ETH-PERPETUAL.none.20.100ms", "data": {"timestamp": 1751814492984, "change_id": 75179846041, "instrument_name": "ETH-PERPETUAL", "bids": [[2561.0, 19.0], [2560.95, 17.0], [2560.75, 159.0], [2560.55, 8520.0], [2560.5, 19173.0], [2560.45, 1606.0], [2560.35, 11262.0], [2560.3, 3255.0], [2560.2, 1342.0], [2560.15, 9262.0], [2560.1, 4610.0], [2560.05, 72576.0], [2560.0, 124862.0], [2559.95, 10527.0], [2559.85, 33650.0], [2559.75, 11951.0], [2559.7, 24390.0], [2559.65, 9372.0], [2559.6, 13875.0], [2559.55, 31532.0]], "asks": [[2561.05, 98586.0], [2561.1, 113976.0], [2561.25, 12740.0], [2561.3, 13783.0], [2561.35, 330.0], [2561.4, 20.0], [2561.45, 20810.0], [2561.5, 66867.0], [2561.55, 12903.0], [2561.6, 34581.0], [2561.65, 2602.0], [2561.7, 34023.0], [2561.75, 1459.0], [2561.8, 22659.0], [2561.85, 81799.0], [2561.9, 10.0], [2561.95, 3538.0], [2562.0, 9292.0], [2562.1, 1176.0], [2562.15, 10857.0]]}}}
{"jsonrpc": "2.0", "method": "subscription", "params": {"channel": "book.ETH-PERPETUAL.none.20.100ms", "data": {"timestamp": 1751814493266, "change_id": 75179846242, "instrument_name": "ETH-PERPETUAL", "bids": [[2561.0, 19.0], [2560.75, 159.0], [2560.55, 8520.0], [2560.5, 19173.0], [2560.45, 1606.0], [2560.4, 330.0], [2560.35, 11262.0], [2560.3, 3255.0], [2560.2, 1342.0], [2560.15, 9262.0], [2560.1, 4610.0], [2560.05, 72576.0], [2560.0, 124862.0], [2559.95, 10527.0], [2559.85, 33650.0], [2559.75, 11951.0], [2559.7, 24390.0], [2559.65, 9372.0], [2559.6, 13875.0], [2559.55, 31532.0]], "asks": [[2561.05, 98586.0], [2561.1, 113976.0], [2561.25, 12740.0], [2561.3, 13783.0], [2561.35, 330.0], [2561.4, 20.0], [2561.5, 65.0], [2561.55, 12903.0], [2561.6, 34581.0], [2561.65, 2602.0], [2561.7, 34023.0], [2561.75, 1459.0], [2561.8, 22659.0], [2561.85, 81799.0], [2561.9, 10.0], [2561.95, 3538.0], [2562.0, 9292.0], [2562.1, 1176.0], [2562.15, 10857.0], [2562.2, 9291.0]]}}}
{"jsonrpc": "2.0", "method": "subscription", "params": {"channel": "book.ETH-PERPETUAL.none.20.100ms", "data": {"timestamp": 1751814493595, "change_id": 75179846556, "instrument_name": "ETH-PERPETUAL", "bids": [[2561.0, 19.0], [2560.8, 1287.0], [2560.75, 159.0], [2560.55, 8520.0], [2560.5, 19173.0], [2560.45, 1606.0], [2560.35, 11262.0], [2560.3, 3255.0], [2560.2, 1342.0], [2560.15, 9262.0], [2560.1, 4610.0], [2560.05, 72576.0], [2560.0, 124862.0], [2559.95, 10527.0], [2559.85, 33650.0], [2559.75, 11951.0], [2559.7, 24390.0], [2559.65, 9372.0], [2559.6, 13875.0], [2559.55, 31532.0]], "asks": [[2561.05, 98586.0], [2561.1, 113976.0], [2561.25, 12740.0], [2561.3, 13783.0], [2561.35, 330.0], [2561.4, 20.0], [2561.45, 21204.0], [2561.5, 68180.0], [2561.55, 12903.0], [2561.6, 34581.0], [2561.65, 2602.0], [2561.7, 36523.0], [2561.75, 1459.0], [2561.8, 22659.0], [2561.85, 81799.0], [2561.9, 10.0], [2561.95, 3538.0], [2562.0, 9292.0], [2562.1, 1176.0], [2562.15, 10857.0]]}}}
{"jsonrpc": "2.0", "method": "subscription", "params": {"channel": "book.ETH-PERPETUAL.none.20.100ms", "data": {"timestamp": 1751814493952, "change_id": 75179846974, "instrument_name": "ETH-PERPETUAL", "bids": [[2561.0, 118.0], [2560.75, 159.0], [2560.55, 8520.0], [2560.5, 22428.0], [2560.45, 1606.0], [2560.4, 330.0], [2560.2, 1342.0], [2560.15, 9262.0], [2560.1, 4610.0], [2560.05, 72576.0], [2560.0, 127437.0], [2559.95, 10527.0], [2559.85, 33650.0], [2559.75, 9349.0], [2559.7, 24390.0], [2559.65, 9372.0], [2559.6, 13875.0], [2559.55, 31532.0], [2559.5, 50200.0], [2559.45, 29672.0]], "asks": [[2561.05, 98586.0], [2561.1, 113976.0], [2561.25, 12740.0], [2561.3, 13783.0], [2561.35, 330.0], [2561.4, 20.0], [2561.45, 21204.0], [2561.5, 68180.0], [2561.55, 12903.0], [2561.6, 34581.0], [2561.7, 35243.0], [2561.75, 1459.0], [2561.8, 22659.0], [2561.85, 81799.0], [2561.9, 10.0], [2561.95, 6113.0], [2562.0, 9292.0], [2562.1, 1176.0], [2562.15, 10857.0], [2562.2, 9291.0]]}}}
{"jsonrpc": "2.0", "method": "subscription", "params": {"channel": "book.ETH-PERPETUAL.none.20.100ms", "data": {"timestamp": 1751814494301, "change_id": 75179847434, "instrument_name": "ETH-PERPETUAL", "bids": [[2561.0, 118.0], [2560.8, 1287.0], [2560.75, 159.0], [2560.55, 8520.0], [2560.5, 22428.0], [2560.45, 1606.0], [2560.4, 1280.0], [2560.2, 1342.0], [2560.15, 9262.0], [2560.1, 4610.0], [2560.05, 72576.0], [2560.0, 127437.0], [2559.95, 10527.0], [2559.85, 13658.0], [2559.8, 19992.0], [2559.75, 9349.0], [2559.7, 24390.0], [2559.65, 9372.0], [2559.6, 13875.0], [2559.55, 31532.0]], "asks": [[2561.05, 98586.0], [2561.1, 113976.0], [2561.25, 12740.0], [2561.3, 13783.0], [2561.35, 330.0], [2561.4, 20.0], [2561.45, 21204.0], [2561.5, 68180.0], [2561.55, 12903.0], [2561.6, 34581.0], [2561.7, 35243.0], [2561.75, 2739.0], [2561.8, 22659.0], [2561.85, 81799.0], [2561.9, 10.0], [2561.95, 6113.0], [2562.0, 9292.0], [2562.1, 1176.0], [2562.15, 10857.0], [2562.2, 9291.0]]}}}
{"jsonrpc": "2.0", "method": "subscription", "params": {"channel": "book.ETH-PERPETUAL.none.20.100ms", "data": {"timestamp": 1751814494625, "change_id": 75179847725, "instrument_name": "ETH-PERPETUAL", "bids": [[2561.0, 118.0], [2560.75, 159.0], [2560.55, 8520.0], [2560.5, 22428.0], [2560.45, 1606.0], [2560.4, 1280.0], [2560.2, 1672.0], [2560.15, 9262.0], [2560.1, 4610.0], [2560.05, 72576.0], [2560.0, 127437.0], [2559.95, 10527.0], [2559.9, 19992.0], [2559.85, 13658.0], [2559.75, 9349.0], [2559.7, 24390.0], [2559.65, 9372.0], [2559.6, 13875.0], [2559.55, 31532.0], [2559.5, 50200.0]], "asks": [[2561.05, 98586.0], [2561.1, 113976.0], [2561.25, 12740.0], [2561.3, 13783.0], [2561.35, 330.0], [2561.4, 20.0], [2561.45, 21204.0], [2561.5, 68180.0], [2561.55, 12903.0], [2561.6, 34581.0], [2561.7, 35243.0], [2561.75, 5314.0], [2561.8, 22659.0], [2561.85, 81799.0], [2561.9, 10.0], [2561.95, 3538.0], [2562.0, 9292.0], [2562.1, 1176.0], [2562.15, 10857.0], [2562.2, 9291.0]]}}}
{"jsonrpc": "2.0", "method": "subscription", "params": {"channel": "book.ETH-PERPETUAL.none.20.100ms", "data": {"timestamp": 1751814494902, "change_id": 75179848064, "instrument_name": "ETH-PERPETUAL", "bids": [[2561.0, 118.0], [2560.85, 1287.0], [2560.75, 159.0], [2560.55, 8520.0], [2560.5, 22428.0], [2560.45, 1606.0], [2560.4, 1280.0], [2560.2, 1342.0], [2560.15, 9262.0], [2560.1, 4610.0], [2560.05, 72576.0], [2560.0, 127437.0], [2559.95, 10527.0], [2559.9, 19992.0], [2559.85, 13658.0], [2559.75, 9349.0], [2559.7, 24390.0], [2559.65, 9372.0], [2559.6, 13875.0], [2559.55, 31532.0]], "asks": [[2561.05, 123586.0], [2561.1, 113976.0], [2561.25, 12740.0], [2561.3, 13783.0], [2561.35, 330.0], [2561.4, 20.0], [2561.45, 21204.0], [2561.5, 68180.0], [2561.55, 12903.0], [2561.6, 34581.0], [2561.7, 35243.0], [2561.75, 5314.0], [2561.8, 22659.0], [2561.85, 81799.0], [2561.9, 10.0], [2561.95, 3538.0], [2562.0, 9292.0], [2562.1, 1176.0], [2562.15, 10857.0], [2562.2, 9291.0]]}}}
{"jsonrpc": "2.0", "method": "subscription", "params": {"channel": "book.ETH-PERPETUAL.none.20.100ms", "data": {"timestamp": 1751814495286, "change_id": 75179848755, "instrument_name": "ETH-PERPETUAL", "bids": [[2561.0, 118.0], [2560.85, 1287.0], [2560.75, 159.0], [2560.55, 8520.0], [2560.5, 22428.0], [2560.45, 1606.0], [2560.4, 1280.0], [2560.2, 1672.0], [2560.15, 9262.0], [2560.1, 4610.0], [2560.05, 72576.0], [2560.0, 127437.0], [2559.95, 10527.0], [2559.9, 19992.0], [2559.85, 13658.0], [2559.75, 9349.0], [2559.7, 24390.0], [2559.65, 9372.0], [2559.6, 13875.0], [2559.55, 31532.0]], "asks": [[2561.05, 120331.0], [2561.1, 117231.0], [2561.25, 12740.0], [2561.3, 13783.0], [2561.35, 330.0], [2561.4, 20.0], [2561.45, 21204.0], [2561.5, 68180.0], [2561.55, 12903.0], [2561.6, 34581.0], [2561.7, 35243.0], [2561.75, 5314.0], [2561.8, 22659.0], [2561.85, 81799.0], [2561.9, 10.0], [2561.95, 3538.0], [2562.0, 9292.0], [2562.1, 1176.0], [2562.15, 10857.0], [2562.2, 9291.0]]}}}
{"jsonrpc": "2.0", "method": "subscription", "params": {"channel": "book.ETH-PERPETUAL.none.20.100ms", "data": {"timestamp": 1751814495629, "change_id": 75179849330, "instrument_name": "ETH-PERPETUAL", "bids": [[2561.0, 118.0], [2560.85, 1287.0], [2560.75, 159.0], [2560.55, 8520.0], [2560.5, 22428.0], [2560.45, 1606.0], [2560.2, 1672.0], [2560.15, 9262.0], [2560.1, 4610.0], [2560.05, 72576.0], [2560.0, 147429.0], [2559.95, 10527.0], [2559.9, 17767.0], [2559.85, 13658.0], [2559.75, 9349.0], [2559.7, 6623.0], [2559.65, 9372.0], [2559.6, 13875.0], [2559.55, 31532.0], [2559.5, 50200.0]], "asks": [[2561.05, 120331.0], [2561.1, 117231.0], [2561.25, 12740.0], [2561.3, 13783.0], [2561.35, 330.0], [2561.4, 20.0], [2561.5, 65.0], [2561.55, 12903.0], [2561.6, 34581.0], [2561.7, 35243.0], [2561.75, 5314.0], [2561.8, 22659.0], [2561.85, 81799.0], [2561.9, 10.0], [2561.95, 3538.0], [2562.0, 9292.0], [2562.1, 1176.0], [2562.15, 10857.0], [2562.2, 9291.0], [2562.25, 1364.0]]}}}
{"jsonrpc": "2.0", "method": "subscription", "params": {"channel": "book.ETH-PERPETUAL.none.20.100ms", "data": {"timestamp": 1751814495900, "change_id": 75179849621, "instrument_name": "ETH-PERPETUAL", "bids": [[2561.0, 118.0], [2560.9, 1287.0], [2560.75, 159.0], [2560.55, 8520.0], [2560.5, 23708.0], [2560.45, 1606.0], [2560.2, 1672.0], [2560.15, 9262.0], [2560.1, 4610.0], [2560.05, 72576.0], [2560.0, 147429.0], [2559.95, 10527.0], [2559.9, 17767.0], [2559.85, 13658.0], [2559.75, 9349.0], [2559.7, 6623.0], [2559.65, 9372.0], [2559.6, 13875.0], [2559.55, 31532.0], [2559.5, 50200.0]], "asks": [[2561.05, 120331.0], [2561.1, 117231.0], [2561.25, 12740.0], [2561.3, 13783.0], [2561.35, 330.0], [2561.4, 20.0], [2561.5, 21283.0], [2561.55, 81130.0], [2561.6, 34581.0], [2561.7, 35243.0], [2561.75, 5314.0], [2561.8, 22659.0], [2561.85, 81799.0], [2561.9, 10.0], [2561.95, 3538.0], [2562.0, 9292.0], [2562.1, 1176.0], [2562.15, 10857.0], [2562.2, 9291.0], [2562.25, 1364.0]]}}}
{"jsonrpc": "2.0", "method": "subscription", "params": {"channel": "book.ETH-PERPETUAL.none.20.100ms", "data": {"timestamp": 1751814496284, "change_id": 75179850158, "instrument_name": "ETH-PERPETUAL", "bids": [[2561.0, 118.0], [2560.75, 159.0], [2560.55, 8520.0], [2560.5, 73708.0], [2560.45, 1606.0], [2560.4, 13783.0], [2560.2, 1672.0], [2560.15, 9262.0], [2560.1, 24602.0], [2560.05, 72576.0], [2560.0, 127437.0], [2559.95, 10527.0], [2559.9, 17767.0], [2559.85, 13658.0], [2559.75, 9349.0], [2559.7, 6623.0], [2559.65, 13252.0], [2559.6, 13875.0], [2559.55, 13654.0], [2559.5, 200.0]], "asks": [[2561.05, 120331.0], [2561.1, 115925.0], [2561.15, 1293.0], [2561.25, 4240.0], [2561.3, 13783.0], [2561.35, 330.0], [2561.4, 20.0], [2561.5, 21283.0], [2561.55, 81130.0], [2561.6, 34581.0], [2561.7, 35243.0], [2561.75, 2739.0], [2561.8, 22659.0], [2561.85, 81799.0], [2561.9, 10.0], [2561.95, 3538.0], [2562.0, 9292.0], [2562.05, 2587.0], [2562.1, 1176.0], [2562.15, 10857.0]]}}}
{"jsonrpc": "2.0", "method": "subscription", "params": {"channel": "book.ETH-PERPETUAL.none.20.100ms", "data": {"timestamp": 1751814496624, "change_id": 75179850519, "instrument_name": "ETH-PERPETUAL", "bids": [[2561.0, 118.0], [2560.75, 159.0], [2560.55, 8520.0], [2560.5, 73708.0], [2560.45, 1606.0], [2560.4, 13783.0], [2560.2, 1672.0], [2560.15, 9262.0], [2560.1, 4610.0], [2560.05, 72576.0], [2560.0, 147429.0], [2559.95, 10527.0], [2559.9, 17767.0], [2559.85, 13658.0], [2559.75, 9349.0], [2559.7, 6623.0], [2559.65, 13252.0], [2559.6, 13875.0], [2559.55, 13654.0], [2559.5, 200.0]], "asks": [[2561.05, 97831.0], [2561.1, 115527.0], [2561.25, 4240.0], [2561.3, 13783.0], [2561.35, 330.0], [2561.4, 418.0], [2561.5, 21283.0], [2561.55, 81130.0], [2561.6, 34581.0], [2561.7, 35243.0], [2561.75, 1459.0], [2561.8, 23939.0], [2561.85, 81799.0], [2561.9, 10.0], [2561.95, 3538.0], [2562.0, 9292.0], [2562.05, 2587.0], [2562.1, 1176.0], [2562.15, 10857.0], [2562.2, 9291.0]]}}}
{"jsonrpc": "2.0", "method": "subscription", "params": {"channel": "book.ETH-PERPETUAL.none.20.100ms", "data": {"timestamp": 1751814496909, "change_id": 75179850846, "instrument_name": "ETH-PERPETUAL", "bids": [[2561.0, 451.0], [2560.75, 112.0], [2560.55, 8520.0], [2560.5, 73708.0], [2560.45, 1606.0], [2560.4, 13783.0], [2560.2, 1672.0], [2560.15, 9262.0], [2560.1, 4610.0], [2560.05, 72576.0], [2560.0, 147429.0], [2559.95, 10527.0], [2559.9, 17767.0], [2559.85, 13658.0], [2559.75, 9349.0], [2559.7, 6623.0], [2559.65, 13252.0], [2559.6, 20849.0], [2559.55, 13654.0], [2559.5, 200.0]], "asks": [[2561.05, 97831.0], [2561.1, 115527.0], [2561.25, 4240.0], [2561.3, 13783.0], [2561.35, 330.0], [2561.4, 418.0], [2561.5, 42.0], [2561.55, 2500.0], [2561.7, 35243.0], [2561.75, 1436.0], [2561.8, 23939.0], [2561.85, 81799.0], [2561.9, 10.0], [2561.95, 3538.0], [2562.0, 9292.0], [2562.05, 2587.0], [2562.1, 1176.0], [2562.15, 10857.0], [2562.2, 9291.0], [2562.25, 1317.0]]}}}
{"jsonrpc": "2.0", "method": "subscription", "params": {"channel": "book.ETH-PERPETUAL.none.20.100ms", "data": {"timestamp": 1751814497254, "change_id": 75179851096, "instrument_name": "ETH-PERPETUAL", "bids": [[2561.0, 451.0], [2560.85, 1296.0], [2560.75, 112.0], [2560.55, 8520.0], [2560.5, 73708.0], [2560.45, 1606.0], [2560.4, 13783.0], [2560.2, 1672.0], [2560.15, 9262.0], [2560.1, 4610.0], [2560.05, 72576.0], [2560.0, 127437.0], [2559.95, 30519.0], [2559.85, 13658.0], [2559.8, 17767.0], [2559.75, 9349.0], [2559.7, 6623.0], [2559.65, 13252.0], [2559.6, 20849.0], [2559.55, 13654.0]], "asks": [[2561.05, 97831.0], [2561.1, 116820.0], [2561.25, 4240.0], [2561.3, 13783.0], [2561.35, 330.0], [2561.4, 4696.0], [2561.45, 11718.0], [2561.5, 42.0], [2561.55, 2500.0], [2561.7, 35243.0], [2561.75, 1436.0], [2561.8, 23939.0], [2561.85, 84392.0], [2561.9, 10.0], [2561.95, 3538.0], [2562.0, 9292.0], [2562.1, 1176.0], [2562.15, 10857.0], [2562.2, 9291.0], [2562.25, 1317.0]]}}}
{"jsonrpc": "2.0", "method": "subscription", "params": {"channel": "book.ETH-PERPETUAL.none.20.100ms", "data": {"timestamp": 1751814497620, "change_id": 75179851417, "instrument_name": "ETH-PERPETUAL", "bids": [[2561.0, 451.0], [2560.75, 112.0], [2560.55, 8520.0], [2560.5, 72428.0], [2560.45, 1606.0], [2560.4, 1280.0], [2560.2, 1342.0], [2560.15, 9262.0], [2560.1, 4610.0], [2560.05, 72576.0], [2560.0, 127437.0], [2559.95, 10527.0], [2559.85, 33650.0], [2559.8, 17767.0], [2559.75, 9349.0], [2559.7, 6623.0], [2559.65, 13252.0], [2559.6, 20849.0], [2559.55, 13654.0], [2559.5, 200.0]], "asks": [[2561.05, 97831.0], [2561.1, 116820.0], [2561.25, 4240.0], [2561.3, 13783.0], [2561.35, 330.0], [2561.4, 4696.0], [2561.45, 11718.0], [2561.5, 42.0], [2561.55, 23294.0], [2561.6, 66717.0], [2561.7, 35243.0], [2561.75, 1436.0], [2561.8, 22659.0], [2561.85, 84392.0], [2561.9, 10.0], [2561.95, 3538.0], [2562.0, 9292.0], [2562.1, 1176.0], [2562.15, 10857.0], [2562.2, 9291.0]]}}}
{"jsonrpc": "2.0", "method": "subscription", "params": {"channel": "book.ETH-PERPETUAL.none.20.100ms", "data": {"timestamp": 1751814497954, "change_id": 75179851752, "instrument_name": "ETH-PERPETUAL", "bids": [[2561.0, 513.0], [2560.85, 1304.0], [2560.75, 112.0], [2560.55, 8520.0], [2560.5, 72428.0], [2560.45, 1606.0], [2560.4, 1280.0], [2560.2, 1672.0], [2560.15, 9262.0], [2560.1, 4610.0], [2560.05, 72576.0], [2560.0, 147429.0], [2559.95, 10527.0], [2559.85, 13658.0], [2559.8, 17767.0], [2559.75, 9349.0], [2559.7, 6623.0], [2559.65, 13252.0], [2559.6, 20849.0], [2559.55, 13654.0]], "asks": [[2561.05, 120661.0], [2561.1, 116820.0], [2561.25, 4240.0], [2561.3, 13783.0], [2561.4, 4696.0], [2561.45, 11718.0], [2561.5, 42.0], [2561.55, 23294.0], [2561.6, 66717.0], [2561.7, 35243.0], [2561.75, 2716.0], [2561.8, 22659.0], [2561.85, 84392.0], [2561.9, 10.0], [2561.95, 3538.0], [2562.0, 9292.0], [2562.1, 1176.0], [2562.15, 10857.0], [2562.2, 9291.0], [2562.25, 1317.0]]}}}
{"jsonrpc": "2.0", "method": "subscription", "params": {"channel": "book.ETH-PERPETUAL.none.20.100ms", "data": {"timestamp": 1751814498287, "change_id": 75179852032, "instrument_name": "ETH-PERPETUAL", "bids": [[2561.0, 494.0], [2560.75, 30.0], [2560.55, 8520.0], [2560.5, 72428.0], [2560.45, 1606.0], [2560.4, 1280.0], [2560.2, 1672.0], [2560.15, 9262.0], [2560.1, 4610.0], [2560.05, 72576.0], [2560.0, 147429.0], [2559.95, 10527.0], [2559.85, 13658.0], [2559.8, 17767.0], [2559.75, 9349.0], [2559.7, 6623.0], [2559.65, 13252.0], [2559.6, 20849.0], [2559.55, 13654.0], [2559.5, 200.0]], "asks": [[2561.05, 120327.0], [2561.1, 113565.0], [2561.15, 3255.0], [2561.25, 4240.0], [2561.3, 13783.0], [2561.4, 4696.0], [2561.45, 11718.0], [2561.5, 42.0], [2561.55, 23294.0], [2561.6, 66717.0], [2561.7, 35158.0], [2561.75, 2660.0], [2561.8, 22659.0], [2561.85, 84392.0], [2561.9, 10.0], [2561.95, 3538.0], [2562.0, 9292.0], [2562.1, 1176.0], [2562.15, 10857.0], [2562.2, 9291.0]]}}}
{"jsonrpc": "2.0", "method": "subscription", "params": {"channel": "book.ETH-PERPETUAL.none.20.100ms", "data": {"timestamp": 1751814498625, "change_id": 75179852385, "instrument_name": "ETH-PERPETUAL", "bids": [[2561.0, 583.0], [2560.75, 30.0], [2560.55, 20.0], [2560.5, 69228.0], [2560.45, 1606.0], [2560.4, 1280.0], [2560.35, 3255.0], [2560.2, 1672.0], [2560.15, 9262.0], [2560.1, 4610.0], [2560.05, 72576.0], [2560.0, 127549.0], [2559.95, 10527.0], [2559.9, 19992.0], [2559.85, 13658.0], [2559.8, 17767.0], [2559.75, 9349.0], [2559.7, 6623.0], [2559.65, 13252.0], [2559.6, 20849.0]], "asks": [[2561.05, 121055.0], [2561.1, 113565.0], [2561.15, 3255.0], [2561.25, 4240.0], [2561.3, 13783.0], [2561.4, 4298.0], [2561.45, 11718.0], [2561.5, 42.0], [2561.55, 23294.0], [2561.6, 66717.0], [2561.7, 35158.0], [2561.75, 2760.0], [2561.8, 22659.0], [2561.85, 84392.0], [2561.9, 10.0], [2561.95, 3538.0], [2562.0, 9292.0], [2562.1, 1176.0], [2562.15, 10857.0], [2562.2, 9291.0]]}}}
{"jsonrpc": "2.0", "method": "subscription", "params": {"channel": "book.ETH-PERPETUAL.none.20.100ms", "data": {"timestamp": 1751814498958, "change_id": 75179852726, "instrument_name": "ETH-PERPETUAL", "bids": [[2561.0, 626.0], [2560.75, 30.0], [2560.55, 8520.0], [2560.5, 69228.0], [2560.45, 1606.0], [2560.4, 1280.0], [2560.35, 3255.0], [2560.2, 1672.0], [2560.15, 9262.0], [2560.1, 4610.0], [2560.05, 72576.0], [2560.0, 25316.0], [2559.95, 10527.0], [2559.9, 19992.0], [2559.85, 13658.0], [2559.8, 17767.0], [2559.75, 9349.0], [2559.7, 6623.0], [2559.65, 13252.0], [2559.6, 20849.0]], "asks": [[2561.05, 121055.0], [2561.1, 113565.0], [2561.15, 3255.0], [2561.25, 4240.0], [2561.3, 13783.0], [2561.4, 4298.0], [2561.45, 11718.0], [2561.5, 42.0], [2561.55, 23294.0], [2561.6, 66717.0], [2561.7, 35158.0], [2561.75, 2760.0], [2561.8, 22659.0], [2561.85, 84392.0], [2561.9, 10.0], [2561.95, 3538.0], [2562.0, 9292.0], [2562.1, 1176.0], [2562.15, 10857.0], [2562.2, 9291.0]]}}}
{"jsonrpc": "2.0", "method": "subscription", "params": {"channel": "book.ETH-PERPETUAL.none.20.100ms", "data": {"timestamp": 1751814499278, "change_id": 75179853013, "instrument_name": "ETH-PERPETUAL", "bids": [[2561.0, 607.0], [2560.75, 30.0], [2560.55, 8520.0], [2560.5, 69228.0], [2560.45, 1606.0], [2560.4, 1280.0], [2560.35, 3255.0], [2560.2, 1672.0], [2560.15, 9262.0], [2560.1, 4610.0], [2560.05, 72576.0], [2560.0, 25316.0], [2559.95, 112744.0], [2559.9, 19992.0], [2559.85, 13658.0], [2559.8, 17767.0], [2559.75, 9349.0], [2559.7, 6623.0], [2559.65, 13252.0], [2559.6, 20849.0]], "asks": [[2561.05, 121055.0], [2561.1, 113565.0], [2561.15, 3255.0], [2561.25, 4240.0], [2561.3, 13783.0], [2561.4, 4298.0], [2561.45, 11718.0], [2561.5, 42.0], [2561.55, 23294.0], [2561.6, 66717.0], [2561.7, 35158.0], [2561.75, 2760.0], [2561.8, 22659.0], [2561.85, 84392.0], [2561.9, 10.0], [2561.95, 3538.0], [2562.0, 9292.0], [2562.1, 1176.0], [2562.15, 10857.0], [2562.2, 9291.0]]}}}
{"jsonrpc": "2.0", "method": "subscription", "params": {"channel": "book.ETH-PERPETUAL.none.20.100ms", "data": {"timestamp": 1751814499541, "change_id": 75179853278, "instrument_name": "ETH-PERPETUAL", "bids": [[2561.0, 272.0], [2560.75, 30.0], [2560.55, 8520.0], [2560.5, 69228.0], [2560.45, 1606.0], [2560.4, 1280.0], [2560.35, 3255.0], [2560.2, 1672.0], [2560.15, 9262.0], [2560.1, 4610.0], [2560.05, 72576.0], [2560.0, 25363.0], [2559.95, 112744.0], [2559.9, 19992.0], [2559.85, 13658.0], [2559.8, 17767.0], [2559.75, 9349.0], [2559.7, 6623.0], [2559.65, 13252.0], [2559.6, 20849.0]], "asks": [[2561.05, 121055.0], [2561.1, 113565.0], [2561.15, 3255.0], [2561.25, 4240.0], [2561.3, 13783.0], [2561.4, 4298.0], [2561.45, 11718.0], [2561.5, 42.0], [2561.55, 23294.0], [2561.6, 66717.0], [2561.7, 35158.0], [2561.75, 2760.0], [2561.8, 22659.0], [2561.85, 84392.0], [2561.9, 10.0], [2561.95, 3538.0], [2562.0, 9292.0], [2562.1, 1176.0], [2562.15, 10857.0], [2562.2, 9291.0]]}}}
{"jsonrpc": "2.0", "method": "subscription", "params": {"channel": "book.ETH-PERPETUAL.none.20.100ms", "data": {"timestamp": 1751814499856, "change_id": 75179853497, "instrument_name": "ETH-PERPETUAL", "bids": [[2561.0, 245.0], [2560.75, 53.0], [2560.55, 8520.0], [2560.5, 69252.0], [2560.45, 1606.0], [2560.4, 1280.0], [2560.35, 3255.0], [2560.2, 1672.0], [2560.15, 9262.0], [2560.1, 4610.0], [2560.05, 72576.0], [2560.0, 25363.0], [2559.95, 112744.0], [2559.9, 19992.0], [2559.85, 13658.0], [2559.8, 17767.0], [2559.75, 9349.0], [2559.7, 6623.0], [2559.65, 13252.0], [2559.6, 20849.0]], "asks": [[2561.05, 121055.0], [2561.1, 113565.0], [2561.15, 3255.0], [2561.25, 4240.0], [2561.3, 13783.0], [2561.4, 4298.0], [2561.45, 11718.0], [2561.5, 42.0], [2561.55, 23294.0], [2561.6, 66717.0], [2561.7, 35158.0], [2561.75, 2760.0], [2561.8, 22659.0], [2561.85, 84392.0], [2561.9, 10.0], [2561.95, 3538.0], [2562.0, 9292.0], [2562.1, 1176.0], [2562.15, 10857.0], [2562.2, 9291.0]]}}}
{"jsonrpc": "2.0", "method": "subscription", "params": {"channel": "book.ETH-PERPETUAL.none.20.100ms", "data": {"timestamp": 1751814500239, "change_id": 75179853826, "instrument_name": "ETH-PERPETUAL", "bids": [[2561.0, 242.0], [2560.75, 53.0], [2560.55, 8520.0], [2560.5, 69252.0], [2560.45, 1606.0], [2560.4, 1280.0], [2560.35, 3255.0], [2560.2, 1672.0], [2560.15, 9262.0], [2560.1, 4610.0], [2560.05, 72576.0], [2560.0, 25363.0], [2559.95, 112744.0], [2559.9, 19992.0], [2559.85, 13658.0], [2559.8, 17767.0], [2559.75, 9349.0], [2559.7, 6623.0], [2559.65, 13252.0], [2559.6, 20849.0]], "asks": [[2561.05, 121055.0], [2561.1, 113565.0], [2561.15, 3255.0], [2561.25, 4240.0], [2561.3, 13783.0], [2561.4, 4298.0], [2561.45, 11718.0], [2561.5, 42.0], [2561.55, 23294.0], [2561.6, 66717.0], [2561.7, 35158.0], [2561.75, 2781.0], [2561.8, 22659.0], [2561.85, 84392.0], [2561.9, 10.0], [2561.95, 3538.0], [2562.0, 9292.0], [2562.1, 1176.0], [2562.15, 10857.0], [2562.2, 9291.0]]}}}
{"jsonrpc": "2.0", "method": "subscription", "params": {"channel": "book.ETH-PERPETUAL.none.20.100ms", "data": {"timestamp": 1751814500540, "change_id": 75179854081, "instrument_name": "ETH-PERPETUAL", "bids": [[2561.0, 243.0], [2560.8, 1320.0], [2560.75, 53.0], [2560.55, 8520.0], [2560.5, 69252.0], [2560.45, 1606.0], [2560.4, 1280.0], [2560.35, 3255.0], [2560.2, 1342.0], [2560.15, 9262.0], [2560.1, 4610.0], [2560.05, 72576.0], [2560.0, 25363.0], [2559.95, 112744.0], [2559.9, 19992.0], [2559.85, 13658.0], [2559.8, 17767.0], [2559.75, 9349.0], [2559.7, 6623.0], [2559.65, 13252.0]], "asks": [[2561.05, 121055.0], [2561.1, 113565.0], [2561.15, 3255.0], [2561.25, 4240.0], [2561.3, 13783.0], [2561.4, 4298.0], [2561.45, 11718.0], [2561.5, 42.0], [2561.55, 23294.0], [2561.6, 66717.0], [2561.7, 35158.0], [2561.75, 2781.0], [2561.8, 22659.0], [2561.85, 84392.0], [2561.9, 10.0], [2561.95, 3538.0], [2562.0, 9292.0], [2562.1, 1176.0], [2562.15, 10857.0], [2562.2, 9291.0]]}}}
{"jsonrpc": "2.0", "method": "subscription", "params": {"channel": "book.ETH-PERPETUAL.none.20.100ms", "data": {"timestamp": 1751814500923, "change_id": 75179854409, "instrument_name": "ETH-PERPETUAL", "bids": [[2561.0, 270.0], [2560.75, 53.0], [2560.55, 11775.0], [2560.5, 69252.0], [2560.45, 1606.0], [2560.4, 1280.0], [2560.2, 1672.0], [2560.15, 9262.0], [2560.1, 4610.0], [2560.05, 72576.0], [2560.0, 25363.0], [2559.95, 112744.0], [2559.9, 19992.0], [2559.85, 13658.0], [2559.8, 17767.0], [2559.75, 9349.0], [2559.7, 6623.0], [2559.65, 13252.0], [2559.6, 20849.0], [2559.55, 13654.0]], "asks": [[2561.05, 121055.0], [2561.1, 113565.0], [2561.15, 3255.0], [2561.25, 4240.0], [2561.3, 13783.0], [2561.4, 4298.0], [2561.45, 11718.0], [2561.5, 42.0], [2561.55, 23294.0], [2561.6, 66717.0], [2561.7, 35158.0], [2561.75, 2781.0], [2561.8, 22659.0], [2561.85, 84392.0], [2561.9, 10.0], [2561.95, 3538.0], [2562.0, 9292.0], [2562.1, 1176.0], [2562.15, 10857.0], [2562.2, 9291.0]]}}}
{"jsonrpc": "2.0", "method": "subscription", "params": {"channel": "book.ETH-PERPETUAL.none.20.100ms", "data": {"timestamp": 1751814501224, "change_id": 75179854644, "instrument_name": "ETH-PERPETUAL", "bids": [[2561.0, 263.0], [2560.75, 53.0], [2560.55, 11775.0], [2560.5, 19252.0], [2560.45, 1606.0], [2560.4, 1280.0], [2560.2, 1342.0], [2560.15, 9262.0], [2560.1, 4610.0], [2560.05, 72576.0], [2560.0, 75363.0], [2559.95, 112744.0], [2559.9, 19992.0], [2559.85, 13658.0], [2559.8, 17767.0], [2559.75, 9349.0], [2559.7, 6623.0], [2559.65, 13252.0], [2559.6, 26192.0], [2559.55, 13654.0]], "asks": [[2561.05, 121055.0], [2561.1, 113565.0], [2561.15, 3255.0], [2561.25, 4240.0], [2561.3, 13783.0], [2561.4, 4298.0], [2561.45, 11718.0], [2561.5, 42.0], [2561.55, 23294.0], [2561.6, 66717.0], [2561.7, 35158.0], [2561.75, 2781.0], [2561.8, 22659.0], [2561.85, 84392.0], [2561.9, 10.0], [2561.95, 17345.0], [2562.0, 59292.0], [2562.1, 1176.0], [2562.15, 10857.0], [2562.2, 9291.0]]}}}
{"jsonrpc": "2.0", "method": "subscription", "params": {"channel": "book.ETH-PERPETUAL.none.20.100ms", "data": {"timestamp": 1751814501576, "change_id": 75179854941, "instrument_name": "ETH-PERPETUAL", "bids": [[2561.0, 233.0], [2560.75, 53.0], [2560.55, 11775.0], [2560.5, 19252.0], [2560.45, 1606.0], [2560.4, 1280.0], [2560.2, 1672.0], [2560.15, 9262.0], [2560.1, 4610.0], [2560.05, 72576.0], [2560.0, 75363.0], [2559.95, 112744.0], [2559.9, 19992.0], [2559.85, 13658.0], [2559.8, 17767.0], [2559.75, 9349.0], [2559.7, 6623.0], [2559.65, 13252.0], [2559.6, 26192.0], [2559.55, 13654.0]], "asks": [[2561.05, 121055.0], [2561.1, 113565.0], [2561.15, 3255.0], [2561.25, 4240.0], [2561.3, 13783.0], [2561.4, 4298.0], [2561.45, 11718.0], [2561.5, 42.0], [2561.55, 23294.0], [2561.6, 66717.0], [2561.7, 35158.0], [2561.75, 2781.0], [2561.8, 22659.0], [2561.85, 84392.0], [2561.9, 10.0], [2561.95, 17345.0], [2562.0, 59292.0], [2562.1, 1176.0], [2562.15, 10857.0], [2562.2, 9291.0]]}}}
{"jsonrpc": "2.0", "method": "subscription", "params": {"channel": "book.ETH-PERPETUAL.none.20.100ms", "data": {"timestamp": 1751814501888, "change_id": 75179855147, "instrument_name": "ETH-PERPETUAL", "bids": [[2561.0, 591.0], [2560.75, 53.0], [2560.55, 11775.0], [2560.5, 19252.0], [2560.45, 1606.0], [2560.4, 1280.0], [2560.2, 1672.0], [2560.15, 9262.0], [2560.1, 4610.0], [2560.05, 72576.0], [2560.0, 75363.0], [2559.95, 112744.0], [2559.9, 19992.0], [2559.85, 13658.0], [2559.8, 17767.0], [2559.75, 9349.0], [2559.7, 6623.0], [2559.65, 13252.0], [2559.6, 26192.0], [2559.55, 13654.0]], "asks": [[2561.05, 121055.0], [2561.1, 113565.0], [2561.15, 3255.0], [2561.25, 4240.0], [2561.3, 13783.0], [2561.4, 4298.0], [2561.45, 11718.0], [2561.5, 42.0], [2561.55, 23294.0], [2561.6, 66717.0], [2561.7, 35158.0], [2561.75, 2781.0], [2561.8, 22659.0], [2561.85, 84392.0], [2561.9, 10.0], [2561.95, 17345.0], [2562.0, 59292.0], [2562.1, 1176.0], [2562.15, 10857.0], [2562.2, 9291.0]]}}}
{"jsonrpc": "2.0", "method": "subscription", "params": {"channel": "book.ETH-PERPETUAL.none.20.100ms", "data": {"timestamp": 1751814502188, "change_id": 75179855490, "instrument_name": "ETH-PERPETUAL", "bids": [[2561.0, 615.0], [2560.75, 53.0], [2560.55, 11775.0], [2560.5, 19252.0], [2560.45, 1606.0], [2560.4, 1280.0], [2560.2, 1672.0], [2560.15, 9262.0], [2560.1, 4610.0], [2560.05, 72576.0], [2560.0, 75363.0], [2559.95, 112744.0], [2559.9, 19992.0], [2559.85, 13658.0], [2559.8, 17767.0], [2559.75, 9349.0], [2559.7, 6623.0], [2559.65, 13252.0], [2559.6, 26192.0], [2559.55, 13654.0]], "asks": [[2561.05, 121055.0], [2561.1, 113565.0], [2561.15, 3255.0], [2561.25, 4240.0], [2561.3, 13783.0], [2561.4, 4298.0], [2561.45, 11718.0], [2561.5, 42.0], [2561.55, 23294.0], [2561.6, 66717.0], [2561.7, 35158.0], [2561.75, 2781.0], [2561.8, 22659.0], [2561.85, 84392.0], [2561.9, 10.0], [2561.95, 17345.0], [2562.0, 59292.0], [2562.1, 1176.0], [2562.15, 10857.0], [2562.2, 9291.0]]}}}
{"jsonrpc": "2.0", "method": "subscription", "params": {"channel": "book.ETH-PERPETUAL.none.20.100ms", "data": {"timestamp": 1751814502581, "change_id": 75179855773, "instrument_name": "ETH-PERPETUAL", "bids": [[2561.0, 591.0], [2560.75, 53.0], [2560.55, 3275.0], [2560.5, 19252.0], [2560.45, 1606.0], [2560.4, 1280.0], [2560.15, 9262.0], [2560.1, 4610.0], [2560.05, 72576.0], [2560.0, 75363.0], [2559.95, 112744.0], [2559.9, 19992.0], [2559.85, 13658.0], [2559.8, 17767.0], [2559.75, 9349.0], [2559.7, 6623.0], [2559.65, 13252.0], [2559.6, 26192.0], [2559.55, 13654.0], [2559.5, 20914.0]], "asks": [[2561.05, 121055.0], [2561.1, 113565.0], [2561.15, 3255.0], [2561.25, 4240.0], [2561.3, 13783.0], [2561.4, 4298.0], [2561.45, 11718.0], [2561.5, 42.0], [2561.55, 23294.0], [2561.6, 66717.0], [2561.65, 2661.0], [2561.7, 35158.0], [2561.75, 2781.0], [2561.8, 22659.0], [2561.85, 81799.0], [2561.9, 10.0], [2561.95, 17345.0], [2562.0, 59292.0], [2562.1, 1176.0], [2562.15, 10857.0]]}}}
{"jsonrpc": "2.0", "method": "subscription", "params": {"channel": "book.ETH-PERPETUAL.none.20.100ms", "data": {"timestamp": 1751814502907, "change_id": 75179856095, "instrument_name": "ETH-PERPETUAL", "bids": [[2561.0, 594.0], [2560.75, 53.0], [2560.6, 8500.0], [2560.55, 3275.0], [2560.5, 19252.0], [2560.45, 1606.0], [2560.4, 1280.0], [2560.2, 330.0], [2560.15, 9262.0], [2560.1, 4610.0], [2560.05, 72576.0], [2560.0, 75363.0], [2559.95, 112744.0], [2559.9, 19992.0], [2559.85, 13658.0], [2559.8, 17767.0], [2559.75, 9349.0], [2559.7, 6623.0], [2559.65, 13252.0], [2559.6, 26192.0]], "asks": [[2561.05, 121407.0], [2561.1, 113565.0], [2561.15, 3255.0], [2561.25, 4240.0], [2561.3, 13783.0], [2561.4, 4298.0], [2561.45, 11718.0], [2561.5, 42.0], [2561.55, 4051.0], [2561.65, 2661.0], [2561.7, 35158.0], [2561.75, 2781.0], [2561.8, 22659.0], [2561.85, 81799.0], [2561.9, 10.0], [2561.95, 17345.0], [2562.0, 59292.0], [2562.1, 1176.0], [2562.15, 10857.0], [2562.2, 9291.0]]}}}
{"jsonrpc": "2.0", "method": "subscription", "params": {"channel": "book.ETH-PERPETUAL.none.20.100ms", "data": {"timestamp": 1751814503152, "change_id": 75179856266, "instrument_name": "ETH-PERPETUAL", "bids": [[2561.0, 590.0], [2560.75, 53.0], [2560.6, 8500.0], [2560.55, 3275.0], [2560.5, 19252.0], [2560.45, 1606.0], [2560.4, 1280.0], [2560.2, 330.0], [2560.15, 9262.0], [2560.1, 4610.0], [2560.05, 72576.0], [2560.0, 75363.0], [2559.95, 112744.0], [2559.9, 19992.0], [2559.85, 13658.0], [2559.8, 17767.0], [2559.75, 9349.0], [2559.7, 6623.0], [2559.65, 13252.0], [2559.6, 26192.0]], "asks": [[2561.05, 121407.0], [2561.1, 113565.0], [2561.15, 3255.0], [2561.25, 4240.0], [2561.3, 13783.0], [2561.4, 24863.0], [2561.45, 11718.0], [2561.5, 70376.0], [2561.55, 4051.0], [2561.65, 2661.0], [2561.7, 35158.0], [2561.75, 2781.0], [2561.8, 22659.0], [2561.85, 81799.0], [2561.9, 10.0], [2561.95, 17345.0], [2562.0, 59292.0], [2562.1, 1176.0], [2562.15, 10857.0], [2562.2, 9291.0]]}}}
{"jsonrpc": "2.0", "method": "subscription", "params": {"channel": "book.ETH-PERPETUAL.none.20.100ms", "data": {"timestamp": 1751814503585, "change_id": 75179856756, "instrument_name": "ETH-PERPETUAL", "bids": [[2561.0, 868.0], [2560.95, 1337.0], [2560.75, 53.0], [2560.6, 8500.0], [2560.55, 3275.0], [2560.5, 19252.0], [2560.45, 1606.0], [2560.4, 1280.0], [2560.2, 330.0], [2560.15, 9262.0], [2560.1, 4610.0], [2560.05, 72576.0], [2560.0, 95355.0], [2559.95, 130511.0], [2559.85, 13658.0], [2559.75, 9349.0], [2559.7, 6623.0], [2559.65, 13252.0], [2559.6, 26192.0], [2559.55, 13654.0]], "asks": [[2561.05, 181221.0], [2561.1, 20421.0], [2561.25, 4240.0], [2561.3, 17443.0], [2561.4, 24863.0], [2561.45, 11718.0], [2561.5, 70376.0], [2561.55, 2500.0], [2561.7, 35158.0], [2561.75, 2781.0], [2561.8, 22659.0], [2561.85, 81799.0], [2561.9, 2684.0], [2561.95, 17345.0], [2562.0, 59292.0], [2562.1, 1176.0], [2562.15, 10857.0], [2562.2, 9291.0], [2562.25, 1206.0], [2562.3, 13676.0]]}}}
{"jsonrpc": "2.0", "method": "subscription", "params": {"channel": "book.ETH-PERPETUAL.none.20.100ms", "data": {"timestamp": 1751814503906, "change_id": 75179857028, "instrument_name": "ETH-PERPETUAL", "bids": [[2561.0, 588.0], [2560.75, 53.0], [2560.6, 8500.0], [2560.55, 3275.0], [2560.5, 19252.0], [2560.45, 1606.0], [2560.4, 1280.0], [2560.2, 330.0], [2560.15, 9262.0], [2560.1, 4610.0], [2560.05, 72576.0], [2560.0, 75363.0], [2559.95, 112744.0], [2559.9, 19992.0], [2559.85, 13658.0], [2559.8, 17767.0], [2559.75, 9349.0], [2559.7, 6623.0], [2559.65, 13252.0], [2559.6, 26192.0]], "asks": [[2561.05, 181551.0], [2561.1, 20421.0], [2561.25, 4240.0], [2561.3, 17443.0], [2561.4, 20.0], [2561.5, 42.0], [2561.55, 2500.0], [2561.7, 35158.0], [2561.75, 2781.0], [2561.8, 22659.0], [2561.85, 81799.0], [2561.9, 10.0], [2561.95, 17345.0], [2562.0, 59292.0], [2562.1, 1176.0], [2562.15, 10857.0], [2562.2, 9291.0], [2562.25, 1206.0], [2562.3, 13676.0], [2562.35, 2799.0]]}}}
{"jsonrpc": "2.0", "method": "subscription", "params": {"channel": "book.ETH-PERPETUAL.none.20.100ms", "data": {"timestamp": 1751814504193, "change_id": 75179857343, "instrument_name": "ETH-PERPETUAL", "bids": [[2561.0, 260.0], [2560.75, 53.0], [2560.6, 8500.0], [2560.55, 3275.0], [2560.5, 19252.0], [2560.45, 1606.0], [2560.4, 1280.0], [2560.2, 330.0], [2560.15, 9262.0], [2560.1, 4610.0], [2560.05, 72576.0], [2560.0, 95355.0], [2559.95, 112744.0], [2559.85, 13658.0], [2559.8, 17767.0], [2559.75, 9349.0], [2559.7, 6623.0], [2559.65, 13252.0], [2559.6, 26192.0], [2559.55, 13654.0]], "asks": [[2561.05, 204051.0], [2561.1, 20421.0], [2561.25, 4240.0], [2561.3, 17443.0], [2561.4, 20.0], [2561.5, 42.0], [2561.55, 2500.0], [2561.65, 1555.0], [2561.7, 37832.0], [2561.75, 2781.0], [2561.8, 22659.0], [2561.85, 81799.0], [2561.9, 10.0], [2561.95, 17345.0], [2562.0, 59292.0], [2562.1, 1176.0], [2562.15, 10857.0], [2562.2, 9291.0], [2562.25, 1206.0], [2562.3, 13676.0]]}}}
{"jsonrpc": "2.0", "method": "subscription", "params": {"channel": "book.ETH-PERPETUAL.none.20.100ms", "data": {"timestamp": 1751814504543, "change_id": 75179857659, "instrument_name": "ETH-PERPETUAL", "bids": [[2561.0, 231.0], [2560.75, 53.0], [2560.6, 8500.0], [2560.55, 3275.0], [2560.5, 19252.0], [2560.45, 1606.0], [2560.4, 1280.0], [2560.2, 330.0], [2560.15, 9262.0], [2560.1, 4610.0], [2560.05, 72576.0], [2560.0, 95355.0], [2559.95, 112744.0], [2559.85, 13658.0], [2559.8, 17767.0], [2559.75, 9349.0], [2559.7, 6623.0], [2559.65, 13252.0], [2559.6, 26192.0], [2559.55, 13654.0]], "asks": [[2561.05, 203721.0], [2561.1, 20421.0], [2561.25, 15082.0], [2561.3, 17443.0], [2561.4, 34598.0], [2561.45, 21699.0], [2561.5, 69830.0], [2561.55, 2500.0], [2561.65, 1555.0], [2561.7, 37832.0], [2561.75, 2781.0], [2561.8, 22659.0], [2561.85, 81799.0], [2561.9, 10.0], [2561.95, 17345.0], [2562.0, 59292.0], [2562.1, 1176.0], [2562.15, 10857.0], [2562.2, 9291.0], [2562.25, 1206.0]]}}}
{"jsonrpc": "2.0", "method": "subscription", "params": {"channel": "book.ETH-PERPETUAL.none.20.100ms", "data": {"timestamp": 1751814504824, "change_id": 75179857842, "instrument_name": "ETH-PERPETUAL", "bids": [[2561.0, 231.0], [2560.75, 53.0], [2560.6, 8500.0], [2560.55, 3275.0], [2560.5, 19252.0], [2560.45, 1606.0], [2560.4, 1280.0], [2560.3, 330.0], [2560.15, 9262.0], [2560.1, 4610.0], [2560.05, 72576.0], [2560.0, 75363.0], [2559.95, 112744.0], [2559.9, 19992.0], [2559.85, 13658.0], [2559.8, 17767.0], [2559.75, 9349.0], [2559.7, 6623.0], [2559.65, 13252.0], [2559.6, 26192.0]], "asks": [[2561.05, 204051.0], [2561.1, 20421.0], [2561.25, 15082.0], [2561.3, 17443.0], [2561.4, 34598.0], [2561.45, 21699.0], [2561.5, 69830.0], [2561.55, 2500.0], [2561.65, 1555.0], [2561.7, 37832.0], [2561.75, 2781.0], [2561.8, 22659.0], [2561.85, 81799.0], [2561.9, 10.0], [2561.95, 17345.0], [2562.0, 59292.0], [2562.1, 1176.0], [2562.15, 10857.0], [2562.2, 9291.0], [2562.25, 1206.0]]}}}
{"jsonrpc": "2.0", "method": "subscription", "params": {"channel": "book.ETH-PERPETUAL.none.20.100ms", "data": {"timestamp": 1751814505234, "change_id": 75179858536, "instrument_name": "ETH-PERPETUAL", "bids": [[2560.75, 53.0], [2560.55, 20.0], [2560.5, 89.0], [2560.45, 1606.0], [2560.35, 19128.0], [2560.3, 330.0], [2560.15, 19784.0], [2560.1, 4610.0], [2560.05, 72576.0], [2560.0, 22788.0], [2559.95, 10527.0], [2559.85, 33650.0], [2559.75, 12023.0], [2559.7, 17767.0], [2559.65, 9372.0], [2559.6, 12317.0], [2559.55, 13654.0], [2559.5, 50200.0], [2559.45, 9393.0], [2559.3, 2825.0]], "asks": [[2560.8, 49725.0], [2560.85, 103299.0], [2560.9, 3255.0], [2560.95, 405.0], [2561.0, 38594.0], [2561.05, 61283.0], [2561.1, 19128.0], [2561.25, 15082.0], [2561.3, 13783.0], [2561.4, 34598.0], [2561.45, 21699.0], [2561.5, 81711.0], [2561.55, 7106.0], [2561.7, 35158.0], [2561.75, 1501.0], [2561.8, 18045.0], [2561.85, 81799.0], [2561.9, 10.0], [2561.95, 3538.0], [2562.0, 9292.0]]}}}
{"jsonrpc": "2.0", "method": "subscription", "params": {"channel": "book.ETH-PERPETUAL.none.20.100ms", "data": {"timestamp": 1751814505562, "change_id": 75179858992, "instrument_name": "ETH-PERPETUAL", "bids": [[2560.75, 110.0], [2560.55, 20.0], [2560.5, 89.0], [2560.45, 395.0], [2560.35, 19128.0], [2560.3, 1280.0], [2560.25, 9969.0], [2560.2, 3585.0], [2560.15, 9262.0], [2560.1, 4610.0], [2560.05, 72576.0], [2560.0, 22788.0], [2559.95, 9353.0], [2559.9, 19992.0], [2559.85, 13658.0], [2559.75, 114223.0], [2559.7, 17767.0], [2559.65, 9372.0], [2559.6, 6974.0], [2559.55, 13654.0]], "asks": [[2560.8, 49725.0], [2560.85, 108900.0], [2560.9, 22383.0], [2560.95, 405.0], [2561.0, 26984.0], [2561.05, 61613.0], [2561.25, 15082.0], [2561.3, 13783.0], [2561.4, 34598.0], [2561.45, 5709.0], [2561.5, 11923.0], [2561.55, 7106.0], [2561.7, 37644.0], [2561.75, 1501.0], [2561.8, 18045.0], [2561.85, 81799.0], [2561.9, 10.0], [2561.95, 3538.0], [2562.0, 9292.0], [2562.1, 1176.0]]}}}
{"jsonrpc": "2.0", "method": "subscription", "params": {"channel": "book.ETH-PERPETUAL.none.20.100ms", "data": {"timestamp": 1751814505895, "change_id": 75179859189, "instrument_name": "ETH-PERPETUAL", "bids": [[2560.75, 143.0], [2560.55, 20.0], [2560.5, 89.0], [2560.45, 395.0], [2560.4, 8500.0], [2560.35, 19128.0], [2560.3, 1280.0], [2560.25, 9969.0], [2560.2, 3585.0], [2560.15, 9262.0], [2560.1, 5821.0], [2560.05, 72576.0], [2560.0, 72788.0], [2559.95, 9353.0], [2559.9, 19992.0], [2559.85, 13658.0], [2559.75, 114223.0], [2559.7, 17767.0], [2559.65, 10545.0], [2559.6, 6974.0]], "asks": [[2560.8, 49725.0], [2560.85, 108900.0], [2560.9, 22383.0], [2560.95, 405.0], [2561.0, 26984.0], [2561.05, 61613.0], [2561.25, 15082.0], [2561.3, 13783.0], [2561.4, 34598.0], [2561.45, 76179.0], [2561.5, 11923.0], [2561.55, 11707.0], [2561.7, 37644.0], [2561.75, 1501.0], [2561.8, 13434.0], [2561.85, 81799.0], [2561.9, 10.0], [2561.95, 3538.0], [2562.0, 9292.0], [2562.1, 1176.0]]}}}
{"jsonrpc": "2.0", "method": "subscription", "params": {"channel": "book.ETH-PERPETUAL.none.20.100ms", "data": {"timestamp": 1751814506210, "change_id": 75179859553, "instrument_name": "ETH-PERPETUAL", "bids": [[2560.75, 440.0], [2560.55, 20.0], [2560.5, 89.0], [2560.45, 395.0], [2560.4, 8500.0], [2560.35, 19128.0], [2560.3, 1280.0], [2560.2, 3585.0], [2560.15, 22470.0], [2560.1, 5821.0], [2560.05, 72576.0], [2560.0, 72788.0], [2559.95, 9353.0], [2559.9, 19992.0], [2559.85, 13658.0], [2559.75, 114223.0], [2559.7, 17767.0], [2559.65, 10545.0], [2559.6, 6974.0], [2559.55, 13654.0]], "asks": [[2560.8, 49725.0], [2560.85, 108900.0], [2560.9, 22383.0], [2560.95, 405.0], [2561.0, 26984.0], [2561.05, 61613.0], [2561.25, 15082.0], [2561.3, 13783.0], [2561.4, 34598.0], [2561.45, 76179.0], [2561.5, 11923.0], [2561.55, 11707.0], [2561.7, 37644.0], [2561.75, 1501.0], [2561.8, 13434.0], [2561.85, 81799.0], [2561.9, 10.0], [2561.95, 3538.0], [2562.0, 59292.0], [2562.1, 1176.0]]}}}
{"jsonrpc": "2.0", "method": "subscription", "params": {"channel": "book.ETH-PERPETUAL.none.20.100ms", "data": {"timestamp": 1751814506560, "change_id": 75179859808, "instrument_name": "ETH-PERPETUAL", "bids": [[2560.75, 792.0], [2560.55, 20.0], [2560.5, 89.0], [2560.45, 395.0], [2560.4, 8500.0], [2560.35, 20408.0], [2560.2, 3585.0], [2560.15, 22470.0], [2560.1, 5821.0], [2560.05, 72576.0], [2560.0, 72788.0], [2559.95, 9353.0], [2559.9, 19992.0], [2559.85, 13658.0], [2559.75, 114223.0], [2559.7, 17767.0], [2559.65, 10545.0], [2559.6, 6974.0], [2559.55, 13654.0], [2559.5, 200.0]], "asks": [[2560.8, 49725.0], [2560.85, 108900.0], [2560.9, 22383.0], [2560.95, 405.0], [2561.0, 18484.0], [2561.05, 61613.0], [2561.25, 15082.0], [2561.3, 13783.0], [2561.4, 62828.0], [2561.45, 70470.0], [2561.5, 11923.0], [2561.55, 11707.0], [2561.7, 37644.0], [2561.75, 1501.0], [2561.8, 13434.0], [2561.85, 81799.0], [2561.9, 10.0], [2561.95, 3538.0], [2562.0, 59292.0], [2562.1, 1176.0]]}}}
{"jsonrpc": "2.0", "method": "subscription", "params": {"channel": "book.ETH-PERPETUAL.none.20.100ms", "data": {"timestamp": 1751814506820, "change_id": 75179859976, "instrument_name": "ETH-PERPETUAL", "bids": [[2560.75, 764.0], [2560.7, 1311.0], [2560.55, 20.0], [2560.5, 89.0], [2560.45, 395.0], [2560.4, 8500.0], [2560.35, 19128.0], [2560.3, 1280.0], [2560.2, 3585.0], [2560.15, 22470.0], [2560.1, 5821.0], [2560.05, 72576.0], [2560.0, 22788.0], [2559.95, 9353.0], [2559.85, 13658.0], [2559.8, 19992.0], [2559.75, 114223.0], [2559.7, 17767.0], [2559.65, 10545.0], [2559.6, 6974.0]], "asks": [[2560.8, 49725.0], [2560.85, 108900.0], [2560.9, 22383.0], [2560.95, 405.0], [2561.0, 18484.0], [2561.05, 61613.0], [2561.25, 15082.0], [2561.3, 13783.0], [2561.4, 62828.0], [2561.45, 70470.0], [2561.5, 11923.0], [2561.55, 11707.0], [2561.7, 37644.0], [2561.75, 1501.0], [2561.8, 13434.0], [2561.85, 81799.0], [2561.9, 10.0], [2561.95, 3538.0], [2562.0, 59292.0], [2562.1, 1176.0]]}}}
{"jsonrpc": "2.0", "method": "subscription", "params": {"channel": "book.ETH-PERPETUAL.none.20.100ms", "data": {"timestamp": 1751814507082, "change_id": 75179860206, "instrument_name": "ETH-PERPETUAL", "bids": [[2560.75, 765.0], [2560.7, 1311.0], [2560.55, 20.0], [2560.5, 89.0], [2560.45, 395.0], [2560.4, 8500.0], [2560.35, 19128.0], [2560.3, 1280.0], [2560.2, 3585.0], [2560.15, 22470.0], [2560.1, 5821.0], [2560.05, 72576.0], [2560.0, 72788.0], [2559.95, 9353.0], [2559.9, 19992.0], [2559.85, 13658.0], [2559.75, 114223.0], [2559.7, 17767.0], [2559.65, 10545.0], [2559.6, 6974.0]], "asks": [[2560.8, 49725.0], [2560.85, 108900.0], [2560.9, 22383.0], [2560.95, 405.0], [2561.0, 18484.0], [2561.05, 61613.0], [2561.25, 15082.0], [2561.3, 13783.0], [2561.4, 62828.0], [2561.45, 70470.0], [2561.5, 11923.0], [2561.55, 11707.0], [2561.7, 37644.0], [2561.75, 1501.0], [2561.8, 13434.0], [2561.85, 81799.0], [2561.9, 10.0], [2561.95, 3538.0], [2562.0, 59292.0], [2562.1, 1176.0]]}}}
{"jsonrpc": "2.0", "method": "subscription", "params": {"channel": "book.ETH-PERPETUAL.none.20.100ms", "data": {"timestamp": 1751814507547, "change_id": 75179860737, "instrument_name": "ETH-PERPETUAL", "bids": [[2560.75, 761.0], [2560.7, 1311.0], [2560.55, 20.0], [2560.5, 89.0], [2560.45, 395.0], [2560.4, 8500.0], [2560.35, 19128.0], [2560.3, 1280.0], [2560.2, 3585.0], [2560.15, 22470.0], [2560.1, 5821.0], [2560.05, 72576.0], [2560.0, 72788.0], [2559.95, 9353.0], [2559.9, 19992.0], [2559.85, 13658.0], [2559.75, 114223.0], [2559.7, 17767.0], [2559.65, 10545.0], [2559.6, 6974.0]], "asks": [[2560.8, 49725.0], [2560.85, 108900.0], [2560.9, 22383.0], [2560.95, 405.0], [2561.0, 18484.0], [2561.05, 61283.0], [2561.25, 15082.0], [2561.3, 13783.0], [2561.4, 62828.0], [2561.45, 70470.0], [2561.5, 11923.0], [2561.55, 11707.0], [2561.7, 37644.0], [2561.75, 1501.0], [2561.8, 13434.0], [2561.85, 81799.0], [2561.9, 10.0], [2561.95, 17345.0], [2562.0, 59292.0], [2562.1, 1176.0]]}}}
{"jsonrpc": "2.0", "method": "subscription", "params": {"channel": "book.ETH-PERPETUAL.none.20.100ms", "data": {"timestamp": 1751814507819, "change_id": 75179860901, "instrument_name": "ETH-PERPETUAL", "bids": [[2560.75, 759.0], [2560.7, 1311.0], [2560.55, 20.0], [2560.5, 89.0], [2560.45, 395.0], [2560.4, 8500.0], [2560.35, 24828.0], [2560.2, 3585.0], [2560.15, 22470.0], [2560.1, 5821.0], [2560.05, 72576.0], [2560.0, 72788.0], [2559.95, 9353.0], [2559.9, 19992.0], [2559.85, 13658.0], [2559.75, 114223.0], [2559.7, 17767.0], [2559.65, 10545.0], [2559.6, 6974.0], [2559.55, 13654.0]], "asks": [[2560.8, 58221.0], [2560.85, 108900.0], [2560.9, 22383.0], [2560.95, 405.0], [2561.0, 18484.0], [2561.05, 61613.0], [2561.25, 15082.0], [2561.3, 13783.0], [2561.4, 34598.0], [2561.5, 11923.0], [2561.55, 11707.0], [2561.7, 36438.0], [2561.75, 1501.0], [2561.8, 13434.0], [2561.85, 81799.0], [2561.9, 10.0], [2561.95, 17345.0], [2562.0, 59292.0], [2562.05, 1206.0], [2562.1, 1176.0]]}}}
{"jsonrpc": "2.0", "method": "subscription", "params": {"channel": "book.ETH-PERPETUAL.none.20.100ms", "data": {"timestamp": 1751814508209, "change_id": 75179861292, "instrument_name": "ETH-PERPETUAL", "bids": [[2560.75, 759.0], [2560.7, 1311.0], [2560.55, 20.0], [2560.5, 89.0], [2560.45, 395.0], [2560.4, 8500.0], [2560.35, 20408.0], [2560.2, 3585.0], [2560.15, 22470.0], [2560.1, 5821.0], [2560.05, 72576.0], [2560.0, 72788.0], [2559.95, 9353.0], [2559.85, 13658.0], [2559.8, 19992.0], [2559.75, 114223.0], [2559.7, 17767.0], [2559.65, 10545.0], [2559.6, 6974.0], [2559.55, 13654.0]], "asks": [[2560.8, 58221.0], [2560.85, 108900.0], [2560.9, 22383.0], [2560.95, 405.0], [2561.0, 18484.0], [2561.05, 61613.0], [2561.25, 15082.0], [2561.3, 13783.0], [2561.4, 34598.0], [2561.5, 79546.0], [2561.55, 11707.0], [2561.7, 36438.0], [2561.75, 1501.0], [2561.8, 13434.0], [2561.85, 81799.0], [2561.9, 10.0], [2561.95, 17345.0], [2562.0, 59292.0], [2562.05, 1206.0], [2562.1, 1176.0]]}}}
{"jsonrpc": "2.0", "method": "subscription", "params": {"channel": "book.ETH-PERPETUAL.none.20.100ms", "data": {"timestamp": 1751814508546, "change_id": 75179861536, "instrument_name": "ETH-PERPETUAL", "bids": [[2560.75, 761.0], [2560.7, 1311.0], [2560.55, 20.0], [2560.5, 89.0], [2560.45, 395.0], [2560.4, 11755.0], [2560.35, 20408.0], [2560.2, 330.0], [2560.15, 22470.0], [2560.1, 5821.0], [2560.05, 72576.0], [2560.0, 72788.0], [2559.95, 9353.0], [2559.9, 19992.0], [2559.85, 13658.0], [2559.75, 114223.0], [2559.7, 17767.0], [2559.65, 10545.0], [2559.6, 6974.0], [2559.55, 13654.0]], "asks": [[2560.8, 49721.0], [2560.85, 108900.0], [2560.9, 22383.0], [2560.95, 405.0], [2561.0, 18484.0], [2561.05, 61283.0], [2561.25, 15082.0], [2561.3, 13783.0], [2561.4, 34598.0], [2561.5, 79546.0], [2561.55, 11707.0], [2561.7, 36438.0], [2561.75, 1501.0], [2561.8, 13434.0], [2561.85, 81799.0], [2561.9, 10.0], [2561.95, 17345.0], [2562.0, 59292.0], [2562.05, 1206.0], [2562.1, 1176.0]]}}}
{"jsonrpc": "2.0", "method": "subscription", "params": {"channel": "book.ETH-PERPETUAL.none.20.100ms", "data": {"timestamp": 1751814508875, "change_id": 75179861750, "instrument_name": "ETH-PERPETUAL", "bids": [[2560.75, 762.0], [2560.7, 1311.0], [2560.55, 20.0], [2560.5, 89.0], [2560.45, 395.0], [2560.4, 11755.0], [2560.35, 20408.0], [2560.2, 330.0], [2560.15, 22470.0], [2560.1, 5821.0], [2560.05, 72576.0], [2560.0, 72788.0], [2559.95, 9353.0], [2559.9, 19992.0], [2559.85, 13658.0], [2559.75, 114223.0], [2559.7, 17767.0], [2559.65, 10545.0], [2559.6, 6974.0], [2559.55, 13654.0]], "asks": [[2560.8, 48394.0], [2560.85, 108900.0], [2560.9, 22383.0], [2560.95, 405.0], [2561.0, 18484.0], [2561.05, 61613.0], [2561.25, 15082.0], [2561.3, 13783.0], [2561.4, 34598.0], [2561.45, 27376.0], [2561.5, 76872.0], [2561.55, 11707.0], [2561.7, 36438.0], [2561.75, 4023.0], [2561.8, 13434.0], [2561.85, 81799.0], [2561.9, 10.0], [2561.95, 17345.0], [2562.0, 59292.0], [2562.05, 1206.0]]}}}
{"jsonrpc": "2.0", "method": "subscription", "params": {"channel": "book.ETH-PERPETUAL.none.20.100ms", "data": {"timestamp": 1751814509156, "change_id": 75179862030, "instrument_name": "ETH-PERPETUAL", "bids": [[2560.75, 430.0], [2560.7, 1311.0], [2560.55, 20.0], [2560.5, 89.0], [2560.45, 395.0], [2560.4, 11755.0], [2560.35, 20408.0], [2560.2, 330.0], [2560.15, 22470.0], [2560.1, 5821.0], [2560.05, 72576.0], [2560.0, 72788.0], [2559.95, 9353.0], [2559.85, 13658.0], [2559.8, 19992.0], [2559.75, 114223.0], [2559.7, 17767.0], [2559.65, 10545.0], [2559.6, 6974.0], [2559.55, 13654.0]], "asks": [[2560.8, 48394.0], [2560.85, 108900.0], [2560.9, 22383.0], [2560.95, 405.0], [2561.0, 18484.0], [2561.05, 61613.0], [2561.25, 15137.0], [2561.3, 13783.0], [2561.4, 34598.0], [2561.45, 27376.0], [2561.5, 76830.0], [2561.55, 11707.0], [2561.7, 36438.0], [2561.75, 4105.0], [2561.8, 13434.0], [2561.85, 81799.0], [2561.9, 10.0], [2561.95, 17345.0], [2562.0, 59262.0], [2562.05, 1206.0]]}}}
{"jsonrpc": "2.0", "method": "subscription", "params": {"channel": "book.ETH-PERPETUAL.none.20.100ms", "data": {"timestamp": 1751814509439, "change_id": 75179862284, "instrument_name": "ETH-PERPETUAL", "bids": [[2560.75, 458.0], [2560.7, 1311.0], [2560.55, 20.0], [2560.5, 89.0], [2560.45, 395.0], [2560.4, 11755.0], [2560.35, 20408.0], [2560.2, 330.0], [2560.15, 22470.0], [2560.1, 5821.0], [2560.05, 72576.0], [2560.0, 72788.0], [2559.95, 9353.0], [2559.9, 19992.0], [2559.85, 13658.0], [2559.75, 114223.0], [2559.7, 17767.0], [2559.65, 10545.0], [2559.6, 6974.0], [2559.55, 13654.0]], "asks": [[2560.8, 35190.0], [2560.85, 108900.0], [2560.9, 19128.0], [2560.95, 405.0], [2561.0, 18484.0], [2561.05, 64538.0], [2561.25, 15137.0], [2561.3, 13783.0], [2561.4, 34598.0], [2561.45, 27376.0], [2561.5, 76830.0], [2561.55, 11707.0], [2561.7, 36438.0], [2561.75, 4105.0], [2561.8, 13434.0], [2561.85, 81799.0], [2561.9, 10.0], [2561.95, 17345.0], [2562.0, 59262.0], [2562.05, 1206.0]]}}}
{"jsonrpc": "2.0", "method": "subscription", "params": {"channel": "book.ETH-PERPETUAL.none.20.100ms", "data": {"timestamp": 1751814509858, "change_id": 75179862539, "instrument_name": "ETH-PERPETUAL", "bids": [[2560.75, 458.0], [2560.7, 1311.0], [2560.55, 20.0], [2560.5, 89.0], [2560.45, 395.0], [2560.4, 11755.0], [2560.35, 20408.0], [2560.15, 22470.0], [2560.1, 5821.0], [2560.05, 72576.0], [2560.0, 72788.0], [2559.95, 9353.0], [2559.85, 13658.0], [2559.8, 19992.0], [2559.75, 114223.0], [2559.7, 17767.0], [2559.65, 10545.0], [2559.6, 6974.0], [2559.55, 13654.0], [2559.5, 200.0]], "asks": [[2560.8, 35190.0], [2560.85, 108900.0], [2560.9, 19128.0], [2560.95, 405.0], [2561.0, 18484.0], [2561.05, 64868.0], [2561.25, 15137.0], [2561.3, 13783.0], [2561.4, 34598.0], [2561.45, 27376.0], [2561.5, 76830.0], [2561.55, 11707.0], [2561.65, 1137.0], [2561.7, 36438.0], [2561.75, 4105.0], [2561.8, 13434.0], [2561.85, 81799.0], [2561.9, 10.0], [2561.95, 17345.0], [2562.0, 59262.0]]}}}
{"jsonrpc": "2.0", "method": "subscription", "params": {"channel": "book.ETH-PERPETUAL.none.20.100ms", "data": {"timestamp": 1751814510197, "change_id": 75179862949, "instrument_name": "ETH-PERPETUAL", "bids": [[2560.75, 459.0], [2560.7, 1311.0], [2560.55, 20.0], [2560.5, 89.0], [2560.45, 395.0], [2560.4, 11755.0], [2560.35, 19128.0], [2560.2, 330.0], [2560.15, 22470.0], [2560.1, 5821.0], [2560.05, 72576.0], [2560.0, 72788.0], [2559.95, 9353.0], [2559.85, 13658.0], [2559.8, 19992.0], [2559.75, 114223.0], [2559.7, 17767.0], [2559.65, 10545.0], [2559.6, 6974.0], [2559.55, 13654.0]], "asks": [[2560.8, 35190.0], [2560.85, 108900.0], [2560.9, 19128.0], [2560.95, 405.0], [2561.0, 18484.0], [2561.05, 64538.0], [2561.25, 15137.0], [2561.3, 13783.0], [2561.4, 34598.0], [2561.45, 27376.0], [2561.5, 76830.0], [2561.55, 11707.0], [2561.65, 1137.0], [2561.7, 36438.0], [2561.75, 4105.0], [2561.8, 13434.0], [2561.85, 81799.0], [2561.9, 10.0], [2561.95, 17345.0], [2562.0, 59262.0]]}}}
{"jsonrpc": "2.0", "method": "subscription", "params": {"channel": "book.ETH-PERPETUAL.none.20.100ms", "data": {"timestamp": 1751814510512, "change_id": 75179863363, "instrument_name": "ETH-PERPETUAL", "bids": [[2560.75, 9894.0], [2560.7, 1311.0], [2560.55, 20.0], [2560.5, 89.0], [2560.45, 395.0], [2560.4, 11755.0], [2560.35, 19128.0], [2560.3, 1280.0], [2560.2, 330.0], [2560.15, 22470.0], [2560.1, 5821.0], [2560.05, 72576.0], [2560.0, 22788.0], [2559.95, 9353.0], [2559.85, 13658.0], [2559.8, 19992.0], [2559.75, 114223.0], [2559.7, 17767.0], [2559.65, 10545.0], [2559.6, 6974.0]], "asks": [[2560.8, 112154.0], [2561.0, 31838.0], [2561.05, 38783.0], [2561.1, 1115.0], [2561.15, 3255.0], [2561.25, 15542.0], [2561.3, 13783.0], [2561.4, 34598.0], [2561.5, 9207.0], [2561.55, 11707.0], [2561.65, 1137.0], [2561.7, 36438.0], [2561.75, 4105.0], [2561.8, 13434.0], [2561.85, 81799.0], [2561.9, 10.0], [2561.95, 3538.0], [2562.0, 9262.0], [2562.05, 1206.0], [2562.1, 1176.0]]}}}
{"jsonrpc": "2.0", "method": "subscription", "params": {"channel": "book.ETH-PERPETUAL.none.20.100ms", "data": {"timestamp": 1751814510858, "change_id": 75179863620, "instrument_name": "ETH-PERPETUAL", "bids": [[2560.75, 181.0], [2560.6, 1321.0], [2560.55, 20.0], [2560.5, 89.0], [2560.35, 22383.0], [2560.3, 1280.0], [2560.2, 330.0], [2560.15, 22470.0], [2560.1, 5821.0], [2560.05, 72576.0], [2560.0, 23191.0], [2559.95, 9353.0], [2559.85, 13658.0], [2559.75, 12023.0], [2559.7, 19992.0], [2559.65, 10545.0], [2559.6, 24741.0], [2559.55, 13654.0], [2559.5, 50200.0], [2559.45, 9393.0]], "asks": [[2560.8, 126254.0], [2560.85, 1311.0], [2560.9, 1098.0], [2560.95, 3660.0], [2561.0, 31838.0], [2561.05, 39113.0], [2561.25, 32987.0], [2561.3, 13783.0], [2561.4, 102273.0], [2561.45, 6274.0], [2561.5, 11850.0], [2561.55, 11707.0], [2561.65, 1137.0], [2561.7, 36438.0], [2561.75, 1483.0], [2561.8, 13434.0], [2561.85, 81799.0], [2561.9, 10.0], [2561.95, 3538.0], [2562.0, 9262.0]]}}}
{"jsonrpc": "2.0", "method": "subscription", "params": {"channel": "book.ETH-PERPETUAL.none.20.100ms", "data": {"timestamp": 1751814511138, "change_id": 75179863953, "instrument_name": "ETH-PERPETUAL", "bids": [[2560.75, 127.0], [2560.55, 20.0], [2560.5, 89.0], [2560.35, 22383.0], [2560.3, 1280.0], [2560.2, 330.0], [2560.15, 22470.0], [2560.1, 5821.0], [2560.05, 72576.0], [2560.0, 73191.0], [2559.95, 9353.0], [2559.85, 13658.0], [2559.8, 102185.0], [2559.75, 12023.0], [2559.7, 19992.0], [2559.65, 10545.0], [2559.6, 24741.0], [2559.55, 13654.0], [2559.5, 200.0], [2559.45, 9393.0]], "asks": [[2560.8, 126254.0], [2560.85, 1311.0], [2560.9, 1098.0], [2560.95, 3660.0], [2561.0, 31838.0], [2561.05, 39113.0], [2561.25, 32987.0], [2561.3, 13783.0], [2561.4, 102273.0], [2561.45, 6274.0], [2561.5, 11850.0], [2561.55, 11707.0], [2561.65, 1137.0], [2561.7, 36438.0], [2561.75, 1483.0], [2561.8, 13434.0], [2561.85, 81799.0], [2561.9, 10.0], [2561.95, 3538.0], [2562.0, 59262.0]]}}}
{"jsonrpc": "2.0", "method": "subscription", "params": {"channel": "book.ETH-PERPETUAL.none.20.100ms", "data": {"timestamp": 1751814511429, "change_id": 75179864241, "instrument_name": "ETH-PERPETUAL", "bids": [[2560.75, 421.0], [2560.55, 20.0], [2560.5, 89.0], [2560.35, 22383.0], [2560.3, 1280.0], [2560.2, 330.0], [2560.15, 22470.0], [2560.1, 5821.0], [2560.05, 72576.0], [2560.0, 73191.0], [2559.95, 9353.0], [2559.85, 13658.0], [2559.8, 122177.0], [2559.75, 29790.0], [2559.65, 10545.0], [2559.6, 6974.0], [2559.55, 13654.0], [2559.5, 200.0], [2559.45, 9393.0], [2559.3, 2825.0]], "asks": [[2560.8, 119154.0], [2560.85, 1311.0], [2560.9, 1098.0], [2560.95, 3660.0], [2561.0, 31838.0], [2561.05, 38783.0], [2561.25, 32987.0], [2561.3, 13783.0], [2561.4, 102273.0], [2561.45, 6274.0], [2561.5, 11910.0], [2561.55, 11707.0], [2561.65, 1137.0], [2561.7, 36438.0], [2561.75, 1513.0], [2561.8, 13434.0], [2561.85, 81799.0], [2561.9, 10.0], [2561.95, 3538.0], [2562.0, 59292.0]]}}}
{"jsonrpc": "2.0", "method": "subscription", "params": {"channel": "book.ETH-PERPETUAL.none.20.100ms", "data": {"timestamp": 1751814511850, "change_id": 75179864493, "instrument_name": "ETH-PERPETUAL", "bids": [[2560.75, 425.0], [2560.55, 20.0], [2560.5, 89.0], [2560.4, 6700.0], [2560.35, 23663.0], [2560.2, 330.0], [2560.15, 22470.0], [2560.1, 5821.0], [2560.05, 73918.0], [2560.0, 73191.0], [2559.95, 9353.0], [2559.85, 13658.0], [2559.8, 122177.0], [2559.75, 29790.0], [2559.65, 10545.0], [2559.6, 6974.0], [2559.55, 13654.0], [2559.5, 200.0], [2559.45, 9393.0], [2559.4, 66873.0]], "asks": [[2560.8, 141654.0], [2560.85, 1311.0], [2560.9, 1098.0], [2560.95, 3660.0], [2561.0, 31838.0], [2561.05, 38783.0], [2561.25, 33317.0], [2561.3, 13783.0], [2561.4, 102273.0], [2561.45, 6274.0], [2561.5, 11910.0], [2561.55, 11707.0], [2561.65, 1137.0], [2561.7, 36438.0], [2561.75, 1513.0], [2561.8, 13434.0], [2561.85, 81799.0], [2561.9, 10.0], [2561.95, 17345.0], [2562.0, 59292.0]]}}}
{"jsonrpc": "2.0", "method": "subscription", "params": {"channel": "book.ETH-PERPETUAL.none.20.100ms", "data": {"timestamp": 1751814512143, "change_id": 75179864783, "instrument_name": "ETH-PERPETUAL", "bids": [[2560.75, 424.0], [2560.55, 20.0], [2560.5, 89.0], [2560.4, 6700.0], [2560.35, 23663.0], [2560.2, 330.0], [2560.15, 22470.0], [2560.1, 5821.0], [2560.05, 73918.0], [2560.0, 73191.0], [2559.95, 9353.0], [2559.85, 13658.0], [2559.8, 122177.0], [2559.75, 29790.0], [2559.65, 10545.0], [2559.6, 6974.0], [2559.55, 13654.0], [2559.5, 200.0], [2559.45, 9393.0], [2559.4, 66873.0]], "asks": [[2560.8, 141654.0], [2560.85, 1311.0], [2560.9, 1098.0], [2560.95, 3660.0], [2561.0, 31838.0], [2561.05, 38783.0], [2561.25, 33317.0], [2561.3, 13783.0], [2561.4, 102273.0], [2561.45, 6274.0], [2561.5, 11910.0], [2561.55, 11707.0], [2561.65, 1137.0], [2561.7, 36438.0], [2561.75, 1513.0], [2561.8, 13434.0], [2561.85, 81799.0], [2561.9, 10.0], [2561.95, 17345.0], [2562.0, 59292.0]]}}}
{"jsonrpc": "2.0", "method": "subscription", "params": {"channel": "book.ETH-PERPETUAL.none.20.100ms", "data": {"timestamp": 1751814512494, "change_id": 75179865102, "instrument_name": "ETH-PERPETUAL", "bids": [[2560.75, 504.0], [2560.55, 20.0], [2560.5, 89.0], [2560.4, 6700.0], [2560.35, 23663.0], [2560.2, 330.0], [2560.15, 22470.0], [2560.1, 5821.0], [2560.05, 73918.0], [2560.0, 73191.0], [2559.95, 9353.0], [2559.85, 13658.0], [2559.8, 122177.0], [2559.75, 29790.0], [2559.65, 10545.0], [2559.6, 6974.0], [2559.55, 13654.0], [2559.5, 200.0], [2559.45, 9393.0], [2559.4, 66873.0]], "asks": [[2560.8, 141654.0], [2560.85, 1311.0], [2560.9, 1098.0], [2560.95, 3660.0], [2561.0, 31838.0], [2561.05, 38783.0], [2561.25, 33317.0], [2561.3, 13783.0], [2561.4, 102273.0], [2561.45, 6274.0], [2561.5, 11910.0], [2561.55, 11707.0], [2561.65, 1137.0], [2561.7, 36438.0], [2561.75, 1513.0], [2561.8, 13434.0], [2561.85, 81799.0], [2561.9, 10.0], [2561.95, 17345.0], [2562.0, 59292.0]]}}}
{"jsonrpc": "2.0", "method": "subscription", "params": {"channel": "book.ETH-PERPETUAL.none.20.100ms", "data": {"timestamp": 1751814512761, "change_id": 75179865238, "instrument_name": "ETH-PERPETUAL", "bids": [[2560.75, 502.0], [2560.7, 1321.0], [2560.55, 20.0], [2560.5, 89.0], [2560.4, 6700.0], [2560.35, 23663.0], [2560.2, 330.0], [2560.15, 22470.0], [2560.1, 5821.0], [2560.05, 73918.0], [2560.0, 73191.0], [2559.95, 9353.0], [2559.85, 13658.0], [2559.8, 122177.0], [2559.75, 29790.0], [2559.65, 10545.0], [2559.6, 6974.0], [2559.55, 13654.0], [2559.5, 200.0], [2559.45, 29455.0]], "asks": [[2560.8, 141650.0], [2560.85, 1311.0], [2560.9, 1098.0], [2560.95, 3660.0], [2561.0, 31838.0], [2561.05, 38783.0], [2561.25, 33317.0], [2561.3, 13783.0], [2561.4, 102273.0], [2561.45, 6274.0], [2561.5, 11910.0], [2561.55, 11707.0], [2561.65, 1137.0], [2561.7, 36438.0], [2561.75, 1513.0], [2561.8, 13434.0], [2561.85, 81799.0], [2561.9, 10.0], [2561.95, 17345.0], [2562.0, 59292.0]]}}}
{"jsonrpc": "2.0", "method": "subscription", "params": {"channel": "book.ETH-PERPETUAL.none.20.100ms", "data": {"timestamp": 1751814513072, "change_id": 75179865519, "instrument_name": "ETH-PERPETUAL", "bids": [[2560.75, 527.0], [2560.7, 1321.0], [2560.55, 20.0], [2560.5, 89.0], [2560.4, 6700.0], [2560.35, 23663.0], [2560.3, 10.0], [2560.2, 330.0], [2560.15, 22470.0], [2560.1, 5821.0], [2560.05, 73918.0], [2560.0, 73191.0], [2559.95, 9353.0], [2559.85, 13658.0], [2559.8, 122177.0], [2559.75, 29790.0], [2559.65, 10545.0], [2559.6, 6974.0], [2559.55, 13654.0], [2559.5, 200.0]], "asks": [[2560.8, 141650.0], [2560.85, 1311.0], [2560.9, 1098.0], [2560.95, 3660.0], [2561.0, 31838.0], [2561.05, 38783.0], [2561.25, 32987.0], [2561.3, 13783.0], [2561.4, 102273.0], [2561.45, 6274.0], [2561.5, 11910.0], [2561.55, 11707.0], [2561.65, 1137.0], [2561.7, 36438.0], [2561.75, 1513.0], [2561.8, 13434.0], [2561.85, 81799.0], [2561.9, 10.0], [2561.95, 17345.0], [2562.0, 59292.0]]}}}
{"jsonrpc": "2.0", "method": "subscription", "params": {"channel": "book.ETH-PERPETUAL.none.20.100ms", "data": {"timestamp": 1751814513485, "change_id": 75179865905, "instrument_name": "ETH-PERPETUAL", "bids": [[2560.75, 527.0], [2560.7, 1321.0], [2560.55, 20.0], [2560.5, 89.0], [2560.35, 23663.0], [2560.3, 10.0], [2560.2, 330.0], [2560.15, 22470.0], [2560.1, 5821.0], [2560.05, 73918.0], [2560.0, 73191.0], [2559.95, 9353.0], [2559.85, 13658.0], [2559.8, 122177.0], [2559.75, 29790.0], [2559.65, 10545.0], [2559.6, 6974.0], [2559.55, 13654.0], [2559.5, 200.0], [2559.45, 29455.0]], "asks": [[2560.8, 141650.0], [2560.85, 1311.0], [2560.9, 1098.0], [2560.95, 3660.0], [2561.0, 31838.0], [2561.05, 38783.0], [2561.25, 33317.0], [2561.3, 13783.0], [2561.4, 102273.0], [2561.45, 6274.0], [2561.5, 11910.0], [2561.55, 11707.0], [2561.65, 1137.0], [2561.7, 36438.0], [2561.75, 1513.0], [2561.8, 13434.0], [2561.85, 81799.0], [2561.9, 10.0], [2561.95, 17345.0], [2562.0, 59292.0]]}}}
{"jsonrpc": "2.0", "method": "subscription", "params": {"channel": "book.ETH-PERPETUAL.none.20.100ms", "data": {"timestamp": 1751814513834, "change_id": 75179866755, "instrument_name": "ETH-PERPETUAL", "bids": [[2560.55, 20.0], [2560.5, 89.0], [2560.3, 10.0], [2560.15, 8500.0], [2560.1, 1211.0], [2560.0, 24471.0], [2559.95, 22383.0], [2559.85, 11179.0], [2559.8, 4600.0], [2559.75, 9349.0], [2559.65, 9372.0], [2559.55, 13654.0], [2559.5, 2843.0], [2559.45, 111569.0], [2559.35, 110334.0], [2559.3, 2825.0], [2559.25, 9626.0], [2559.2, 3983.0], [2559.1, 25361.0], [2559.05, 9517.0]], "asks": [[2560.6, 220247.0], [2560.65, 405.0], [2560.75, 3255.0], [2561.0, 12710.0], [2561.05, 38783.0], [2561.2, 1496.0], [2561.25, 37917.0], [2561.3, 25622.0], [2561.35, 2500.0], [2561.4, 102273.0], [2561.45, 4160.0], [2561.5, 9267.0], [2561.55, 4601.0], [2561.7, 35158.0], [2561.75, 5477.0], [2561.8, 13434.0], [2561.85, 81799.0], [2561.9, 10.0], [2561.95, 17345.0], [2562.0, 59292.0]]}}}
{"jsonrpc": "2.0", "method": "subscription", "params": {"channel": "book.ETH-PERPETUAL.none.20.100ms", "data": {"timestamp": 1751814514165, "change_id": 75179867195, "instrument_name": "ETH-PERPETUAL", "bids": [[2560.55, 85.0], [2560.5, 89.0], [2560.3, 10.0], [2560.15, 8500.0], [2560.1, 1211.0], [2560.0, 34680.0], [2559.95, 22383.0], [2559.85, 410.0], [2559.8, 4600.0], [2559.75, 9349.0], [2559.65, 10714.0], [2559.55, 13654.0], [2559.5, 52843.0], [2559.45, 111569.0], [2559.4, 19991.0], [2559.35, 90343.0], [2559.3, 2825.0], [2559.25, 9626.0], [2559.2, 3983.0], [2559.1, 11718.0]], "asks": [[2560.6, 220247.0], [2560.65, 405.0], [2560.7, 1076.0], [2560.75, 3255.0], [2560.8, 330.0], [2561.0, 12710.0], [2561.05, 38783.0], [2561.2, 1496.0], [2561.25, 37587.0], [2561.3, 25622.0], [2561.35, 1280.0], [2561.4, 67695.0], [2561.45, 4160.0], [2561.5, 9267.0], [2561.55, 4601.0], [2561.6, 1206.0], [2561.7, 33692.0], [2561.75, 5456.0], [2561.8, 13434.0], [2561.85, 81799.0]]}}}
{"jsonrpc": "2.0", "method": "subscription", "params": {"channel": "book.ETH-PERPETUAL.none.20.100ms", "data": {"timestamp": 1751814514467, "change_id": 75179867485, "instrument_name": "ETH-PERPETUAL", "bids": [[2560.55, 165.0], [2560.5, 89.0], [2560.3, 10.0], [2560.15, 8500.0], [2560.1, 1211.0], [2560.0, 34300.0], [2559.95, 22383.0], [2559.85, 410.0], [2559.8, 4600.0], [2559.75, 9349.0], [2559.65, 10714.0], [2559.55, 13654.0], [2559.5, 72834.0], [2559.45, 111569.0], [2559.35, 91516.0], [2559.3, 2825.0], [2559.25, 9626.0], [2559.2, 3983.0], [2559.1, 11718.0], [2559.05, 9517.0]], "asks": [[2560.6, 220577.0], [2560.65, 405.0], [2560.7, 1076.0], [2560.75, 3255.0], [2560.95, 22007.0], [2561.0, 34573.0], [2561.05, 38783.0], [2561.2, 1496.0], [2561.25, 37587.0], [2561.3, 25622.0], [2561.35, 1280.0], [2561.4, 67695.0], [2561.45, 4160.0], [2561.5, 9267.0], [2561.55, 4611.0], [2561.6, 1206.0], [2561.7, 33682.0], [2561.75, 5456.0], [2561.8, 13434.0], [2561.85, 81799.0]]}}}
{"jsonrpc": "2.0", "method": "subscription", "params": {"channel": "book.ETH-PERPETUAL.none.20.100ms", "data": {"timestamp": 1751814514820, "change_id": 75179867842, "instrument_name": "ETH-PERPETUAL", "bids": [[2560.55, 165.0], [2560.5, 89.0], [2560.3, 10.0], [2560.15, 11755.0], [2560.1, 1211.0], [2560.0, 24471.0], [2559.95, 32959.0], [2559.85, 410.0], [2559.8, 4600.0], [2559.75, 9349.0], [2559.7, 2620.0], [2559.65, 10714.0], [2559.55, 33645.0], [2559.5, 67967.0], [2559.45, 111569.0], [2559.4, 27455.0], [2559.35, 73749.0], [2559.25, 30379.0], [2559.2, 69177.0], [2559.1, 11718.0]], "asks": [[2560.6, 196925.0], [2560.65, 405.0], [2560.7, 2386.0], [2560.75, 3255.0], [2560.95, 22007.0], [2561.0, 34573.0], [2561.05, 38783.0], [2561.2, 1496.0], [2561.25, 37587.0], [2561.3, 22979.0], [2561.35, 1280.0], [2561.4, 67695.0], [2561.45, 4160.0], [2561.5, 9267.0], [2561.55, 7231.0], [2561.6, 1206.0], [2561.7, 32648.0], [2561.75, 5456.0], [2561.8, 13434.0], [2561.85, 81799.0]]}}}
{"jsonrpc": "2.0", "method": "subscription", "params": {"channel": "book.ETH-PERPETUAL.none.20.100ms", "data": {"timestamp": 1751814515150, "change_id": 75179868186, "instrument_name": "ETH-PERPETUAL", "bids": [[2560.55, 119.0], [2560.5, 89.0], [2560.3, 10.0], [2560.15, 11755.0], [2560.1, 1211.0], [2560.0, 24471.0], [2559.95, 32959.0], [2559.85, 410.0], [2559.8, 4600.0], [2559.75, 9349.0], [2559.7, 2620.0], [2559.65, 10714.0], [2559.55, 33645.0], [2559.5, 50200.0], [2559.45, 111569.0], [2559.4, 45222.0], [2559.35, 73749.0], [2559.25, 30379.0], [2559.2, 69177.0], [2559.1, 11718.0]], "asks": [[2560.6, 196595.0], [2560.65, 405.0], [2560.7, 1076.0], [2560.75, 3255.0], [2560.95, 22007.0], [2561.0, 34573.0], [2561.05, 38783.0], [2561.2, 1496.0], [2561.25, 37587.0], [2561.3, 25479.0], [2561.35, 1280.0], [2561.4, 67695.0], [2561.45, 6660.0], [2561.5, 9267.0], [2561.55, 7231.0], [2561.6, 1206.0], [2561.7, 32648.0], [2561.75, 5456.0], [2561.8, 13434.0], [2561.85, 81799.0]]}}}
{"jsonrpc": "2.0", "method": "subscription", "params": {"channel": "book.ETH-PERPETUAL.none.20.100ms", "data": {"timestamp": 1751814515482, "change_id": 75179868505, "instrument_name": "ETH-PERPETUAL", "bids": [[2560.55, 83.0], [2560.5, 89.0], [2560.4, 1310.0], [2560.3, 10.0], [2560.15, 11755.0], [2560.1, 1211.0], [2560.0, 53286.0], [2559.85, 410.0], [2559.8, 4600.0], [2559.75, 9349.0], [2559.65, 10714.0], [2559.55, 13654.0], [2559.5, 50200.0], [2559.45, 114185.0], [2559.4, 47446.0], [2559.35, 73749.0], [2559.3, 17767.0], [2559.25, 30379.0], [2559.2, 69177.0], [2559.1, 11718.0]], "asks": [[2560.6, 196595.0], [2560.65, 1715.0], [2560.7, 1076.0], [2560.75, 3255.0], [2560.95, 22007.0], [2561.0, 34573.0], [2561.05, 38783.0], [2561.2, 1496.0], [2561.25, 37587.0], [2561.3, 28099.0], [2561.35, 1280.0], [2561.4, 67695.0], [2561.45, 6660.0], [2561.5, 9267.0], [2561.55, 4611.0], [2561.6, 1206.0], [2561.7, 32648.0], [2561.75, 5456.0], [2561.8, 13434.0], [2561.85, 81799.0]]}}}
{"jsonrpc": "2.0", "method": "subscription", "params": {"channel": "book.ETH-PERPETUAL.none.20.100ms", "data": {"timestamp": 1751814515813, "change_id": 75179868774, "instrument_name": "ETH-PERPETUAL", "bids": [[2560.55, 85.0], [2560.5, 89.0], [2560.4, 1310.0], [2560.3, 10.0], [2560.15, 11755.0], [2560.1, 1211.0], [2560.0, 43599.0], [2559.85, 10075.0], [2559.8, 4600.0], [2559.75, 9349.0], [2559.65, 10714.0], [2559.55, 13654.0], [2559.5, 50200.0], [2559.45, 114185.0], [2559.4, 47446.0], [2559.35, 73749.0], [2559.3, 17767.0], [2559.25, 30379.0], [2559.2, 69177.0], [2559.1, 11718.0]], "asks": [[2560.6, 196595.0], [2560.65, 1715.0], [2560.7, 1076.0], [2560.75, 3257.0], [2560.8, 330.0], [2560.95, 22007.0], [2561.0, 34573.0], [2561.05, 38783.0], [2561.2, 1496.0], [2561.25, 37587.0], [2561.3, 28099.0], [2561.35, 1280.0], [2561.4, 67695.0], [2561.45, 6660.0], [2561.5, 9267.0], [2561.55, 4611.0], [2561.6, 1206.0], [2561.7, 32648.0], [2561.75, 5456.0], [2561.8, 13434.0]]}}}
{"jsonrpc": "2.0", "method": "subscription", "params": {"channel": "book.ETH-PERPETUAL.none.20.100ms", "data": {"timestamp": 1751814516122, "change_id": 75179869306, "instrument_name": "ETH-PERPETUAL", "bids": [[2560.5, 123.0], [2560.3, 10.0], [2560.15, 10.0], [2560.0, 22788.0], [2559.9, 19128.0], [2559.85, 3665.0], [2559.8, 4600.0], [2559.7, 403.0], [2559.65, 10714.0], [2559.6, 12715.0], [2559.55, 13654.0], [2559.5, 200.0], [2559.45, 12013.0], [2559.35, 73749.0], [2559.25, 9626.0], [2559.15, 37758.0], [2559.1, 11718.0], [2559.05, 9517.0], [2559.0, 79542.0], [2558.85, 6658.0]], "asks": [[2560.55, 42208.0], [2560.6, 168737.0], [2560.65, 405.0], [2560.75, 3257.0], [2560.95, 22007.0], [2561.0, 34573.0], [2561.05, 38783.0], [2561.1, 2620.0], [2561.2, 1496.0], [2561.25, 37587.0], [2561.3, 25479.0], [2561.35, 1280.0], [2561.4, 67695.0], [2561.45, 6660.0], [2561.5, 9267.0], [2561.55, 4611.0], [2561.6, 1206.0], [2561.7, 32648.0], [2561.75, 5503.0], [2561.8, 13434.0]]}}}
{"jsonrpc": "2.0", "method": "subscription", "params": {"channel": "book.ETH-PERPETUAL.none.20.100ms", "data": {"timestamp": 1751814516480, "change_id": 75179869974, "instrument_name": "ETH-PERPETUAL", "bids": [[2560.3, 10.0], [2560.15, 10.0], [2560.0, 288.0], [2559.9, 19128.0], [2559.85, 80.0], [2559.7, 1613.0], [2559.65, 13969.0], [2559.6, 13347.0], [2559.55, 13654.0], [2559.5, 54611.0], [2559.45, 9393.0], [2559.35, 73749.0], [2559.25, 9626.0], [2559.2, 22605.0], [2559.1, 11718.0], [2559.05, 27284.0], [2559.0, 29542.0], [2558.85, 6658.0], [2558.8, 9502.0], [2558.75, 3931.0]], "asks": [[2560.35, 162138.0], [2560.5, 11621.0], [2560.6, 29830.0], [2560.65, 405.0], [2560.75, 3257.0], [2560.9, 21773.0], [2560.95, 94583.0], [2561.0, 39208.0], [2561.05, 38783.0], [2561.1, 2620.0], [2561.2, 1496.0], [2561.25, 12689.0], [2561.3, 27588.0], [2561.4, 20.0], [2561.45, 21143.0], [2561.5, 59267.0], [2561.55, 4611.0], [2561.6, 1206.0], [2561.7, 8448.0], [2561.75, 5503.0]]}}}
{"jsonrpc": "2.0", "method": "subscription", "params": {"channel": "book.ETH-PERPETUAL.none.20.100ms", "data": {"timestamp": 1751814516811, "change_id": 75179870738, "instrument_name": "ETH-PERPETUAL", "bids": [[2560.3, 10.0], [2560.15, 10.0], [2560.0, 288.0], [2559.85, 80.0], [2559.7, 20741.0], [2559.6, 1279.0], [2559.55, 28817.0], [2559.5, 7866.0], [2559.45, 9393.0], [2559.35, 72576.0], [2559.25, 9626.0], [2559.2, 2614.0], [2559.05, 29508.0], [2559.0, 79542.0], [2558.9, 17767.0], [2558.85, 6658.0], [2558.8, 9502.0], [2558.75, 3931.0], [2558.7, 13879.0], [2558.65, 9601.0]], "asks": [[2560.35, 192043.0], [2560.6, 330.0], [2560.75, 3257.0], [2560.85, 42118.0], [2560.9, 67817.0], [2560.95, 86351.0], [2561.0, 4635.0], [2561.05, 38783.0], [2561.1, 2500.0], [2561.15, 1205.0], [2561.25, 8089.0], [2561.3, 27588.0], [2561.35, 3922.0], [2561.4, 20.0], [2561.45, 21143.0], [2561.5, 59267.0], [2561.55, 10.0], [2561.7, 8448.0], [2561.75, 1539.0], [2561.8, 31220.0]]}}}
{"jsonrpc": "2.0", "method": "subscription", "params": {"channel": "book.ETH-PERPETUAL.none.20.100ms", "data": {"timestamp": 1751814517140, "change_id": 75179871203, "instrument_name": "ETH-PERPETUAL", "bids": [[2560.15, 10.0], [2560.0, 288.0], [2559.7, 1613.0], [2559.55, 15291.0], [2559.5, 7866.0], [2559.45, 9393.0], [2559.35, 73918.0], [2559.25, 9626.0], [2559.2, 2614.0], [2559.05, 29508.0], [2559.0, 79542.0], [2558.9, 17767.0], [2558.85, 6658.0], [2558.8, 9502.0], [2558.75, 3931.0], [2558.7, 13879.0], [2558.65, 9601.0], [2558.6, 22500.0], [2558.55, 9502.0], [2558.5, 129.0]], "asks": [[2560.2, 141209.0], [2560.25, 19309.0], [2560.3, 22331.0], [2560.35, 42033.0], [2560.5, 10370.0], [2560.55, 34896.0], [2560.75, 3257.0], [2560.85, 2614.0], [2560.95, 87631.0], [2561.0, 4635.0], [2561.05, 48002.0], [2561.15, 1205.0], [2561.25, 8089.0], [2561.3, 27588.0], [2561.35, 3922.0], [2561.4, 20.0], [2561.45, 18643.0], [2561.5, 59267.0], [2561.55, 10.0], [2561.7, 8448.0]]}}}
{"jsonrpc": "2.0", "method": "subscription", "params": {"channel": "book.ETH-PERPETUAL.none.20.100ms", "data": {"timestamp": 1751814517473, "change_id": 75179872727, "instrument_name": "ETH-PERPETUAL", "bids": [[2559.7, 20995.0], [2559.4, 13831.0], [2559.25, 210.0], [2559.15, 4937.0], [2559.1, 20093.0], [2559.05, 9517.0], [2559.0, 86968.0], [2558.8, 9502.0], [2558.65, 19991.0], [2558.6, 22500.0], [2558.55, 82078.0], [2558.5, 17896.0], [2558.45, 115724.0], [2558.35, 3016.0], [2558.3, 13379.0], [2558.25, 552.0], [2558.15, 2911.0], [2558.1, 16681.0], [2558.0, 13722.0], [2557.95, 13658.0]], "asks": [[2559.75, 27705.0], [2560.0, 13831.0], [2560.05, 9705.0], [2560.15, 8500.0], [2560.2, 22500.0], [2560.25, 6699.0], [2560.3, 22331.0], [2560.5, 10469.0], [2560.55, 39178.0], [2560.75, 2.0], [2560.9, 22157.0], [2560.95, 86351.0], [2561.0, 23.0], [2561.05, 48002.0], [2561.15, 1205.0], [2561.25, 8337.0], [2561.3, 27588.0], [2561.35, 1033.0], [2561.4, 13128.0], [2561.5, 9267.0]]}}}
{"jsonrpc": "2.0", "method": "subscription", "params": {"channel": "book.ETH-PERPETUAL.none.20.100ms", "data": {"timestamp": 1751814517800, "change_id": 75179873304, "instrument_name": "ETH-PERPETUAL", "bids": [[2559.7, 11379.0], [2559.65, 1236.0], [2559.45, 9842.0], [2559.4, 28918.0], [2559.35, 3255.0], [2559.25, 210.0], [2559.15, 1682.0], [2559.05, 9847.0], [2559.0, 86968.0], [2558.85, 23597.0], [2558.8, 9502.0], [2558.7, 17767.0], [2558.65, 31373.0], [2558.6, 22500.0], [2558.55, 82078.0], [2558.5, 34846.0], [2558.45, 115724.0], [2558.35, 3016.0], [2558.3, 13379.0], [2558.25, 552.0]], "asks": [[2559.75, 130929.0], [2559.95, 3255.0], [2560.0, 13831.0], [2560.05, 9705.0], [2560.15, 8500.0], [2560.2, 22830.0], [2560.25, 4149.0], [2560.3, 13831.0], [2560.4, 7929.0], [2560.45, 9221.0], [2560.5, 5994.0], [2560.55, 7112.0], [2560.75, 2.0], [2560.9, 24629.0], [2560.95, 86351.0], [2561.0, 23.0], [2561.05, 48002.0], [2561.15, 1205.0], [2561.25, 8337.0], [2561.3, 22979.0]]}}}
{"jsonrpc": "2.0", "method": "subscription", "params": {"channel": "book.ETH-PERPETUAL.none.20.100ms", "data": {"timestamp": 1751814518125, "change_id": 75179873704, "instrument_name": "ETH-PERPETUAL", "bids": [[2559.7, 9020.0], [2559.65, 1236.0], [2559.45, 9842.0], [2559.35, 3255.0], [2559.25, 210.0], [2559.15, 1682.0], [2559.1, 16067.0], [2559.05, 9847.0], [2559.0, 86968.0], [2558.85, 3606.0], [2558.8, 9502.0], [2558.7, 19991.0], [2558.65, 31373.0], [2558.6, 40267.0], [2558.55, 82078.0], [2558.5, 34846.0], [2558.45, 115724.0], [2558.35, 3016.0], [2558.3, 13379.0], [2558.25, 552.0]], "asks": [[2559.75, 131259.0], [2559.95, 3255.0], [2560.0, 13831.0], [2560.05, 9705.0], [2560.15, 8500.0], [2560.2, 22500.0], [2560.25, 4149.0], [2560.3, 13831.0], [2560.4, 5429.0], [2560.45, 9221.0], [2560.5, 5994.0], [2560.55, 4612.0], [2560.65, 2767.0], [2560.7, 9221.0], [2560.75, 2.0], [2560.85, 43904.0], [2560.9, 73771.0], [2560.95, 86351.0], [2561.0, 23.0], [2561.05, 48002.0]]}}}
{"jsonrpc": "2.0", "method": "subscription", "params": {"channel": "book.ETH-PERPETUAL.none.20.100ms", "data": {"timestamp": 1751814518455, "change_id": 75179874128, "instrument_name": "ETH-PERPETUAL", "bids": [[2559.7, 9121.0], [2559.65, 1236.0], [2559.45, 9842.0], [2559.35, 3255.0], [2559.25, 210.0], [2559.15, 403.0], [2559.1, 15837.0], [2559.05, 9847.0], [2559.0, 86968.0], [2558.85, 3606.0], [2558.8, 9502.0], [2558.7, 19991.0], [2558.65, 31373.0], [2558.6, 40267.0], [2558.55, 82078.0], [2558.5, 34846.0], [2558.45, 115724.0], [2558.35, 3016.0], [2558.3, 13379.0], [2558.25, 24068.0]], "asks": [[2559.75, 131259.0], [2559.95, 7526.0], [2560.0, 13831.0], [2560.05, 9705.0], [2560.15, 8500.0], [2560.2, 22500.0], [2560.25, 14000.0], [2560.3, 48394.0], [2560.4, 5429.0], [2560.45, 9221.0], [2560.5, 5994.0], [2560.55, 4612.0], [2560.65, 2767.0], [2560.7, 9221.0], [2560.75, 2.0], [2560.85, 22514.0], [2560.9, 2472.0], [2560.95, 86351.0], [2561.0, 23.0], [2561.05, 48002.0]]}}}
