{"jsonrpc": "2.0", "id": 1, "result": ["book.ETH-PERPETUAL.none.20.100ms"], "usIn": 1763772232500350, "usOut": 1763772232500583, "usDiff": 233, "testnet": false}
{"jsonrpc": "2.0", "method": "subscription", "params": {"channel": "book.ETH-PERPETUAL.none.20.100ms", "data": {"timestamp": 1763772232491, "change_id": 98255329585, "instrument_name": "ETH-PERPETUAL", "bids": [[2767.9, 66497.0], [2767.6, 2179.0], [2767.55, 7300.0], [2767.5, 2206.0], [2767.45, 7300.0], [2767.4, 90.0], [2767.3, 1099.0], [2767.2, 3682.0], [2767.15, 2999.0], [2767.1, 1841.0], [2767.0, 3686.0], [2766.95, 48.0], [2766.75, 4656.0], [2766.7, 10254.0], [2766.6, 1115.0], [2766.55, 3730.0], [2766.5, 2771.0], [2766.4, 1111.0], [2766.35, 3722.0], [2766.3, 1110.0]], "asks": [[2767.95, 3800.0], [2768.1, 3731.0], [2768.2, 12500.0], [2768.35, 2179.0], [2768.4, 10026.0], [2768.45, 3705.0], [2768.5, 5426.0], [2768.6, 7299.0], [2768.65, 1322.0], [2768.7, 25206.0], [2768.75, 3681.0], [2768.8, 1243.0], [2768.9, 1015.0], [2768.95, 3738.0], [2769.05, 20783.0], [2769.1, 2508.0], [2769.15, 9016.0], [2769.35, 1114.0], [2769.4, 3731.0], [2769.5, 1419.0]]}}}
{"jsonrpc": "2.0", "method": "subscription", "params": {"channel": "book.ETH-PERPETUAL.none.20.100ms", "data": {"timestamp": 1763772232516, "change_id": 98255329600, "instrument_name": "ETH-PERPETUAL", "bids": [[2767.9, 66497.0], [2767.6, 2179.0], [2767.55, 7300.0], [2767.5, 2206.0], [2767.45, 7300.0], [2767.4, 90.0], [2767.3, 1099.0], [2767.2, 3682.0], [2767.1, 1841.0], [2767.05, 2999.0], [2767.0, 3686.0], [2766.95, 48.0], [2766.75, 4656.0], [2766.7, 10254.0], [2766.6, 1115.0], [2766.55, 3730.0], [2766.5, 5.0], [2766.4, 1111.0], [2766.35, 3722.0], [2766.3, 1110.0]], "asks": [[2767.95, 3846.0], [2768.1, 3731.0], [2768.2, 12500.0], [2768.35, 2179.0], [2768.4, 10026.0], [2768.45, 3705.0], [2768.5, 5426.0], [2768.6, 7299.0], [2768.65, 1322.0], [2768.7, 25206.0], [2768.75, 3681.0], [2768.8, 1243.0], [2768.9, 1015.0], [2768.95, 3738.0], [2769.05, 20783.0], [2769.1, 2508.0], [2769.15, 9016.0], [2769.35, 1114.0], [2769.4, 3731.0], [2769.5, 1419.0]]}}}
{"jsonrpc": "2.0", "method": "subscription", "params": {"channel": "book.ETH-PERPETUAL.none.20.100ms", "data": {"timestamp": 1763772232835, "change_id": 98255330200, "instrument_name": "ETH-PERPETUAL", "bids": [[2767.9, 66497.0], [2767.6, 3520.0], [2767.55, 7300.0], [2767.5, 7632.0], [2767.45, 7300.0], [2767.4, 90.0], [2767.35, 1113.0], [2767.25, 48.0], [2767.2, 3682.0], [2767.15, 2999.0], [2767.1, 1841.0], [2767.05, 1115.0], [2767.0, 3686.0], [2766.75, 1923.0], [2766.7, 4828.0], [2766.6, 1115.0], [2766.55, 3730.0], [2766.5, 5.0], [2766.4, 14134.0], [2766.35, 3722.0]], "asks": [[2767.95, 4258.0], [2768.15, 3731.0], [2768.2, 12500.0], [2768.35, 2179.0], [2768.4, 10026.0], [2768.45, 3705.0], [2768.5, 5426.0], [2768.6, 7299.0], [2768.65, 1322.0], [2768.7, 25206.0], [2768.75, 3681.0], [2768.8, 1243.0], [2768.9, 18797.0], [2768.95, 3738.0], [2769.1, 3001.0], [2769.15, 9016.0], [2769.35, 1114.0], [2769.4, 3731.0], [2769.5, 4188.0], [2769.55, 3738.0]]}}}
{"jsonrpc": "2.0", "method": "subscription", "params": {"channel": "book.ETH-PERPETUAL.none.20.100ms", "data": {"timestamp": 1763772233178, "change_id": 98255330732, "instrument_name": "ETH-PERPETUAL", "bids": [[2767.9, 66497.0], [2767.6, 3520.0], [2767.55, 7300.0], [2767.5, 7632.0], [2767.45, 7300.0], [2767.4, 90.0], [2767.3, 1113.0], [2767.25, 48.0], [2767.2, 3682.0], [2767.15, 2999.0], [2767.1, 1841.0], [2767.05, 1115.0], [2767.0, 3686.0], [2766.75, 1923.0], [2766.7, 4828.0], [2766.6, 1115.0], [2766.55, 6496.0], [2766.5, 5.0], [2766.4, 14134.0], [2766.35, 3722.0]], "asks": [[2767.95, 4261.0], [2768.15, 3731.0], [2768.2, 12500.0], [2768.35, 2179.0], [2768.4, 10026.0], [2768.45, 3705.0], [2768.5, 5426.0], [2768.6, 7299.0], [2768.65, 1322.0], [2768.7, 25206.0], [2768.75, 3681.0], [2768.8, 1243.0], [2768.9, 1015.0], [2768.95, 3738.0], [2769.05, 17782.0], [2769.1, 3001.0], [2769.15, 9016.0], [2769.35, 1114.0], [2769.4, 3731.0], [2769.5, 4188.0]]}}}
{"jsonrpc": "2.0", "method": "subscription", "params": {"channel": "book.ETH-PERPETUAL.none.20.100ms", "data": {"timestamp": 1763772233488, "change_id": 98255330916, "instrument_name": "ETH-PERPETUAL", "bids": [[2767.9, 66497.0], [2767.7, 2179.0], [2767.65, 7300.0], [2767.6, 3520.0], [2767.55, 7300.0], [2767.5, 7632.0], [2767.45, 7300.0], [2767.4, 90.0], [2767.3, 1113.0], [2767.25, 3047.0], [2767.2, 3682.0], [2767.1, 1841.0], [2767.05, 1115.0], [2767.0, 3686.0], [2766.75, 1923.0], [2766.7, 4828.0], [2766.6, 1115.0], [2766.55, 6496.0], [2766.5, 5.0], [2766.4, 14134.0]], "asks": [[2767.95, 3800.0], [2768.15, 3731.0], [2768.2, 12500.0], [2768.3, 4358.0], [2768.35, 7300.0], [2768.4, 10026.0], [2768.45, 3705.0], [2768.5, 5426.0], [2768.6, 7299.0], [2768.65, 1322.0], [2768.7, 25206.0], [2768.75, 3681.0], [2768.8, 1243.0], [2768.9, 1015.0], [2768.95, 3738.0], [2769.0, 3001.0], [2769.05, 17782.0], [2769.15, 9016.0], [2769.35, 1114.0], [2769.4, 3731.0]]}}}
{"jsonrpc": "2.0", "method": "subscription", "params": {"channel": "book.ETH-PERPETUAL.none.20.100ms", "data": {"timestamp": 1763772233840, "change_id": 98255331847, "instrument_name": "ETH-PERPETUAL", "bids": [[2768.45, 33097.0], [2768.25, 17902.0], [2768.2, 40964.0], [2768.15, 15950.0], [2767.95, 2269.0], [2767.9, 7600.0], [2767.7, 2179.0], [2767.65, 7300.0], [2767.6, 3520.0], [2767.55, 10299.0], [2767.5, 9108.0], [2767.45, 1471.0], [2767.4, 1930.0], [2767.3, 1113.0], [2767.25, 48.0], [2767.2, 3682.0], [2767.05, 1115.0], [2767.0, 3686.0], [2766.75, 3364.0], [2766.7, 4828.0]], "asks": [[2768.5, 12500.0], [2768.7, 1470.0], [2768.8, 1243.0], [2768.85, 12635.0], [2768.9, 1015.0], [2768.95, 3738.0], [2769.0, 21120.0], [2769.05, 1838.0], [2769.15, 3731.0], [2769.3, 11265.0], [2769.35, 17782.0], [2769.4, 3731.0], [2769.5, 1419.0], [2769.55, 3738.0], [2769.6, 5045.0], [2769.7, 3728.0], [2769.75, 13649.0], [2769.9, 1140.0], [2769.95, 3728.0], [2770.0, 90.0]]}}}
{"jsonrpc": "2.0", "method": "subscription", "params": {"channel": "book.ETH-PERPETUAL.none.20.100ms", "data": {"timestamp": 1763772234148, "change_id": 98255332857, "instrument_name": "ETH-PERPETUAL", "bids": [[2768.45, 2500.0], [2768.2, 7300.0], [2767.95, 2269.0], [2767.9, 7600.0], [2767.8, 3827.0], [2767.75, 3680.0], [2767.65, 9140.0], [2767.6, 5343.0], [2767.55, 7300.0], [2767.5, 15329.0], [2767.45, 15913.0], [2767.4, 90.0], [2767.3, 1113.0], [2767.25, 3047.0], [2767.2, 3682.0], [2767.05, 1115.0], [2767.0, 3686.0], [2766.75, 1441.0], [2766.7, 3730.0], [2766.6, 1115.0]], "asks": [[2768.5, 18889.0], [2768.7, 1470.0], [2768.85, 12635.0], [2768.9, 20006.0], [2768.95, 3738.0], [2769.0, 2416.0], [2769.05, 1838.0], [2769.1, 3001.0], [2769.15, 3731.0], [2769.2, 6569.0], [2769.25, 17782.0], [2769.3, 1842.0], [2769.35, 1114.0], [2769.4, 3731.0], [2769.5, 1419.0], [2769.55, 3738.0], [2769.6, 1113.0], [2769.7, 3728.0], [2769.85, 2769.0], [2769.9, 1140.0]]}}}
{"jsonrpc": "2.0", "method": "subscription", "params": {"channel": "book.ETH-PERPETUAL.none.20.100ms", "data": {"timestamp": 1763772234495, "change_id": 98255333168, "instrument_name": "ETH-PERPETUAL", "bids": [[2768.2, 36997.0], [2767.95, 2269.0], [2767.9, 7600.0], [2767.8, 3827.0], [2767.75, 3680.0], [2767.65, 9140.0], [2767.6, 5343.0], [2767.55, 7300.0], [2767.5, 15329.0], [2767.45, 15913.0], [2767.4, 90.0], [2767.35, 5014.0], [2767.3, 1923.0], [2767.25, 48.0], [2767.2, 4780.0], [2767.05, 1115.0], [2767.0, 3686.0], [2766.95, 2766.0], [2766.75, 1441.0], [2766.7, 3730.0]], "asks": [[2768.25, 22192.0], [2768.35, 2179.0], [2768.4, 7300.0], [2768.45, 5829.0], [2768.5, 19306.0], [2768.7, 1470.0], [2768.85, 12332.0], [2768.95, 3738.0], [2769.0, 24362.0], [2769.05, 9192.0], [2769.15, 9105.0], [2769.2, 2500.0], [2769.3, 7809.0], [2769.35, 19026.0], [2769.4, 3731.0], [2769.5, 1419.0], [2769.55, 3738.0], [2769.6, 1113.0], [2769.7, 3728.0], [2769.85, 2769.0]]}}}
{"jsonrpc": "2.0", "method": "subscription", "params": {"channel": "book.ETH-PERPETUAL.none.20.100ms", "data": {"timestamp": 1763772234832, "change_id": 98255333789, "instrument_name": "ETH-PERPETUAL", "bids": [[2768.2, 29697.0], [2767.95, 2269.0], [2767.9, 7600.0], [2767.8, 3827.0], [2767.75, 3680.0], [2767.65, 9140.0], [2767.6, 5343.0], [2767.55, 7300.0], [2767.5, 15329.0], [2767.45, 15913.0], [2767.4, 90.0], [2767.35, 5014.0], [2767.3, 1923.0], [2767.25, 48.0], [2767.2, 4780.0], [2767.05, 1115.0], [2767.0, 3686.0], [2766.95, 2766.0], [2766.75, 1441.0], [2766.7, 3730.0]], "asks": [[2768.25, 19412.0], [2768.35, 2179.0], [2768.4, 7300.0], [2768.45, 4178.0], [2768.5, 13552.0], [2768.7, 1470.0], [2768.85, 12332.0], [2768.95, 3738.0], [2769.0, 23512.0], [2769.05, 6692.0], [2769.15, 5054.0], [2769.2, 1199.0], [2769.25, 3001.0], [2769.3, 7809.0], [2769.35, 19026.0], [2769.4, 3731.0], [2769.5, 1419.0], [2769.55, 3738.0], [2769.6, 1113.0], [2769.7, 3728.0]]}}}
{"jsonrpc": "2.0", "method": "subscription", "params": {"channel": "book.ETH-PERPETUAL.none.20.100ms", "data": {"timestamp": 1763772235138, "change_id": 98255334332, "instrument_name": "ETH-PERPETUAL", "bids": [[2768.2, 29697.0], [2767.95, 2269.0], [2767.9, 7600.0], [2767.8, 3827.0], [2767.75, 3680.0], [2767.65, 9140.0], [2767.6, 5343.0], [2767.55, 7300.0], [2767.5, 15329.0], [2767.45, 15913.0], [2767.4, 90.0], [2767.35, 5014.0], [2767.3, 1923.0], [2767.25, 48.0], [2767.2, 4780.0], [2767.05, 1115.0], [2767.0, 3686.0], [2766.95, 2766.0], [2766.75, 1441.0], [2766.7, 3730.0]], "asks": [[2768.25, 24856.0], [2768.35, 2179.0], [2768.4, 7300.0], [2768.45, 4178.0], [2768.5, 12500.0], [2768.7, 1470.0], [2768.85, 12332.0], [2768.95, 3738.0], [2769.0, 23512.0], [2769.05, 6692.0], [2769.1, 3001.0], [2769.15, 5054.0], [2769.3, 7619.0], [2769.35, 19026.0], [2769.4, 3731.0], [2769.5, 1419.0], [2769.55, 3738.0], [2769.6, 1113.0], [2769.7, 3728.0], [2769.85, 2769.0]]}}}
{"jsonrpc": "2.0", "method": "subscription", "params": {"channel": "book.ETH-PERPETUAL.none.20.100ms", "data": {"timestamp": 1763772235475, "change_id": 98255334615, "instrument_name": "ETH-PERPETUAL", "bids": [[2768.2, 36997.0], [2767.95, 9569.0], [2767.9, 7600.0], [2767.8, 3827.0], [2767.75, 3680.0], [2767.65, 9140.0], [2767.6, 5343.0], [2767.55, 7300.0], [2767.5, 15329.0], [2767.45, 15913.0], [2767.4, 3089.0], [2767.35, 2015.0], [2767.3, 1923.0], [2767.25, 48.0], [2767.2, 4780.0], [2767.05, 1115.0], [2767.0, 3686.0], [2766.95, 2766.0], [2766.75, 1441.0], [2766.7, 3730.0]], "asks": [[2768.25, 18986.0], [2768.45, 4178.0], [2768.5, 12500.0], [2768.65, 7300.0], [2768.7, 1470.0], [2768.85, 12332.0], [2768.95, 3738.0], [2769.0, 23512.0], [2769.05, 6692.0], [2769.15, 5054.0], [2769.2, 17782.0], [2769.25, 3001.0], [2769.3, 2501.0], [2769.35, 1244.0], [2769.4, 3731.0], [2769.5, 1419.0], [2769.55, 3738.0], [2769.6, 1113.0], [2769.7, 3728.0], [2769.85, 2769.0]]}}}
{"jsonrpc": "2.0", "method": "subscription", "params": {"channel": "book.ETH-PERPETUAL.none.20.100ms", "data": {"timestamp": 1763772235820, "change_id": 98255335208, "instrument_name": "ETH-PERPETUAL", "bids": [[2768.2, 36997.0], [2767.95, 9569.0], [2767.9, 7600.0], [2767.8, 3827.0], [2767.75, 3680.0], [2767.65, 9140.0], [2767.6, 5343.0], [2767.55, 7300.0], [2767.5, 15329.0], [2767.45, 15913.0], [2767.4, 3089.0], [2767.35, 2015.0], [2767.3, 1923.0], [2767.25, 48.0], [2767.2, 4780.0], [2767.05, 1115.0], [2767.0, 3686.0], [2766.95, 2766.0], [2766.75, 1441.0], [2766.7, 3730.0]], "asks": [[2768.25, 18788.0], [2768.45, 4178.0], [2768.5, 12500.0], [2768.65, 7300.0], [2768.7, 1470.0], [2768.85, 12332.0], [2768.95, 3738.0], [2769.0, 23512.0], [2769.05, 6692.0], [2769.15, 5054.0], [2769.2, 17782.0], [2769.25, 3001.0], [2769.3, 2501.0], [2769.35, 1244.0], [2769.4, 3731.0], [2769.5, 1419.0], [2769.55, 3738.0], [2769.6, 1113.0], [2769.7, 3728.0], [2769.85, 2769.0]]}}}
{"jsonrpc": "2.0", "method": "subscription", "params": {"channel": "book.ETH-PERPETUAL.none.20.100ms", "data": {"timestamp": 1763772236108, "change_id": 98255335637, "instrument_name": "ETH-PERPETUAL", "bids": [[2768.2, 29697.0], [2767.95, 9569.0], [2767.9, 7600.0], [2767.8, 3827.0], [2767.75, 3680.0], [2767.65, 9140.0], [2767.6, 5343.0], [2767.55, 7300.0], [2767.5, 15329.0], [2767.45, 15913.0], [2767.4, 3089.0], [2767.35, 2015.0], [2767.3, 1923.0], [2767.25, 48.0], [2767.2, 4780.0], [2767.05, 1115.0], [2767.0, 3686.0], [2766.95, 2766.0], [2766.75, 1441.0], [2766.7, 3730.0]], "asks": [[2768.25, 19377.0], [2768.45, 4178.0], [2768.5, 12500.0], [2768.65, 7300.0], [2768.7, 1470.0], [2768.85, 12332.0], [2768.95, 3738.0], [2769.0, 23512.0], [2769.05, 6692.0], [2769.15, 8055.0], [2769.2, 17782.0], [2769.3, 2501.0], [2769.35, 1244.0], [2769.4, 3731.0], [2769.5, 1419.0], [2769.55, 3738.0], [2769.6, 1113.0], [2769.7, 3728.0], [2769.85, 2769.0], [2769.9, 5028.0]]}}}
{"jsonrpc": "2.0", "method": "subscription", "params": {"channel": "book.ETH-PERPETUAL.none.20.100ms", "data": {"timestamp": 1763772236458, "change_id": 98255336023, "instrument_name": "ETH-PERPETUAL", "bids": [[2768.2, 28224.0], [2767.95, 9569.0], [2767.9, 7600.0], [2767.85, 7300.0], [2767.8, 3827.0], [2767.75, 3680.0], [2767.65, 9140.0], [2767.6, 5343.0], [2767.55, 7300.0], [2767.5, 15329.0], [2767.45, 15913.0], [2767.4, 90.0], [2767.35, 5014.0], [2767.3, 1923.0], [2767.25, 48.0], [2767.2, 4780.0], [2767.05, 1115.0], [2767.0, 3686.0], [2766.95, 2766.0], [2766.75, 1441.0]], "asks": [[2768.25, 27950.0], [2768.45, 5910.0], [2768.5, 12500.0], [2768.55, 7300.0], [2768.6, 2179.0], [2768.65, 7300.0], [2768.7, 1470.0], [2768.85, 12332.0], [2768.9, 20006.0], [2768.95, 3738.0], [2769.0, 3506.0], [2769.05, 6692.0], [2769.15, 13666.0], [2769.2, 17782.0], [2769.3, 2501.0], [2769.35, 1244.0], [2769.4, 3731.0], [2769.5, 1419.0], [2769.55, 3738.0], [2769.6, 1113.0]]}}}
{"jsonrpc": "2.0", "method": "subscription", "params": {"channel": "book.ETH-PERPETUAL.none.20.100ms", "data": {"timestamp": 1763772236719, "change_id": 98255336448, "instrument_name": "ETH-PERPETUAL", "bids": [[2768.2, 28224.0], [2767.95, 9569.0], [2767.9, 7600.0], [2767.85, 7300.0], [2767.8, 3827.0], [2767.75, 3680.0], [2767.65, 9140.0], [2767.6, 5343.0], [2767.55, 7300.0], [2767.5, 15329.0], [2767.45, 15913.0], [2767.4, 90.0], [2767.35, 5014.0], [2767.3, 1923.0], [2767.25, 48.0], [2767.2, 4780.0], [2767.05, 1115.0], [2767.0, 3686.0], [2766.95, 2766.0], [2766.75, 1441.0]], "asks": [[2768.25, 40324.0], [2768.45, 2179.0], [2768.55, 7300.0], [2768.6, 2179.0], [2768.65, 7300.0], [2768.7, 7404.0], [2768.8, 20006.0], [2768.85, 6845.0], [2768.95, 3738.0], [2769.0, 9262.0], [2769.05, 24474.0], [2769.1, 3001.0], [2769.15, 5054.0], [2769.3, 2501.0], [2769.35, 1244.0], [2769.4, 3731.0], [2769.5, 1419.0], [2769.55, 3738.0], [2769.6, 1113.0], [2769.7, 3728.0]]}}}
{"jsonrpc": "2.0", "method": "subscription", "params": {"channel": "book.ETH-PERPETUAL.none.20.100ms", "data": {"timestamp": 1763772237140, "change_id": 98255337121, "instrument_name": "ETH-PERPETUAL", "bids": [[2768.2, 28224.0], [2767.95, 11458.0], [2767.9, 7600.0], [2767.85, 7300.0], [2767.8, 3827.0], [2767.75, 3680.0], [2767.65, 9140.0], [2767.6, 5343.0], [2767.55, 7300.0], [2767.5, 15329.0], [2767.45, 15913.0], [2767.4, 90.0], [2767.35, 5014.0], [2767.3, 1923.0], [2767.25, 48.0], [2767.2, 4780.0], [2767.05, 1115.0], [2767.0, 3686.0], [2766.95, 2766.0], [2766.75, 1441.0]], "asks": [[2768.25, 31253.0], [2768.45, 2179.0], [2768.55, 7300.0], [2768.6, 2179.0], [2768.65, 7300.0], [2768.7, 7404.0], [2768.8, 20006.0], [2768.85, 6845.0], [2768.95, 3738.0], [2769.0, 9262.0], [2769.05, 24474.0], [2769.1, 3001.0], [2769.15, 5054.0], [2769.3, 2501.0], [2769.35, 1244.0], [2769.4, 3731.0], [2769.5, 1419.0], [2769.55, 3738.0], [2769.6, 1113.0], [2769.7, 3728.0]]}}}
{"jsonrpc": "2.0", "method": "subscription", "params": {"channel": "book.ETH-PERPETUAL.none.20.100ms", "data": {"timestamp": 1763772237440, "change_id": 98255337335, "instrument_name": "ETH-PERPETUAL", "bids": [[2768.2, 35524.0], [2768.0, 9379.0], [2767.95, 11458.0], [2767.9, 7600.0], [2767.85, 7300.0], [2767.8, 3827.0], [2767.75, 3680.0], [2767.65, 9140.0], [2767.6, 5343.0], [2767.55, 7300.0], [2767.5, 15329.0], [2767.45, 15913.0], [2767.4, 3089.0], [2767.35, 2015.0], [2767.3, 1923.0], [2767.25, 48.0], [2767.2, 4780.0], [2767.05, 1115.0], [2767.0, 3686.0], [2766.95, 2766.0]], "asks": [[2768.25, 19448.0], [2768.45, 5632.0], [2768.5, 12500.0], [2768.55, 7300.0], [2768.6, 2179.0], [2768.65, 7300.0], [2768.7, 1470.0], [2768.85, 12332.0], [2768.95, 23744.0], [2769.0, 3506.0], [2769.05, 6692.0], [2769.15, 8055.0], [2769.2, 17782.0], [2769.3, 2501.0], [2769.35, 1244.0], [2769.4, 3731.0], [2769.5, 1419.0], [2769.55, 3738.0], [2769.6, 1113.0], [2769.7, 3728.0]]}}}
{"jsonrpc": "2.0", "method": "subscription", "params": {"channel": "book.ETH-PERPETUAL.none.20.100ms", "data": {"timestamp": 1763772237806, "change_id": 98255338062, "instrument_name": "ETH-PERPETUAL", "bids": [[2767.75, 39860.0], [2767.7, 7300.0], [2767.65, 18630.0], [2767.6, 2179.0], [2767.55, 7300.0], [2767.5, 6221.0], [2767.45, 15913.0], [2767.4, 5516.0], [2767.35, 2015.0], [2767.3, 858.0], [2767.25, 48.0], [2767.2, 4780.0], [2767.1, 2999.0], [2767.05, 1115.0], [2767.0, 3686.0], [2766.75, 1441.0], [2766.7, 3730.0], [2766.6, 5025.0], [2766.55, 17107.0], [2766.5, 205.0]], "asks": [[2767.8, 8604.0], [2767.95, 8861.0], [2768.05, 12500.0], [2768.1, 11100.0], [2768.15, 2619.0], [2768.2, 7300.0], [2768.25, 1474.0], [2768.5, 3276.0], [2768.55, 19126.0], [2768.6, 20006.0], [2768.65, 7300.0], [2768.7, 1470.0], [2768.75, 1840.0], [2768.8, 3675.0], [2768.85, 11668.0], [2768.9, 17782.0], [2768.95, 6739.0], [2769.0, 3506.0], [2769.05, 6692.0], [2769.15, 5054.0]]}}}
{"jsonrpc": "2.0", "method": "subscription", "params": {"channel": "book.ETH-PERPETUAL.none.20.100ms", "data": {"timestamp": 1763772238136, "change_id": 98255338793, "instrument_name": "ETH-PERPETUAL", "bids": [[2768.2, 3060.0], [2767.9, 39607.0], [2767.8, 4358.0], [2767.75, 7300.0], [2767.65, 7300.0], [2767.6, 4169.0], [2767.55, 7300.0], [2767.5, 13821.0], [2767.45, 15913.0], [2767.4, 5516.0], [2767.35, 1370.0], [2767.3, 858.0], [2767.25, 3047.0], [2767.2, 3682.0], [2767.05, 2952.0], [2767.0, 4751.0], [2766.95, 1098.0], [2766.75, 1441.0], [2766.7, 3730.0], [2766.65, 2766.0]], "asks": [[2768.25, 847.0], [2768.3, 3731.0], [2768.35, 12500.0], [2768.5, 3276.0], [2768.55, 9479.0], [2768.65, 7300.0], [2768.7, 8295.0], [2768.8, 23681.0], [2768.85, 11668.0], [2768.95, 3738.0], [2769.0, 20190.0], [2769.05, 3012.0], [2769.1, 3001.0], [2769.15, 5054.0], [2769.3, 2501.0], [2769.35, 1244.0], [2769.4, 3731.0], [2769.5, 1419.0], [2769.55, 3738.0], [2769.6, 3882.0]]}}}
{"jsonrpc": "2.0", "method": "subscription", "params": {"channel": "book.ETH-PERPETUAL.none.20.100ms", "data": {"timestamp": 1763772238467, "change_id": 98255339309, "instrument_name": "ETH-PERPETUAL", "bids": [[2768.2, 2770.0], [2767.85, 7600.0], [2767.65, 7300.0], [2767.6, 4169.0], [2767.55, 7300.0], [2767.5, 5870.0], [2767.4, 7353.0], [2767.35, 1370.0], [2767.3, 858.0], [2767.25, 48.0], [2767.2, 3682.0], [2767.1, 2999.0], [2767.05, 1115.0], [2767.0, 4751.0], [2766.95, 1098.0], [2766.75, 1441.0], [2766.7, 3730.0], [2766.65, 2766.0], [2766.6, 1115.0], [2766.55, 3730.0]], "asks": [[2768.25, 29897.0], [2768.45, 2179.0], [2768.5, 7300.0], [2768.55, 7872.0], [2768.65, 27306.0], [2768.75, 2717.0], [2768.8, 3675.0], [2768.85, 12564.0], [2768.9, 3001.0], [2768.95, 21520.0], [2769.0, 2408.0], [2769.05, 6686.0], [2769.15, 5054.0], [2769.3, 2501.0], [2769.35, 1244.0], [2769.4, 3731.0], [2769.5, 1419.0], [2769.55, 3738.0], [2769.6, 3882.0], [2769.7, 3728.0]]}}}
{"jsonrpc": "2.0", "method": "subscription", "params": {"channel": "book.ETH-PERPETUAL.none.20.100ms", "data": {"timestamp": 1763772238781, "change_id": 98255339895, "instrument_name": "ETH-PERPETUAL", "bids": [[2768.2, 270.0], [2767.95, 2500.0], [2767.7, 2179.0], [2767.65, 7300.0], [2767.6, 11769.0], [2767.55, 7300.0], [2767.5, 5870.0], [2767.4, 7353.0], [2767.35, 1370.0], [2767.3, 858.0], [2767.25, 48.0], [2767.2, 3682.0], [2767.1, 2999.0], [2767.05, 1115.0], [2767.0, 4751.0], [2766.95, 1098.0], [2766.75, 1441.0], [2766.7, 3730.0], [2766.6, 3881.0], [2766.55, 3730.0]], "asks": [[2768.25, 29897.0], [2768.45, 2179.0], [2768.5, 7300.0], [2768.55, 7872.0], [2768.65, 7300.0], [2768.7, 20006.0], [2768.75, 2717.0], [2768.8, 3675.0], [2768.85, 12564.0], [2768.9, 17782.0], [2768.95, 3738.0], [2769.0, 5409.0], [2769.05, 6686.0], [2769.15, 5054.0], [2769.3, 2501.0], [2769.35, 1244.0], [2769.4, 3731.0], [2769.5, 1419.0], [2769.55, 3738.0], [2769.6, 7703.0]]}}}
{"jsonrpc": "2.0", "method": "subscription", "params": {"channel": "book.ETH-PERPETUAL.none.20.100ms", "data": {"timestamp": 1763772239114, "change_id": 98255340418, "instrument_name": "ETH-PERPETUAL", "bids": [[2768.2, 5830.0], [2767.7, 2179.0], [2767.65, 7300.0], [2767.6, 11769.0], [2767.55, 7300.0], [2767.5, 5870.0], [2767.4, 7353.0], [2767.35, 1370.0], [2767.3, 858.0], [2767.25, 48.0], [2767.2, 3682.0], [2767.1, 2999.0], [2767.05, 1115.0], [2767.0, 4751.0], [2766.95, 1098.0], [2766.75, 1441.0], [2766.7, 3730.0], [2766.6, 3881.0], [2766.55, 3730.0], [2766.5, 205.0]], "asks": [[2768.25, 30942.0], [2768.45, 2179.0], [2768.5, 7300.0], [2768.55, 2179.0], [2768.65, 7300.0], [2768.7, 9584.0], [2768.8, 23681.0], [2768.85, 6845.0], [2768.9, 3001.0], [2768.95, 3738.0], [2769.0, 8504.0], [2769.05, 6686.0], [2769.1, 17782.0], [2769.15, 5054.0], [2769.3, 2501.0], [2769.35, 1244.0], [2769.4, 3731.0], [2769.5, 1419.0], [2769.55, 3738.0], [2769.6, 7703.0]]}}}
{"jsonrpc": "2.0", "method": "subscription", "params": {"channel": "book.ETH-PERPETUAL.none.20.100ms", "data": {"timestamp": 1763772239456, "change_id": 98255340804, "instrument_name": "ETH-PERPETUAL", "bids": [[2768.2, 2500.0], [2767.65, 7300.0], [2767.6, 11769.0], [2767.55, 7300.0], [2767.5, 5870.0], [2767.4, 7353.0], [2767.35, 1370.0], [2767.3, 858.0], [2767.25, 48.0], [2767.2, 3682.0], [2767.05, 4114.0], [2767.0, 4751.0], [2766.95, 1098.0], [2766.75, 1441.0], [2766.7, 3730.0], [2766.6, 3881.0], [2766.55, 3730.0], [2766.5, 205.0], [2766.45, 4905.0], [2766.35, 16907.0]], "asks": [[2768.25, 39014.0], [2768.35, 2179.0], [2768.4, 7300.0], [2768.45, 2179.0], [2768.5, 7300.0], [2768.55, 7872.0], [2768.65, 27306.0], [2768.75, 2717.0], [2768.8, 6676.0], [2768.85, 12564.0], [2768.95, 21520.0], [2769.0, 2408.0], [2769.05, 6686.0], [2769.15, 5054.0], [2769.3, 2501.0], [2769.35, 1244.0], [2769.4, 3731.0], [2769.5, 1419.0], [2769.55, 3738.0], [2769.6, 7703.0]]}}}
{"jsonrpc": "2.0", "method": "subscription", "params": {"channel": "book.ETH-PERPETUAL.none.20.100ms", "data": {"timestamp": 1763772239773, "change_id": 98255341490, "instrument_name": "ETH-PERPETUAL", "bids": [[2767.9, 11060.0], [2767.65, 14900.0], [2767.55, 7300.0], [2767.5, 2195.0], [2767.4, 5516.0], [2767.35, 1370.0], [2767.2, 3682.0], [2767.15, 1444.0], [2767.1, 4836.0], [2767.05, 1115.0], [2767.0, 4751.0], [2766.95, 1098.0], [2766.85, 48.0], [2766.75, 1441.0], [2766.7, 3730.0], [2766.6, 3881.0], [2766.55, 3730.0], [2766.5, 205.0], [2766.45, 4905.0], [2766.35, 16907.0]], "asks": [[2767.95, 29893.0], [2768.15, 3163.0], [2768.2, 7300.0], [2768.25, 3401.0], [2768.35, 2179.0], [2768.4, 7300.0], [2768.45, 2179.0], [2768.5, 7300.0], [2768.65, 5972.0], [2768.7, 24715.0], [2768.75, 3674.0], [2768.8, 3675.0], [2768.85, 14669.0], [2768.9, 17782.0], [2768.95, 3738.0], [2769.0, 2408.0], [2769.05, 3012.0], [2769.15, 5054.0], [2769.3, 2501.0], [2769.35, 1244.0]]}}}
{"jsonrpc": "2.0", "method": "subscription", "params": {"channel": "book.ETH-PERPETUAL.none.20.100ms", "data": {"timestamp": 1763772240103, "change_id": 98255342991, "instrument_name": "ETH-PERPETUAL", "bids": [[2767.9, 33797.0], [2767.65, 14900.0], [2767.6, 2179.0], [2767.55, 7300.0], [2767.5, 3545.0], [2767.45, 7300.0], [2767.4, 5516.0], [2767.35, 1370.0], [2767.2, 5126.0], [2767.15, 2999.0], [2767.1, 1837.0], [2767.05, 1115.0], [2767.0, 4751.0], [2766.95, 1956.0], [2766.85, 48.0], [2766.75, 1441.0], [2766.7, 3730.0], [2766.6, 1115.0], [2766.55, 3730.0], [2766.5, 205.0]], "asks": [[2767.95, 12404.0], [2768.15, 5822.0], [2768.2, 19800.0], [2768.25, 4359.0], [2768.3, 7300.0], [2768.4, 7300.0], [2768.45, 2179.0], [2768.5, 7300.0], [2768.55, 5972.0], [2768.65, 20006.0], [2768.7, 4709.0], [2768.75, 3674.0], [2768.8, 3675.0], [2768.85, 11668.0], [2768.9, 20783.0], [2768.95, 3738.0], [2769.0, 1509.0], [2769.15, 5054.0], [2769.3, 2501.0], [2769.35, 1244.0]]}}}
{"jsonrpc": "2.0", "method": "subscription", "params": {"channel": "book.ETH-PERPETUAL.none.20.100ms", "data": {"timestamp": 1763772240446, "change_id": 98255343611, "instrument_name": "ETH-PERPETUAL", "bids": [[2767.9, 90.0], [2767.65, 2500.0], [2767.5, 2195.0], [2767.4, 90.0], [2767.35, 8970.0], [2767.2, 5850.0], [2767.15, 5426.0], [2767.1, 1837.0], [2767.05, 1115.0], [2767.0, 4751.0], [2766.95, 1956.0], [2766.75, 1441.0], [2766.7, 3730.0], [2766.65, 2999.0], [2766.6, 1115.0], [2766.55, 3730.0], [2766.5, 253.0], [2766.45, 4905.0], [2766.35, 16907.0], [2766.3, 1110.0]], "asks": [[2767.95, 26238.0], [2768.15, 2659.0], [2768.2, 7300.0], [2768.25, 2180.0], [2768.4, 7300.0], [2768.5, 5972.0], [2768.55, 26210.0], [2768.65, 3001.0], [2768.7, 22491.0], [2768.75, 3674.0], [2768.8, 3675.0], [2768.85, 6845.0], [2768.95, 3738.0], [2769.0, 1114.0], [2769.15, 3731.0], [2769.3, 2501.0], [2769.4, 3731.0], [2769.5, 1419.0], [2769.55, 3738.0], [2769.6, 4934.0]]}}}
{"jsonrpc": "2.0", "method": "subscription", "params": {"channel": "book.ETH-PERPETUAL.none.20.100ms", "data": {"timestamp": 1763772240756, "change_id": 98255344296, "instrument_name": "ETH-PERPETUAL", "bids": [[2767.9, 30337.0], [2767.5, 2195.0], [2767.4, 90.0], [2767.35, 8970.0], [2767.2, 5850.0], [2767.15, 8425.0], [2767.1, 1837.0], [2767.05, 1115.0], [2767.0, 3686.0], [2766.95, 858.0], [2766.85, 1065.0], [2766.8, 48.0], [2766.75, 1441.0], [2766.7, 3730.0], [2766.6, 1115.0], [2766.55, 3730.0], [2766.5, 205.0], [2766.4, 1937.0], [2766.35, 6488.0], [2766.3, 1110.0]], "asks": [[2767.95, 6380.0], [2768.15, 5571.0], [2768.2, 19800.0], [2768.25, 2180.0], [2768.4, 7300.0], [2768.55, 7262.0], [2768.65, 21328.0], [2768.7, 4709.0], [2768.75, 3674.0], [2768.8, 3675.0], [2768.85, 12039.0], [2768.9, 22026.0], [2768.95, 3738.0], [2769.0, 1114.0], [2769.15, 3731.0], [2769.2, 2769.0], [2769.3, 1485.0], [2769.4, 3731.0], [2769.5, 1419.0], [2769.55, 3738.0]]}}}
{"jsonrpc": "2.0", "method": "subscription", "params": {"channel": "book.ETH-PERPETUAL.none.20.100ms", "data": {"timestamp": 1763772241054, "change_id": 98255344962, "instrument_name": "ETH-PERPETUAL", "bids": [[2767.9, 30337.0], [2767.6, 2269.0], [2767.55, 7600.0], [2767.4, 90.0], [2767.35, 1370.0], [2767.2, 5850.0], [2767.15, 8425.0], [2767.1, 1885.0], [2767.05, 1115.0], [2767.0, 3686.0], [2766.95, 858.0], [2766.85, 1065.0], [2766.8, 1098.0], [2766.75, 1441.0], [2766.7, 3730.0], [2766.6, 1115.0], [2766.55, 3730.0], [2766.5, 205.0], [2766.4, 1937.0], [2766.35, 6488.0]], "asks": [[2767.95, 6454.0], [2768.15, 5571.0], [2768.2, 19800.0], [2768.25, 2180.0], [2768.4, 7300.0], [2768.55, 7262.0], [2768.65, 1322.0], [2768.7, 24715.0], [2768.75, 4689.0], [2768.8, 3675.0], [2768.85, 6845.0], [2768.9, 22026.0], [2768.95, 3738.0], [2769.0, 1114.0], [2769.15, 3731.0], [2769.2, 2769.0], [2769.3, 1485.0], [2769.4, 3731.0], [2769.5, 1419.0], [2769.55, 3738.0]]}}}
{"jsonrpc": "2.0", "method": "subscription", "params": {"channel": "book.ETH-PERPETUAL.none.20.100ms", "data": {"timestamp": 1763772241428, "change_id": 98255345352, "instrument_name": "ETH-PERPETUAL", "bids": [[2767.9, 30397.0], [2767.65, 4448.0], [2767.6, 7300.0], [2767.55, 7600.0], [2767.4, 90.0], [2767.35, 1370.0], [2767.2, 5850.0], [2767.15, 5426.0], [2767.1, 1885.0], [2767.05, 1115.0], [2767.0, 3686.0], [2766.95, 858.0], [2766.9, 2999.0], [2766.85, 1065.0], [2766.8, 1098.0], [2766.75, 1441.0], [2766.7, 3730.0], [2766.6, 1115.0], [2766.55, 3730.0], [2766.5, 205.0]], "asks": [[2767.95, 8216.0], [2768.15, 5571.0], [2768.2, 19800.0], [2768.25, 1.0], [2768.55, 7262.0], [2768.65, 1322.0], [2768.7, 27716.0], [2768.75, 4689.0], [2768.8, 3675.0], [2768.85, 6845.0], [2768.9, 19025.0], [2768.95, 3738.0], [2769.0, 1114.0], [2769.15, 3731.0], [2769.2, 2769.0], [2769.3, 1485.0], [2769.4, 3731.0], [2769.5, 1419.0], [2769.55, 3738.0], [2769.6, 1113.0]]}}}
{"jsonrpc": "2.0", "method": "subscription", "params": {"channel": "book.ETH-PERPETUAL.none.20.100ms", "data": {"timestamp": 1763772241717, "change_id": 98255345792, "instrument_name": "ETH-PERPETUAL", "bids": [[2767.9, 30397.0], [2767.65, 4448.0], [2767.6, 7300.0], [2767.55, 7600.0], [2767.4, 90.0], [2767.35, 1370.0], [2767.2, 5850.0], [2767.15, 5426.0], [2767.1, 1885.0], [2767.05, 1115.0], [2767.0, 6685.0], [2766.95, 858.0], [2766.85, 1065.0], [2766.8, 1098.0], [2766.75, 1441.0], [2766.7, 3730.0], [2766.6, 1115.0], [2766.55, 3730.0], [2766.5, 205.0], [2766.4, 1937.0]], "asks": [[2767.95, 8216.0], [2768.15, 5571.0], [2768.2, 19800.0], [2768.25, 1.0], [2768.55, 7262.0], [2768.65, 1322.0], [2768.7, 24715.0], [2768.75, 7690.0], [2768.8, 3675.0], [2768.85, 12039.0], [2768.9, 19025.0], [2768.95, 3738.0], [2769.0, 1114.0], [2769.15, 3731.0], [2769.2, 2769.0], [2769.3, 1485.0], [2769.4, 3731.0], [2769.5, 1419.0], [2769.55, 3738.0], [2769.6, 1113.0]]}}}
{"jsonrpc": "2.0", "method": "subscription", "params": {"channel": "book.ETH-PERPETUAL.none.20.100ms", "data": {"timestamp": 1763772242099, "change_id": 98255346291, "instrument_name": "ETH-PERPETUAL", "bids": [[2767.9, 30397.0], [2767.65, 4448.0], [2767.6, 7300.0], [2767.55, 7600.0], [2767.4, 90.0], [2767.35, 1370.0], [2767.2, 5850.0], [2767.15, 5426.0], [2767.1, 1885.0], [2767.05, 4114.0], [2767.0, 3686.0], [2766.95, 858.0], [2766.85, 1065.0], [2766.8, 1098.0], [2766.75, 1441.0], [2766.7, 3730.0], [2766.6, 1115.0], [2766.55, 3730.0], [2766.5, 205.0], [2766.4, 1937.0]], "asks": [[2767.95, 8216.0], [2768.15, 5571.0], [2768.2, 19800.0], [2768.25, 1.0], [2768.55, 7262.0], [2768.65, 1322.0], [2768.7, 24715.0], [2768.75, 7690.0], [2768.8, 3675.0], [2768.85, 12039.0], [2768.9, 19025.0], [2768.95, 3738.0], [2769.0, 1114.0], [2769.15, 3731.0], [2769.2, 2769.0], [2769.3, 1485.0], [2769.4, 3731.0], [2769.5, 1419.0], [2769.55, 3738.0], [2769.6, 1113.0]]}}}
{"jsonrpc": "2.0", "method": "subscription", "params": {"channel": "book.ETH-PERPETUAL.none.20.100ms", "data": {"timestamp": 1763772242425, "change_id": 98255346807, "instrument_name": "ETH-PERPETUAL", "bids": [[2767.9, 25667.0], [2767.65, 2179.0], [2767.6, 7300.0], [2767.5, 4192.0], [2767.45, 14900.0], [2767.4, 90.0], [2767.3, 2719.0], [2767.25, 5426.0], [2767.2, 3682.0], [2767.1, 1837.0], [2767.05, 1115.0], [2767.0, 6685.0], [2766.95, 858.0], [2766.85, 1065.0], [2766.8, 1098.0], [2766.75, 1441.0], [2766.7, 3730.0], [2766.65, 48.0], [2766.6, 1115.0], [2766.55, 3730.0]], "asks": [[2767.95, 3800.0], [2768.15, 3732.0], [2768.2, 12500.0], [2768.25, 1.0], [2768.6, 7262.0], [2768.65, 21328.0], [2768.7, 4709.0], [2768.75, 7690.0], [2768.8, 3675.0], [2768.85, 6845.0], [2768.9, 19025.0], [2768.95, 3738.0], [2769.0, 1114.0], [2769.15, 3731.0], [2769.2, 2769.0], [2769.3, 1485.0], [2769.4, 3731.0], [2769.5, 1419.0], [2769.55, 3738.0], [2769.6, 1113.0]]}}}
{"jsonrpc": "2.0", "method": "subscription", "params": {"channel": "book.ETH-PERPETUAL.none.20.100ms", "data": {"timestamp": 1763772242688, "change_id": 98255347155, "instrument_name": "ETH-PERPETUAL", "bids": [[2767.9, 29017.0], [2767.65, 2179.0], [2767.6, 7300.0], [2767.5, 4192.0], [2767.45, 14900.0], [2767.4, 90.0], [2767.3, 2719.0], [2767.25, 5426.0], [2767.2, 3682.0], [2767.15, 2999.0], [2767.1, 1837.0], [2767.05, 1115.0], [2767.0, 3686.0], [2766.95, 906.0], [2766.85, 1065.0], [2766.8, 1098.0], [2766.75, 1441.0], [2766.7, 3730.0], [2766.6, 1115.0], [2766.55, 3730.0]], "asks": [[2767.95, 3800.0], [2768.15, 3732.0], [2768.2, 12500.0], [2768.25, 1.0], [2768.6, 7262.0], [2768.65, 1322.0], [2768.7, 24715.0], [2768.75, 4689.0], [2768.8, 3675.0], [2768.85, 9846.0], [2768.9, 19025.0], [2768.95, 3738.0], [2769.0, 1114.0], [2769.15, 3731.0], [2769.2, 2769.0], [2769.3, 1485.0], [2769.4, 3731.0], [2769.5, 1419.0], [2769.55, 3738.0], [2769.6, 1113.0]]}}}
{"jsonrpc": "2.0", "method": "subscription", "params": {"channel": "book.ETH-PERPETUAL.none.20.100ms", "data": {"timestamp": 1763772243091, "change_id": 98255347808, "instrument_name": "ETH-PERPETUAL", "bids": [[2767.9, 36617.0], [2767.65, 2179.0], [2767.6, 7300.0], [2767.5, 2206.0], [2767.45, 7300.0], [2767.4, 90.0], [2767.3, 2719.0], [2767.25, 5426.0], [2767.2, 3682.0], [2767.1, 4836.0], [2767.05, 1115.0], [2767.0, 3686.0], [2766.95, 906.0], [2766.85, 1065.0], [2766.8, 1098.0], [2766.75, 1441.0], [2766.7, 3730.0], [2766.6, 1115.0], [2766.55, 3730.0], [2766.5, 205.0]], "asks": [[2767.95, 3800.0], [2768.15, 3732.0], [2768.2, 12500.0], [2768.25, 1.0], [2768.6, 7262.0], [2768.65, 1322.0], [2768.7, 24715.0], [2768.75, 4689.0], [2768.8, 3675.0], [2768.85, 9846.0], [2768.9, 19025.0], [2768.95, 3738.0], [2769.0, 1114.0], [2769.15, 3731.0], [2769.3, 1485.0], [2769.4, 3731.0], [2769.5, 1419.0], [2769.55, 3738.0], [2769.6, 1113.0], [2769.65, 13334.0]]}}}
{"jsonrpc": "2.0", "method": "subscription", "params": {"channel": "book.ETH-PERPETUAL.none.20.100ms", "data": {"timestamp": 1763772243384, "change_id": 98255348086, "instrument_name": "ETH-PERPETUAL", "bids": [[2767.9, 35517.0], [2767.7, 2269.0], [2767.65, 7600.0], [2767.6, 2179.0], [2767.55, 7300.0], [2767.5, 2206.0], [2767.45, 7300.0], [2767.4, 90.0], [2767.3, 2719.0], [2767.25, 5426.0], [2767.2, 3682.0], [2767.1, 1837.0], [2767.05, 4114.0], [2767.0, 3686.0], [2766.95, 906.0], [2766.85, 1065.0], [2766.8, 1098.0], [2766.75, 1441.0], [2766.7, 3730.0], [2766.6, 1115.0]], "asks": [[2767.95, 3800.0], [2768.05, 2179.0], [2768.1, 7300.0], [2768.15, 3732.0], [2768.2, 12500.0], [2768.25, 1.0], [2768.6, 6366.0], [2768.65, 21328.0], [2768.7, 4709.0], [2768.75, 7690.0], [2768.8, 3675.0], [2768.85, 6845.0], [2768.9, 19025.0], [2768.95, 3738.0], [2769.0, 1114.0], [2769.15, 3731.0], [2769.3, 1485.0], [2769.4, 3731.0], [2769.45, 2769.0], [2769.5, 1419.0]]}}}
{"jsonrpc": "2.0", "method": "subscription", "params": {"channel": "book.ETH-PERPETUAL.none.20.100ms", "data": {"timestamp": 1763772243752, "change_id": 98255348557, "instrument_name": "ETH-PERPETUAL", "bids": [[2767.9, 35517.0], [2767.7, 2269.0], [2767.65, 7600.0], [2767.6, 2179.0], [2767.55, 7300.0], [2767.5, 2206.0], [2767.45, 7300.0], [2767.4, 90.0], [2767.3, 2719.0], [2767.25, 5426.0], [2767.2, 3682.0], [2767.15, 2999.0], [2767.1, 1837.0], [2767.05, 1115.0], [2767.0, 3686.0], [2766.95, 906.0], [2766.85, 1065.0], [2766.8, 1098.0], [2766.75, 1441.0], [2766.7, 3730.0]], "asks": [[2767.95, 3800.0], [2768.15, 3732.0], [2768.2, 12500.0], [2768.25, 1.0], [2768.6, 6366.0], [2768.65, 21328.0], [2768.7, 4709.0], [2768.75, 4689.0], [2768.8, 3675.0], [2768.85, 9846.0], [2768.9, 19025.0], [2768.95, 3738.0], [2769.0, 1114.0], [2769.15, 3731.0], [2769.3, 1485.0], [2769.4, 3731.0], [2769.45, 2769.0], [2769.5, 1419.0], [2769.55, 3738.0], [2769.6, 1113.0]]}}}
{"jsonrpc": "2.0", "method": "subscription", "params": {"channel": "book.ETH-PERPETUAL.none.20.100ms", "data": {"timestamp": 1763772244068, "change_id": 98255349065, "instrument_name": "ETH-PERPETUAL", "bids": [[2767.9, 35517.0], [2767.7, 2269.0], [2767.65, 7600.0], [2767.6, 2179.0], [2767.55, 7300.0], [2767.5, 2206.0], [2767.45, 7300.0], [2767.4, 90.0], [2767.3, 2719.0], [2767.25, 5426.0], [2767.2, 3682.0], [2767.15, 2999.0], [2767.1, 1837.0], [2767.05, 1115.0], [2767.0, 3686.0], [2766.95, 906.0], [2766.85, 1065.0], [2766.8, 1098.0], [2766.75, 1441.0], [2766.7, 3730.0]], "asks": [[2767.95, 3800.0], [2768.15, 3732.0], [2768.2, 12500.0], [2768.25, 1.0], [2768.6, 6366.0], [2768.65, 21328.0], [2768.7, 4709.0], [2768.75, 4689.0], [2768.8, 3675.0], [2768.85, 15040.0], [2768.9, 19025.0], [2768.95, 3738.0], [2769.0, 1114.0], [2769.15, 3731.0], [2769.3, 1485.0], [2769.4, 3731.0], [2769.45, 2769.0], [2769.5, 1419.0], [2769.55, 3738.0], [2769.6, 1113.0]]}}}
{"jsonrpc": "2.0", "method": "subscription", "params": {"channel": "book.ETH-PERPETUAL.none.20.100ms", "data": {"timestamp": 1763772244294, "change_id": 98255349238, "instrument_name": "ETH-PERPETUAL", "bids": [[2767.9, 43117.0], [2767.7, 2179.0], [2767.65, 7300.0], [2767.6, 2179.0], [2767.55, 7300.0], [2767.5, 2206.0], [2767.45, 7300.0], [2767.4, 90.0], [2767.3, 2719.0], [2767.25, 5426.0], [2767.2, 3682.0], [2767.1, 4836.0], [2767.05, 1115.0], [2767.0, 3686.0], [2766.95, 906.0], [2766.85, 1065.0], [2766.8, 1098.0], [2766.75, 1441.0], [2766.7, 3730.0], [2766.6, 1115.0]], "asks": [[2767.95, 3802.0], [2768.1, 5910.0], [2768.15, 7300.0], [2768.2, 12500.0], [2768.6, 6366.0], [2768.65, 21328.0], [2768.7, 4709.0], [2768.75, 3674.0], [2768.8, 6676.0], [2768.85, 12039.0], [2768.9, 19025.0], [2768.95, 3738.0], [2769.0, 1114.0], [2769.15, 3731.0], [2769.3, 1485.0], [2769.4, 3731.0], [2769.45, 2769.0], [2769.5, 1419.0], [2769.55, 3738.0], [2769.6, 1113.0]]}}}
{"jsonrpc": "2.0", "method": "subscription", "params": {"channel": "book.ETH-PERPETUAL.none.20.100ms", "data": {"timestamp": 1763772244740, "change_id": 98255349834, "instrument_name": "ETH-PERPETUAL", "bids": [[2767.9, 43117.0], [2767.7, 2179.0], [2767.65, 7300.0], [2767.6, 2179.0], [2767.55, 7300.0], [2767.5, 2206.0], [2767.45, 7300.0], [2767.4, 90.0], [2767.3, 2719.0], [2767.25, 5426.0], [2767.2, 3682.0], [2767.15, 2999.0], [2767.1, 1837.0], [2767.05, 1115.0], [2767.0, 3686.0], [2766.95, 906.0], [2766.85, 1065.0], [2766.8, 1098.0], [2766.75, 1441.0], [2766.7, 3730.0]], "asks": [[2767.95, 3802.0], [2768.05, 1104.0], [2768.1, 7430.0], [2768.2, 12500.0], [2768.6, 6366.0], [2768.65, 21328.0], [2768.75, 3674.0], [2768.8, 3675.0], [2768.85, 9614.0], [2768.9, 19025.0], [2768.95, 3738.0], [2769.0, 1114.0], [2769.1, 1015.0], [2769.15, 3731.0], [2769.3, 1485.0], [2769.4, 3731.0], [2769.45, 2769.0], [2769.5, 1419.0], [2769.55, 3738.0], [2769.6, 1113.0]]}}}
{"jsonrpc": "2.0", "method": "subscription", "params": {"channel": "book.ETH-PERPETUAL.none.20.100ms", "data": {"timestamp": 1763772245072, "change_id": 98255350701, "instrument_name": "ETH-PERPETUAL", "bids": [[2767.9, 430.0], [2767.4, 90.0], [2767.3, 1099.0], [2767.2, 5126.0], [2767.1, 1837.0], [2767.05, 4114.0], [2767.0, 3686.0], [2766.95, 858.0], [2766.85, 1113.0], [2766.8, 1098.0], [2766.75, 1441.0], [2766.7, 3730.0], [2766.6, 1115.0], [2766.55, 3730.0], [2766.5, 205.0], [2766.35, 3722.0], [2766.3, 1110.0], [2766.25, 3720.0], [2766.15, 1968.0], [2766.05, 3725.0]], "asks": [[2767.95, 7849.0], [2768.2, 1134.0], [2768.25, 4904.0], [2768.3, 3699.0], [2768.4, 9226.0], [2768.45, 32506.0], [2768.65, 5308.0], [2768.7, 19976.0], [2768.75, 3674.0], [2768.8, 3675.0], [2768.85, 1419.0], [2768.9, 3001.0], [2768.95, 3738.0], [2769.0, 1114.0], [2769.1, 1015.0], [2769.15, 3731.0], [2769.3, 1485.0], [2769.4, 3731.0], [2769.5, 1419.0], [2769.55, 3738.0]]}}}
{"jsonrpc": "2.0", "method": "subscription", "params": {"channel": "book.ETH-PERPETUAL.none.20.100ms", "data": {"timestamp": 1763772245405, "change_id": 98255351266, "instrument_name": "ETH-PERPETUAL", "bids": [[2767.9, 28829.0], [2767.7, 1104.0], [2767.65, 3699.0], [2767.6, 2179.0], [2767.55, 7300.0], [2767.45, 2613.0], [2767.4, 7690.0], [2767.35, 1065.0], [2767.3, 2197.0], [2767.2, 3682.0], [2767.15, 2999.0], [2767.1, 1837.0], [2767.05, 1115.0], [2767.0, 3686.0], [2766.95, 858.0], [2766.85, 48.0], [2766.75, 1441.0], [2766.7, 3730.0], [2766.6, 1115.0], [2766.55, 3730.0]], "asks": [[2767.95, 3849.0], [2768.15, 3731.0], [2768.2, 12500.0], [2768.7, 8781.0], [2768.75, 23680.0], [2768.8, 3675.0], [2768.85, 1419.0], [2768.9, 3001.0], [2768.95, 3738.0], [2769.0, 2437.0], [2769.1, 20041.0], [2769.15, 3731.0], [2769.3, 1485.0], [2769.35, 2769.0], [2769.4, 3731.0], [2769.45, 13630.0], [2769.5, 1419.0], [2769.55, 3738.0], [2769.6, 1113.0], [2769.7, 3728.0]]}}}
{"jsonrpc": "2.0", "method": "subscription", "params": {"channel": "book.ETH-PERPETUAL.none.20.100ms", "data": {"timestamp": 1763772245662, "change_id": 98255351628, "instrument_name": "ETH-PERPETUAL", "bids": [[2767.9, 28829.0], [2767.7, 1104.0], [2767.65, 8147.0], [2767.6, 7600.0], [2767.55, 7300.0], [2767.4, 90.0], [2767.3, 1099.0], [2767.2, 3682.0], [2767.15, 3047.0], [2767.1, 1837.0], [2767.05, 1115.0], [2767.0, 3686.0], [2766.95, 858.0], [2766.75, 1441.0], [2766.7, 3730.0], [2766.6, 1115.0], [2766.55, 3730.0], [2766.5, 205.0], [2766.35, 6488.0], [2766.3, 1110.0]], "asks": [[2767.95, 3951.0], [2768.15, 7430.0], [2768.2, 12500.0], [2768.6, 5972.0], [2768.65, 20006.0], [2768.7, 2194.0], [2768.75, 3674.0], [2768.8, 3675.0], [2768.85, 1419.0], [2768.9, 3001.0], [2768.95, 21520.0], [2769.0, 2437.0], [2769.1, 2259.0], [2769.15, 3731.0], [2769.3, 1485.0], [2769.35, 2769.0], [2769.4, 3731.0], [2769.45, 13630.0], [2769.5, 1419.0], [2769.55, 3738.0]]}}}
{"jsonrpc": "2.0", "method": "subscription", "params": {"channel": "book.ETH-PERPETUAL.none.20.100ms", "data": {"timestamp": 1763772246065, "change_id": 98255352259, "instrument_name": "ETH-PERPETUAL", "bids": [[2767.9, 28829.0], [2767.7, 1104.0], [2767.65, 8147.0], [2767.6, 7600.0], [2767.55, 7300.0], [2767.4, 90.0], [2767.3, 1099.0], [2767.2, 5140.0], [2767.15, 3047.0], [2767.1, 1837.0], [2767.05, 1115.0], [2767.0, 4751.0], [2766.95, 1956.0], [2766.75, 1441.0], [2766.7, 3730.0], [2766.6, 1115.0], [2766.55, 3730.0], [2766.5, 205.0], [2766.35, 6488.0], [2766.3, 1110.0]], "asks": [[2767.95, 3802.0], [2768.15, 7430.0], [2768.2, 12500.0], [2768.6, 5972.0], [2768.65, 20006.0], [2768.7, 2194.0], [2768.75, 3674.0], [2768.8, 3675.0], [2768.85, 7533.0], [2768.9, 3001.0], [2768.95, 21520.0], [2769.0, 2437.0], [2769.1, 2259.0], [2769.15, 3731.0], [2769.3, 1485.0], [2769.35, 2769.0], [2769.4, 3731.0], [2769.45, 13630.0], [2769.5, 1419.0], [2769.55, 3738.0]]}}}
{"jsonrpc": "2.0", "method": "subscription", "params": {"channel": "book.ETH-PERPETUAL.none.20.100ms", "data": {"timestamp": 1763772246394, "change_id": 98255352962, "instrument_name": "ETH-PERPETUAL", "bids": [[2768.65, 3060.0], [2768.25, 17751.0], [2768.2, 24260.0], [2768.1, 4573.0], [2768.0, 2500.0], [2767.95, 10387.0], [2767.9, 11150.0], [2767.7, 1104.0], [2767.65, 5968.0], [2767.6, 7600.0], [2767.5, 5871.0], [2767.45, 7300.0], [2767.4, 90.0], [2767.35, 2999.0], [2767.3, 1099.0], [2767.2, 3682.0], [2767.15, 48.0], [2767.1, 1837.0], [2767.05, 1115.0], [2767.0, 4751.0]], "asks": [[2768.7, 3699.0], [2769.0, 7531.0], [2769.05, 20006.0], [2769.1, 1015.0], [2769.15, 3731.0], [2769.3, 6232.0], [2769.35, 17782.0], [2769.4, 3731.0], [2769.5, 3249.0], [2769.55, 3738.0], [2769.6, 1113.0], [2769.7, 3728.0], [2769.9, 1140.0], [2769.95, 3728.0], [2770.0, 90.0], [2770.05, 21499.0], [2770.1, 16198.0], [2770.2, 73613.0], [2770.35, 3728.0], [2770.5, 1113.0]]}}}
{"jsonrpc": "2.0", "method": "subscription", "params": {"channel": "book.ETH-PERPETUAL.none.20.100ms", "data": {"timestamp": 1763772246723, "change_id": 98255354201, "instrument_name": "ETH-PERPETUAL", "bids": [[2768.65, 46937.0], [2768.35, 3232.0], [2768.3, 11299.0], [2768.25, 3839.0], [2768.2, 10360.0], [2768.0, 3273.0], [2767.95, 14073.0], [2767.9, 3149.0], [2767.85, 11071.0], [2767.75, 1142.0], [2767.7, 3665.0], [2767.55, 2159.0], [2767.5, 11451.0], [2767.45, 23212.0], [2767.4, 90.0], [2767.3, 1099.0], [2767.2, 3682.0], [2767.05, 2685.0], [2767.0, 6453.0], [2766.95, 858.0]], "asks": [[2768.7, 13234.0], [2768.75, 1911.0], [2768.8, 3699.0], [2768.9, 3731.0], [2768.95, 12500.0], [2769.3, 6896.0], [2769.4, 23737.0], [2769.45, 2209.0], [2769.5, 3664.0], [2769.55, 3738.0], [2769.6, 6278.0], [2769.65, 20783.0], [2769.7, 3728.0], [2769.9, 1140.0], [2769.95, 3728.0], [2770.0, 90.0], [2770.05, 21499.0], [2770.1, 16198.0], [2770.2, 73613.0], [2770.35, 3728.0]]}}}
{"jsonrpc": "2.0", "method": "subscription", "params": {"channel": "book.ETH-PERPETUAL.none.20.100ms", "data": {"timestamp": 1763772247047, "change_id": 98255355377, "instrument_name": "ETH-PERPETUAL", "bids": [[2768.65, 58436.0], [2768.25, 6838.0], [2768.2, 10360.0], [2768.05, 48.0], [2768.0, 3273.0], [2767.95, 12852.0], [2767.9, 150.0], [2767.75, 1094.0], [2767.7, 3665.0], [2767.55, 2159.0], [2767.5, 10353.0], [2767.45, 24070.0], [2767.4, 90.0], [2767.3, 1099.0], [2767.2, 3682.0], [2767.1, 5302.0], [2767.05, 18877.0], [2767.0, 3686.0], [2766.85, 41627.0], [2766.8, 72500.0]], "asks": [[2768.7, 3503.0], [2768.75, 44.0], [2769.35, 1104.0], [2769.4, 3699.0], [2769.45, 8484.0], [2769.5, 1830.0], [2769.55, 12500.0], [2769.6, 1834.0], [2769.65, 1642.0], [2769.7, 3666.0], [2769.85, 6519.0], [2769.9, 21146.0], [2769.95, 3728.0], [2770.0, 90.0], [2770.05, 4114.0], [2770.1, 3728.0], [2770.2, 6278.0], [2770.3, 17782.0], [2770.35, 3728.0], [2770.5, 1113.0]]}}}
{"jsonrpc": "2.0", "method": "subscription", "params": {"channel": "book.ETH-PERPETUAL.none.20.100ms", "data": {"timestamp": 1763772247385, "change_id": 98255356463, "instrument_name": "ETH-PERPETUAL", "bids": [[2769.35, 8620.0], [2769.1, 2269.0], [2769.05, 7600.0], [2768.75, 1762.0], [2768.7, 9572.0], [2768.65, 7613.0], [2768.55, 1833.0], [2768.45, 1094.0], [2768.4, 3666.0], [2768.35, 3074.0], [2768.3, 7300.0], [2768.25, 4258.0], [2768.2, 1158.0], [2768.15, 3666.0], [2768.05, 858.0], [2768.0, 3273.0], [2767.95, 12852.0], [2767.9, 4015.0], [2767.75, 1094.0], [2767.7, 3665.0]], "asks": [[2769.4, 23871.0], [2769.45, 8484.0], [2769.5, 3699.0], [2769.55, 12500.0], [2769.85, 6519.0], [2769.9, 22980.0], [2769.95, 3728.0], [2770.0, 90.0], [2770.05, 1113.0], [2770.1, 3728.0], [2770.2, 8890.0], [2770.3, 17782.0], [2770.35, 3728.0], [2770.45, 3001.0], [2770.5, 1113.0], [2770.55, 3730.0], [2770.65, 1113.0], [2770.7, 3728.0], [2770.8, 5235.0], [2770.85, 3730.0]]}}}
{"jsonrpc": "2.0", "method": "subscription", "params": {"channel": "book.ETH-PERPETUAL.none.20.100ms", "data": {"timestamp": 1763772247704, "change_id": 98255357257, "instrument_name": "ETH-PERPETUAL", "bids": [[2769.35, 5560.0], [2769.05, 7600.0], [2768.75, 1762.0], [2768.7, 9572.0], [2768.65, 7495.0], [2768.55, 1833.0], [2768.45, 1094.0], [2768.4, 3666.0], [2768.35, 10546.0], [2768.3, 7300.0], [2768.25, 17176.0], [2768.2, 1206.0], [2768.15, 3666.0], [2768.05, 858.0], [2768.0, 3273.0], [2767.95, 12852.0], [2767.9, 4015.0], [2767.75, 1094.0], [2767.7, 3665.0], [2767.55, 1094.0]], "asks": [[2769.4, 36371.0], [2769.45, 4893.0], [2769.5, 3699.0], [2769.85, 6519.0], [2769.9, 22980.0], [2769.95, 3728.0], [2770.0, 90.0], [2770.05, 6825.0], [2770.1, 9203.0], [2770.15, 17782.0], [2770.2, 2943.0], [2770.35, 3728.0], [2770.4, 1016.0], [2770.5, 1113.0], [2770.55, 3730.0], [2770.65, 3883.0], [2770.7, 3728.0], [2770.8, 5235.0], [2770.85, 3730.0], [2770.95, 39127.0]]}}}
{"jsonrpc": "2.0", "method": "subscription", "params": {"channel": "book.ETH-PERPETUAL.none.20.100ms", "data": {"timestamp": 1763772247947, "change_id": 98255357755, "instrument_name": "ETH-PERPETUAL", "bids": [[2769.35, 5560.0], [2769.05, 7600.0], [2768.75, 1762.0], [2768.7, 9572.0], [2768.65, 7365.0], [2768.55, 1833.0], [2768.45, 1094.0], [2768.4, 3666.0], [2768.35, 10546.0], [2768.3, 7300.0], [2768.25, 17176.0], [2768.2, 1206.0], [2768.15, 3666.0], [2768.05, 858.0], [2768.0, 3273.0], [2767.95, 12852.0], [2767.9, 4015.0], [2767.75, 1094.0], [2767.7, 3665.0], [2767.55, 1094.0]], "asks": [[2769.4, 36371.0], [2769.45, 4893.0], [2769.5, 3699.0], [2769.85, 6519.0], [2769.9, 22980.0], [2769.95, 3728.0], [2770.0, 90.0], [2770.05, 6825.0], [2770.1, 6202.0], [2770.15, 20783.0], [2770.2, 2943.0], [2770.35, 3728.0], [2770.4, 1016.0], [2770.5, 1113.0], [2770.55, 3730.0], [2770.65, 3883.0], [2770.7, 3728.0], [2770.8, 5235.0], [2770.85, 3730.0], [2770.95, 39127.0]]}}}
{"jsonrpc": "2.0", "method": "subscription", "params": {"channel": "book.ETH-PERPETUAL.none.20.100ms", "data": {"timestamp": 1763772248376, "change_id": 98255358694, "instrument_name": "ETH-PERPETUAL", "bids": [[2769.35, 5560.0], [2769.1, 7300.0], [2769.05, 7600.0], [2768.75, 1762.0], [2768.7, 9572.0], [2768.65, 7365.0], [2768.55, 1833.0], [2768.45, 1094.0], [2768.4, 3666.0], [2768.35, 10546.0], [2768.3, 7300.0], [2768.25, 17176.0], [2768.2, 1206.0], [2768.15, 3666.0], [2768.05, 858.0], [2768.0, 1094.0], [2767.95, 4863.0], [2767.9, 4015.0], [2767.75, 1094.0], [2767.7, 3665.0]], "asks": [[2769.4, 36371.0], [2769.45, 4893.0], [2769.5, 3699.0], [2769.75, 2726.0], [2769.8, 7300.0], [2769.9, 8800.0], [2769.95, 3728.0], [2770.0, 20096.0], [2770.05, 3151.0], [2770.1, 6202.0], [2770.15, 3001.0], [2770.2, 8108.0], [2770.3, 17782.0], [2770.35, 3728.0], [2770.4, 1016.0], [2770.5, 1113.0], [2770.55, 3730.0], [2770.65, 3883.0], [2770.7, 3728.0], [2770.8, 5235.0]]}}}
{"jsonrpc": "2.0", "method": "subscription", "params": {"channel": "book.ETH-PERPETUAL.none.20.100ms", "data": {"timestamp": 1763772248607, "change_id": 98255358941, "instrument_name": "ETH-PERPETUAL", "bids": [[2769.35, 5560.0], [2769.1, 7300.0], [2769.05, 7600.0], [2768.75, 1762.0], [2768.7, 9572.0], [2768.65, 7365.0], [2768.55, 1833.0], [2768.5, 48.0], [2768.45, 1094.0], [2768.4, 3666.0], [2768.35, 10546.0], [2768.3, 7300.0], [2768.25, 17176.0], [2768.2, 1158.0], [2768.15, 3666.0], [2768.05, 858.0], [2768.0, 1094.0], [2767.95, 4863.0], [2767.9, 4015.0], [2767.75, 1094.0]], "asks": [[2769.4, 36486.0], [2769.45, 4893.0], [2769.5, 3699.0], [2769.75, 8350.0], [2769.8, 7300.0], [2769.9, 22980.0], [2769.95, 3728.0], [2770.0, 90.0], [2770.05, 8198.0], [2770.1, 6202.0], [2770.15, 20783.0], [2770.2, 2943.0], [2770.35, 3728.0], [2770.4, 1016.0], [2770.5, 1113.0], [2770.55, 3730.0], [2770.65, 3883.0], [2770.7, 3728.0], [2770.8, 5235.0], [2770.85, 3730.0]]}}}
{"jsonrpc": "2.0", "method": "subscription", "params": {"channel": "book.ETH-PERPETUAL.none.20.100ms", "data": {"timestamp": 1763772249038, "change_id": 98255359841, "instrument_name": "ETH-PERPETUAL", "bids": [[2769.4, 50138.0], [2769.35, 6664.0], [2769.3, 3699.0], [2769.15, 4448.0], [2769.1, 7300.0], [2769.05, 7600.0], [2768.75, 1762.0], [2768.7, 8941.0], [2768.65, 3666.0], [2768.55, 1833.0], [2768.5, 1142.0], [2768.4, 3666.0], [2768.35, 7547.0], [2768.3, 7300.0], [2768.25, 17176.0], [2768.2, 1158.0], [2768.15, 3666.0], [2768.05, 858.0], [2768.0, 1094.0], [2767.95, 4863.0]], "asks": [[2769.45, 3800.0], [2769.7, 10000.0], [2769.75, 2179.0], [2769.8, 7300.0], [2769.9, 6966.0], [2770.0, 90.0], [2770.05, 2398.0], [2770.1, 6202.0], [2770.2, 1830.0], [2770.25, 2009.0], [2770.3, 20006.0], [2770.35, 3728.0], [2770.4, 1016.0], [2770.45, 8309.0], [2770.5, 18895.0], [2770.55, 3730.0], [2770.65, 1113.0], [2770.7, 3728.0], [2770.8, 1113.0], [2770.85, 3730.0]]}}}
{"jsonrpc": "2.0", "method": "subscription", "params": {"channel": "book.ETH-PERPETUAL.none.20.100ms", "data": {"timestamp": 1763772249369, "change_id": 98255361366, "instrument_name": "ETH-PERPETUAL", "bids": [[2769.95, 35397.0], [2769.7, 2179.0], [2769.65, 7300.0], [2769.6, 4736.0], [2769.55, 7300.0], [2769.5, 9500.0], [2769.35, 1104.0], [2769.3, 6095.0], [2769.25, 3665.0], [2769.15, 7010.0], [2769.1, 7348.0], [2769.0, 1094.0], [2768.95, 3665.0], [2768.75, 1166.0], [2768.7, 1094.0], [2768.65, 3666.0], [2768.5, 1094.0], [2768.4, 4765.0], [2768.35, 4473.0], [2768.25, 17176.0]], "asks": [[2770.0, 2983.0], [2770.15, 3699.0], [2770.25, 10000.0], [2770.4, 1016.0], [2770.5, 1113.0], [2770.55, 3730.0], [2770.6, 20006.0], [2770.65, 1113.0], [2770.7, 3728.0], [2770.8, 9941.0], [2770.85, 3730.0], [2770.9, 20783.0], [2770.95, 3589.0], [2771.0, 3730.0], [2771.05, 5291.0], [2771.1, 1113.0], [2771.15, 3730.0], [2771.25, 3203.0], [2771.3, 6503.0], [2771.4, 6998.0]]}}}
{"jsonrpc": "2.0", "method": "subscription", "params": {"channel": "book.ETH-PERPETUAL.none.20.100ms", "data": {"timestamp": 1763772249673, "change_id": 98255362170, "instrument_name": "ETH-PERPETUAL", "bids": [[2769.95, 47567.0], [2769.75, 5015.0], [2769.7, 9500.0], [2769.65, 7300.0], [2769.6, 2179.0], [2769.55, 7300.0], [2769.35, 1104.0], [2769.3, 6095.0], [2769.25, 3665.0], [2769.2, 2999.0], [2769.15, 4011.0], [2769.1, 7348.0], [2769.0, 1094.0], [2768.95, 3665.0], [2768.75, 1166.0], [2768.7, 1094.0], [2768.65, 3666.0], [2768.6, 3626.0], [2768.5, 1094.0], [2768.4, 4765.0]], "asks": [[2770.0, 8573.0], [2770.2, 2985.0], [2770.25, 10000.0], [2770.3, 3699.0], [2770.5, 1113.0], [2770.55, 3730.0], [2770.65, 8035.0], [2770.7, 3728.0], [2770.75, 1244.0], [2770.8, 26003.0], [2770.85, 3730.0], [2770.95, 7542.0], [2771.0, 3730.0], [2771.05, 8292.0], [2771.1, 18895.0], [2771.15, 3730.0], [2771.25, 1114.0], [2771.3, 3732.0], [2771.45, 1113.0], [2771.5, 3730.0]]}}}
{"jsonrpc": "2.0", "method": "subscription", "params": {"channel": "book.ETH-PERPETUAL.none.20.100ms", "data": {"timestamp": 1763772250030, "change_id": 98255362982, "instrument_name": "ETH-PERPETUAL", "bids": [[2769.95, 47567.0], [2769.75, 5015.0], [2769.7, 9500.0], [2769.65, 7300.0], [2769.6, 2179.0], [2769.55, 7300.0], [2769.35, 1104.0], [2769.3, 6095.0], [2769.25, 3665.0], [2769.2, 2999.0], [2769.15, 4011.0], [2769.1, 7348.0], [2769.0, 1094.0], [2768.95, 3665.0], [2768.75, 1166.0], [2768.7, 1094.0], [2768.65, 3666.0], [2768.6, 2768.0], [2768.5, 1094.0], [2768.4, 4765.0]], "asks": [[2770.0, 2217.0], [2770.2, 2985.0], [2770.25, 10000.0], [2770.3, 3699.0], [2770.5, 1113.0], [2770.55, 3730.0], [2770.65, 8035.0], [2770.7, 3728.0], [2770.75, 21250.0], [2770.8, 5997.0], [2770.85, 3730.0], [2770.95, 8438.0], [2771.0, 3730.0], [2771.05, 23073.0], [2771.1, 2129.0], [2771.15, 3730.0], [2771.2, 3001.0], [2771.25, 1114.0], [2771.3, 3732.0], [2771.45, 1113.0]]}}}
{"jsonrpc": "2.0", "method": "subscription", "params": {"channel": "book.ETH-PERPETUAL.none.20.100ms", "data": {"timestamp": 1763772250348, "change_id": 98255364307, "instrument_name": "ETH-PERPETUAL", "bids": [[2769.95, 64367.0], [2769.9, 3699.0], [2769.85, 2179.0], [2769.8, 7300.0], [2769.4, 48.0], [2769.35, 2999.0], [2769.3, 2396.0], [2769.25, 3665.0], [2769.15, 2691.0], [2769.0, 1094.0], [2768.95, 3665.0], [2768.75, 1166.0], [2768.7, 1094.0], [2768.65, 3666.0], [2768.6, 2768.0], [2768.5, 1094.0], [2768.4, 3666.0], [2768.25, 5381.0], [2768.2, 14360.0], [2768.15, 3666.0]], "asks": [[2770.0, 90.0], [2770.25, 1900.0], [2770.45, 1104.0], [2770.5, 6684.0], [2770.55, 10000.0], [2770.7, 1829.0], [2770.75, 1244.0], [2770.8, 3662.0], [2770.95, 7207.0], [2771.0, 23736.0], [2771.1, 8191.0], [2771.15, 3730.0], [2771.25, 18896.0], [2771.3, 3732.0], [2771.4, 3001.0], [2771.45, 1113.0], [2771.5, 3730.0], [2771.55, 1114.0], [2771.65, 3731.0], [2771.7, 1113.0]]}}}
{"jsonrpc": "2.0", "method": "subscription", "params": {"channel": "book.ETH-PERPETUAL.none.20.100ms", "data": {"timestamp": 1763772250669, "change_id": 98255364819, "instrument_name": "ETH-PERPETUAL", "bids": [[2769.95, 64367.0], [2769.9, 3699.0], [2769.85, 2179.0], [2769.8, 7300.0], [2769.4, 48.0], [2769.35, 2999.0], [2769.3, 2396.0], [2769.25, 3665.0], [2769.2, 1166.0], [2769.15, 2691.0], [2769.0, 1094.0], [2768.95, 3665.0], [2768.9, 1099.0], [2768.7, 1094.0], [2768.65, 3666.0], [2768.5, 1094.0], [2768.4, 3666.0], [2768.25, 5381.0], [2768.2, 14360.0], [2768.15, 3666.0]], "asks": [[2770.0, 90.0], [2770.25, 1900.0], [2770.45, 1104.0], [2770.5, 6684.0], [2770.55, 10000.0], [2770.7, 1093.0], [2770.8, 3662.0], [2770.85, 5972.0], [2770.95, 21423.0], [2771.0, 3730.0], [2771.1, 8191.0], [2771.15, 3730.0], [2771.25, 18896.0], [2771.3, 3732.0], [2771.4, 3001.0], [2771.45, 1113.0], [2771.5, 3730.0], [2771.55, 1114.0], [2771.65, 3731.0], [2771.7, 1113.0]]}}}
{"jsonrpc": "2.0", "method": "subscription", "params": {"channel": "book.ETH-PERPETUAL.none.20.100ms", "data": {"timestamp": 1763772250943, "change_id": 98255365278, "instrument_name": "ETH-PERPETUAL", "bids": [[2769.95, 64567.0], [2769.85, 2179.0], [2769.8, 7300.0], [2769.75, 1618.0], [2769.7, 5420.0], [2769.4, 48.0], [2769.35, 2999.0], [2769.3, 2396.0], [2769.25, 3665.0], [2769.2, 1166.0], [2769.15, 2691.0], [2769.0, 2108.0], [2768.95, 3665.0], [2768.9, 1099.0], [2768.85, 2768.0], [2768.7, 1094.0], [2768.65, 3666.0], [2768.5, 1094.0], [2768.4, 3666.0], [2768.25, 10658.0]], "asks": [[2770.0, 90.0], [2770.25, 1900.0], [2770.5, 2985.0], [2770.55, 10000.0], [2770.65, 2711.0], [2770.7, 5420.0], [2770.8, 3662.0], [2770.95, 7207.0], [2771.0, 3730.0], [2771.05, 20006.0], [2771.1, 8191.0], [2771.15, 4953.0], [2771.25, 20141.0], [2771.3, 3732.0], [2771.4, 3001.0], [2771.45, 1113.0], [2771.5, 3730.0], [2771.55, 1114.0], [2771.65, 3731.0], [2771.7, 1113.0]]}}}
{"jsonrpc": "2.0", "method": "subscription", "params": {"channel": "book.ETH-PERPETUAL.none.20.100ms", "data": {"timestamp": 1763772251349, "change_id": 98255366114, "instrument_name": "ETH-PERPETUAL", "bids": [[2769.95, 57127.0], [2769.85, 4080.0], [2769.8, 7300.0], [2769.75, 8918.0], [2769.7, 5420.0], [2769.35, 2999.0], [2769.3, 2396.0], [2769.25, 3713.0], [2769.2, 1166.0], [2769.15, 2691.0], [2769.0, 2108.0], [2768.95, 3665.0], [2768.9, 1099.0], [2768.85, 2768.0], [2768.7, 1094.0], [2768.65, 3666.0], [2768.5, 1094.0], [2768.4, 3666.0], [2768.25, 15423.0], [2768.2, 14560.0]], "asks": [[2770.0, 90.0], [2770.25, 1900.0], [2770.45, 7300.0], [2770.5, 2985.0], [2770.55, 10000.0], [2770.65, 1093.0], [2770.8, 3662.0], [2770.95, 7207.0], [2771.0, 3730.0], [2771.05, 20006.0], [2771.1, 2129.0], [2771.15, 4953.0], [2771.25, 7525.0], [2771.3, 3732.0], [2771.35, 20783.0], [2771.45, 1113.0], [2771.5, 3730.0], [2771.55, 1114.0], [2771.65, 3731.0], [2771.7, 1113.0]]}}}
{"jsonrpc": "2.0", "method": "subscription", "params": {"channel": "book.ETH-PERPETUAL.none.20.100ms", "data": {"timestamp": 1763772251666, "change_id": 98255366549, "instrument_name": "ETH-PERPETUAL", "bids": [[2769.95, 57127.0], [2769.85, 4080.0], [2769.8, 7300.0], [2769.75, 8918.0], [2769.7, 5420.0], [2769.55, 48.0], [2769.35, 2999.0], [2769.3, 2396.0], [2769.25, 3665.0], [2769.2, 1166.0], [2769.15, 2691.0], [2769.0, 2108.0], [2768.95, 3665.0], [2768.9, 1099.0], [2768.85, 2768.0], [2768.7, 1094.0], [2768.65, 3666.0], [2768.5, 1094.0], [2768.4, 3666.0], [2768.25, 1154.0]], "asks": [[2770.0, 90.0], [2770.25, 1900.0], [2770.4, 2179.0], [2770.45, 7300.0], [2770.5, 2985.0], [2770.55, 10000.0], [2770.65, 2571.0], [2770.75, 5420.0], [2770.8, 3662.0], [2770.85, 5972.0], [2770.9, 20006.0], [2770.95, 1417.0], [2771.0, 3730.0], [2771.1, 8032.0], [2771.15, 3730.0], [2771.25, 23142.0], [2771.3, 3732.0], [2771.4, 1113.0], [2771.5, 3730.0], [2771.55, 1114.0]]}}}
{"jsonrpc": "2.0", "method": "subscription", "params": {"channel": "book.ETH-PERPETUAL.none.20.100ms", "data": {"timestamp": 1763772252009, "change_id": 98255366941, "instrument_name": "ETH-PERPETUAL", "bids": [[2769.95, 57327.0], [2769.85, 4080.0], [2769.8, 7300.0], [2769.75, 8918.0], [2769.7, 5420.0], [2769.55, 48.0], [2769.35, 2999.0], [2769.3, 2396.0], [2769.25, 3665.0], [2769.2, 1166.0], [2769.15, 2691.0], [2769.0, 2108.0], [2768.95, 3665.0], [2768.9, 1099.0], [2768.85, 2768.0], [2768.7, 5133.0], [2768.65, 17666.0], [2768.5, 1094.0], [2768.4, 3666.0], [2768.25, 6912.0]], "asks": [[2770.0, 90.0], [2770.25, 1900.0], [2770.4, 2179.0], [2770.45, 7300.0], [2770.5, 2985.0], [2770.55, 10000.0], [2770.65, 2571.0], [2770.75, 5420.0], [2770.8, 3662.0], [2770.9, 5972.0], [2770.95, 21423.0], [2771.0, 3730.0], [2771.1, 7016.0], [2771.15, 3730.0], [2771.25, 20141.0], [2771.3, 3732.0], [2771.35, 3001.0], [2771.4, 1113.0], [2771.5, 3730.0], [2771.55, 1114.0]]}}}
{"jsonrpc": "2.0", "method": "subscription", "params": {"channel": "book.ETH-PERPETUAL.none.20.100ms", "data": {"timestamp": 1763772252340, "change_id": 98255367834, "instrument_name": "ETH-PERPETUAL", "bids": [[2769.95, 64675.0], [2769.9, 11080.0], [2769.85, 4080.0], [2769.8, 7300.0], [2769.75, 10890.0], [2769.7, 6587.0], [2769.6, 7300.0], [2769.35, 2999.0], [2769.3, 2396.0], [2769.25, 3665.0], [2769.15, 2691.0], [2769.0, 1094.0], [2768.95, 3665.0], [2768.9, 1099.0], [2768.7, 5133.0], [2768.65, 17666.0], [2768.5, 1094.0], [2768.4, 6314.0], [2768.25, 11478.0], [2768.2, 37747.0]], "asks": [[2770.0, 90.0], [2770.5, 1900.0], [2770.75, 3531.0], [2770.8, 11829.0], [2770.9, 1093.0], [2770.95, 10566.0], [2771.0, 7252.0], [2771.1, 22951.0], [2771.15, 3730.0], [2771.25, 1114.0], [2771.3, 3732.0], [2771.4, 1113.0], [2771.45, 17782.0], [2771.5, 3730.0], [2771.55, 1114.0], [2771.6, 3001.0], [2771.65, 3731.0], [2771.7, 1113.0], [2771.85, 29469.0], [2771.9, 72500.0]]}}}
{"jsonrpc": "2.0", "method": "subscription", "params": {"channel": "book.ETH-PERPETUAL.none.20.100ms", "data": {"timestamp": 1763772252653, "change_id": 98255368214, "instrument_name": "ETH-PERPETUAL", "bids": [[2769.95, 64675.0], [2769.9, 11080.0], [2769.85, 4080.0], [2769.8, 7300.0], [2769.75, 10890.0], [2769.7, 6587.0], [2769.65, 2999.0], [2769.6, 7300.0], [2769.45, 6748.0], [2769.4, 15924.0], [2769.3, 2396.0], [2769.25, 3665.0], [2769.15, 2691.0], [2769.0, 1094.0], [2768.95, 6433.0], [2768.7, 5133.0], [2768.65, 17666.0], [2768.5, 1094.0], [2768.4, 6314.0], [2768.25, 11478.0]], "asks": [[2770.0, 90.0], [2770.5, 1900.0], [2770.75, 3531.0], [2770.8, 11829.0], [2770.9, 1093.0], [2770.95, 11617.0], [2771.0, 7252.0], [2771.1, 21119.0], [2771.15, 3730.0], [2771.25, 1114.0], [2771.3, 3732.0], [2771.4, 1113.0], [2771.45, 17782.0], [2771.5, 3730.0], [2771.55, 1114.0], [2771.6, 3001.0], [2771.65, 3731.0], [2771.7, 1113.0], [2771.85, 29469.0], [2771.9, 72500.0]]}}}
{"jsonrpc": "2.0", "method": "subscription", "params": {"channel": "book.ETH-PERPETUAL.none.20.100ms", "data": {"timestamp": 1763772252993, "change_id": 98255369150, "instrument_name": "ETH-PERPETUAL", "bids": [[2769.95, 34373.0], [2769.6, 7300.0], [2769.45, 1099.0], [2769.3, 3436.0], [2769.25, 9847.0], [2769.15, 2691.0], [2769.1, 40.0], [2769.05, 2999.0], [2769.0, 1094.0], [2768.95, 3665.0], [2768.7, 1094.0], [2768.65, 3666.0], [2768.5, 1094.0], [2768.45, 200.0], [2768.4, 6314.0], [2768.15, 3666.0], [2768.1, 20041.0], [2768.05, 7076.0], [2768.0, 20041.0], [2767.95, 3665.0]], "asks": [[2770.0, 8694.0], [2770.5, 4885.0], [2770.55, 10000.0], [2770.75, 27200.0], [2770.8, 3661.0], [2770.9, 1093.0], [2770.95, 3663.0], [2771.15, 20783.0], [2771.25, 1114.0], [2771.3, 9914.0], [2771.4, 2358.0], [2771.5, 3730.0], [2771.55, 1114.0], [2771.65, 3731.0], [2771.7, 1113.0], [2771.85, 29469.0], [2771.9, 72500.0], [2771.95, 5283.0], [2772.0, 8882.0], [2772.05, 90.0]]}}}
{"jsonrpc": "2.0", "method": "subscription", "params": {"channel": "book.ETH-PERPETUAL.none.20.100ms", "data": {"timestamp": 1763772253332, "change_id": 98255370171, "instrument_name": "ETH-PERPETUAL", "bids": [[2769.95, 33787.0], [2769.65, 2836.0], [2769.6, 9500.0], [2769.55, 2507.0], [2769.5, 7300.0], [2769.3, 6435.0], [2769.25, 9847.0], [2769.15, 2691.0], [2769.1, 40.0], [2769.0, 1094.0], [2768.95, 3665.0], [2768.7, 3862.0], [2768.65, 3666.0], [2768.5, 1094.0], [2768.45, 14376.0], [2768.4, 6314.0], [2768.15, 3666.0], [2768.1, 20041.0], [2768.05, 7076.0], [2768.0, 20041.0]], "asks": [[2770.0, 90.0], [2770.25, 1900.0], [2770.5, 2985.0], [2770.55, 10000.0], [2770.7, 2186.0], [2770.75, 3663.0], [2770.8, 3661.0], [2770.9, 21099.0], [2770.95, 3663.0], [2771.1, 17782.0], [2771.25, 4115.0], [2771.3, 11137.0], [2771.4, 3374.0], [2771.5, 3730.0], [2771.55, 1114.0], [2771.65, 3731.0], [2771.7, 1113.0], [2771.85, 29469.0], [2771.9, 72500.0], [2771.95, 5283.0]]}}}
{"jsonrpc": "2.0", "method": "subscription", "params": {"channel": "book.ETH-PERPETUAL.none.20.100ms", "data": {"timestamp": 1763772253661, "change_id": 98255371283, "instrument_name": "ETH-PERPETUAL", "bids": [[2769.95, 60087.0], [2769.6, 55.0], [2769.55, 2507.0], [2769.5, 7300.0], [2769.4, 40.0], [2769.35, 2999.0], [2769.3, 3436.0], [2769.25, 9847.0], [2769.2, 1166.0], [2769.15, 2691.0], [2769.05, 1099.0], [2769.0, 1094.0], [2768.95, 3665.0], [2768.7, 3862.0], [2768.65, 3666.0], [2768.5, 111344.0], [2768.45, 14176.0], [2768.4, 6314.0], [2768.15, 3666.0], [2768.1, 20041.0]], "asks": [[2770.0, 90.0], [2770.65, 1900.0], [2770.8, 2985.0], [2770.85, 10000.0], [2770.95, 2186.0], [2771.0, 3663.0], [2771.05, 3661.0], [2771.25, 3857.0], [2771.3, 9914.0], [2771.4, 2129.0], [2771.45, 3001.0], [2771.5, 3730.0], [2771.55, 1114.0], [2771.6, 37790.0], [2771.65, 3731.0], [2771.7, 1113.0], [2771.85, 29469.0], [2771.9, 72500.0], [2771.95, 8054.0], [2772.0, 8882.0]]}}}
{"jsonrpc": "2.0", "method": "subscription", "params": {"channel": "book.ETH-PERPETUAL.none.20.100ms", "data": {"timestamp": 1763772253994, "change_id": 98255371736, "instrument_name": "ETH-PERPETUAL", "bids": [[2769.95, 60961.0], [2769.8, 1167.0], [2769.6, 55.0], [2769.55, 6605.0], [2769.5, 7300.0], [2769.45, 5649.0], [2769.4, 15924.0], [2769.3, 3436.0], [2769.25, 9847.0], [2769.15, 2691.0], [2769.0, 1094.0], [2768.95, 3665.0], [2768.7, 3862.0], [2768.65, 3666.0], [2768.5, 93581.0], [2768.45, 17763.0], [2768.4, 26355.0], [2768.15, 3666.0], [2768.1, 20041.0], [2767.95, 3665.0]], "asks": [[2770.0, 90.0], [2770.65, 1900.0], [2770.8, 2985.0], [2770.85, 10000.0], [2770.95, 2186.0], [2771.0, 3663.0], [2771.05, 3661.0], [2771.25, 3857.0], [2771.3, 9914.0], [2771.4, 2129.0], [2771.45, 3001.0], [2771.5, 3730.0], [2771.55, 1114.0], [2771.6, 37790.0], [2771.65, 3731.0], [2771.7, 1113.0], [2771.85, 29469.0], [2771.9, 72500.0], [2771.95, 8054.0], [2772.0, 4865.0]]}}}
{"jsonrpc": "2.0", "method": "subscription", "params": {"channel": "book.ETH-PERPETUAL.none.20.100ms", "data": {"timestamp": 1763772254318, "change_id": 98255372300, "instrument_name": "ETH-PERPETUAL", "bids": [[2769.95, 67427.0], [2769.8, 1167.0], [2769.65, 2195.0], [2769.6, 7355.0], [2769.55, 6605.0], [2769.5, 7300.0], [2769.45, 5649.0], [2769.4, 15924.0], [2769.3, 3436.0], [2769.25, 9847.0], [2769.15, 2691.0], [2769.0, 1094.0], [2768.95, 3665.0], [2768.75, 14032.0], [2768.7, 6921.0], [2768.65, 3666.0], [2768.55, 19987.0], [2768.5, 73594.0], [2768.45, 17763.0], [2768.4, 26355.0]], "asks": [[2770.0, 93.0], [2770.65, 1900.0], [2770.8, 2985.0], [2770.85, 10000.0], [2770.95, 2186.0], [2771.0, 3663.0], [2771.05, 3661.0], [2771.25, 3857.0], [2771.3, 9914.0], [2771.4, 1016.0], [2771.45, 3001.0], [2771.5, 3730.0], [2771.55, 1114.0], [2771.6, 37790.0], [2771.65, 3731.0], [2771.7, 1113.0], [2771.85, 29469.0], [2771.9, 72500.0], [2771.95, 5283.0], [2772.0, 4865.0]]}}}
{"jsonrpc": "2.0", "method": "subscription", "params": {"channel": "book.ETH-PERPETUAL.none.20.100ms", "data": {"timestamp": 1763772254641, "change_id": 98255372770, "instrument_name": "ETH-PERPETUAL", "bids": [[2769.95, 121301.0], [2769.8, 1167.0], [2769.7, 55.0], [2769.65, 2195.0], [2769.6, 7300.0], [2769.55, 3606.0], [2769.5, 10299.0], [2769.45, 5649.0], [2769.4, 15924.0], [2769.3, 3436.0], [2769.25, 9847.0], [2769.15, 2691.0], [2769.0, 1094.0], [2768.95, 6433.0], [2768.75, 14032.0], [2768.7, 21081.0], [2768.65, 3666.0], [2768.5, 73594.0], [2768.45, 17763.0], [2768.4, 26355.0]], "asks": [[2770.0, 93.0], [2770.65, 1900.0], [2770.8, 2985.0], [2770.85, 10000.0], [2770.95, 1093.0], [2771.05, 3661.0], [2771.25, 3857.0], [2771.3, 9914.0], [2771.4, 1016.0], [2771.45, 3001.0], [2771.5, 3730.0], [2771.55, 1114.0], [2771.65, 3731.0], [2771.7, 1113.0], [2771.8, 37790.0], [2771.85, 29469.0], [2771.9, 72500.0], [2771.95, 5283.0], [2772.0, 4865.0], [2772.05, 90.0]]}}}
{"jsonrpc": "2.0", "method": "subscription", "params": {"channel": "book.ETH-PERPETUAL.none.20.100ms", "data": {"timestamp": 1763772254983, "change_id": 98255373300, "instrument_name": "ETH-PERPETUAL", "bids": [[2769.95, 74327.0], [2769.8, 1167.0], [2769.65, 2195.0], [2769.6, 7340.0], [2769.55, 3606.0], [2769.5, 7300.0], [2769.45, 5649.0], [2769.4, 15924.0], [2769.3, 3436.0], [2769.25, 9847.0], [2769.2, 2999.0], [2769.15, 2691.0], [2769.0, 1094.0], [2768.95, 6433.0], [2768.75, 14032.0], [2768.7, 1094.0], [2768.65, 3666.0], [2768.5, 73794.0], [2768.4, 26355.0], [2768.2, 37750.0]], "asks": [[2770.0, 93.0], [2770.65, 1900.0], [2770.8, 2985.0], [2770.85, 10000.0], [2770.95, 1093.0], [2771.0, 3667.0], [2771.05, 3661.0], [2771.2, 3001.0], [2771.25, 3857.0], [2771.3, 9914.0], [2771.4, 1016.0], [2771.45, 37790.0], [2771.5, 3730.0], [2771.55, 1114.0], [2771.65, 3731.0], [2771.7, 1113.0], [2771.85, 29469.0], [2771.9, 72500.0], [2771.95, 5283.0], [2772.0, 4865.0]]}}}
{"jsonrpc": "2.0", "method": "subscription", "params": {"channel": "book.ETH-PERPETUAL.none.20.100ms", "data": {"timestamp": 1763772255305, "change_id": 98255373918, "instrument_name": "ETH-PERPETUAL", "bids": [[2769.95, 59887.0], [2769.8, 1167.0], [2769.7, 4370.0], [2769.65, 7300.0], [2769.6, 11692.0], [2769.55, 7281.0], [2769.5, 10299.0], [2769.45, 5649.0], [2769.4, 15924.0], [2769.25, 3665.0], [2769.15, 2691.0], [2769.0, 1094.0], [2768.95, 6433.0], [2768.8, 4189.0], [2768.75, 14032.0], [2768.7, 1094.0], [2768.65, 3666.0], [2768.5, 73794.0], [2768.45, 19987.0], [2768.4, 26355.0]], "asks": [[2770.0, 93.0], [2770.45, 1900.0], [2770.6, 3552.0], [2770.65, 10000.0], [2770.9, 1094.0], [2770.95, 4758.0], [2771.0, 3667.0], [2771.15, 3667.0], [2771.25, 3857.0], [2771.3, 9914.0], [2771.4, 10438.0], [2771.45, 37790.0], [2771.5, 3730.0], [2771.55, 1114.0], [2771.65, 3731.0], [2771.7, 1113.0], [2771.85, 29469.0], [2771.9, 72500.0], [2771.95, 5283.0], [2772.0, 4865.0]]}}}
{"jsonrpc": "2.0", "method": "subscription", "params": {"channel": "book.ETH-PERPETUAL.none.20.100ms", "data": {"timestamp": 1763772255644, "change_id": 98255374313, "instrument_name": "ETH-PERPETUAL", "bids": [[2769.95, 59887.0], [2769.8, 1167.0], [2769.7, 4370.0], [2769.65, 7300.0], [2769.6, 11692.0], [2769.55, 7281.0], [2769.5, 7355.0], [2769.45, 8648.0], [2769.4, 15924.0], [2769.25, 3665.0], [2769.15, 2691.0], [2769.0, 1094.0], [2768.95, 6433.0], [2768.8, 4189.0], [2768.75, 14032.0], [2768.7, 1094.0], [2768.65, 3666.0], [2768.5, 73794.0], [2768.45, 19987.0], [2768.4, 26355.0]], "asks": [[2770.0, 93.0], [2770.45, 1900.0], [2770.6, 3552.0], [2770.65, 10000.0], [2770.9, 1094.0], [2770.95, 4758.0], [2771.0, 3667.0], [2771.15, 3667.0], [2771.25, 3857.0], [2771.3, 9914.0], [2771.35, 3001.0], [2771.4, 7437.0], [2771.45, 37790.0], [2771.5, 3730.0], [2771.55, 1114.0], [2771.65, 3731.0], [2771.7, 1113.0], [2771.85, 29469.0], [2771.9, 72500.0], [2771.95, 5283.0]]}}}
{"jsonrpc": "2.0", "method": "subscription", "params": {"channel": "book.ETH-PERPETUAL.none.20.100ms", "data": {"timestamp": 1763772255951, "change_id": 98255374781, "instrument_name": "ETH-PERPETUAL", "bids": [[2769.95, 64387.0], [2769.8, 1167.0], [2769.7, 4425.0], [2769.65, 7300.0], [2769.6, 11652.0], [2769.55, 10280.0], [2769.5, 7300.0], [2769.45, 5649.0], [2769.4, 15924.0], [2769.25, 3665.0], [2769.15, 2691.0], [2769.0, 1094.0], [2768.95, 6433.0], [2768.8, 4189.0], [2768.75, 14032.0], [2768.7, 1094.0], [2768.65, 3666.0], [2768.55, 19987.0], [2768.5, 73594.0], [2768.45, 17763.0]], "asks": [[2770.0, 93.0], [2770.7, 1900.0], [2770.85, 3532.0], [2770.9, 10000.0], [2770.95, 1831.0], [2771.0, 1834.0], [2771.1, 1095.0], [2771.15, 3667.0], [2771.25, 3857.0], [2771.3, 9914.0], [2771.4, 1016.0], [2771.45, 3001.0], [2771.5, 3730.0], [2771.55, 1114.0], [2771.6, 37790.0], [2771.65, 3731.0], [2771.7, 1113.0], [2771.85, 29469.0], [2771.9, 72500.0], [2771.95, 8054.0]]}}}
{"jsonrpc": "2.0", "method": "subscription", "params": {"channel": "book.ETH-PERPETUAL.none.20.100ms", "data": {"timestamp": 1763772256301, "change_id": 98255375868, "instrument_name": "ETH-PERPETUAL", "bids": [[2769.95, 11050.0], [2769.15, 2691.0], [2769.0, 1134.0], [2768.95, 3665.0], [2768.7, 14979.0], [2768.65, 3666.0], [2768.5, 1094.0], [2768.4, 23907.0], [2768.15, 3666.0], [2768.1, 20041.0], [2768.0, 19987.0], [2767.95, 3665.0], [2767.9, 90.0], [2767.8, 22735.0], [2767.75, 17763.0], [2767.7, 3665.0], [2767.65, 72500.0], [2767.55, 1094.0], [2767.5, 4786.0], [2767.4, 3756.0]], "asks": [[2770.0, 18081.0], [2770.45, 2985.0], [2770.5, 10000.0], [2770.65, 3552.0], [2770.7, 1900.0], [2770.75, 3668.0], [2770.8, 3665.0], [2770.95, 17782.0], [2771.0, 3668.0], [2771.05, 72500.0], [2771.1, 21103.0], [2771.15, 3667.0], [2771.25, 3857.0], [2771.3, 3732.0], [2771.35, 3001.0], [2771.4, 1016.0], [2771.5, 3730.0], [2771.55, 1114.0], [2771.65, 3731.0], [2771.7, 1113.0]]}}}
{"jsonrpc": "2.0", "method": "subscription", "params": {"channel": "book.ETH-PERPETUAL.none.20.100ms", "data": {"timestamp": 1763772256633, "change_id": 98255376799, "instrument_name": "ETH-PERPETUAL", "bids": [[2769.95, 60.0], [2769.4, 5000.0], [2769.15, 859.0], [2769.05, 2836.0], [2769.0, 13168.0], [2768.9, 1834.0], [2768.7, 1094.0], [2768.65, 3666.0], [2768.6, 40.0], [2768.5, 1094.0], [2768.45, 6182.0], [2768.4, 3866.0], [2768.2, 2999.0], [2768.15, 3666.0], [2767.95, 3665.0], [2767.9, 90.0], [2767.85, 2482.0], [2767.8, 22735.0], [2767.7, 3665.0], [2767.65, 92541.0]], "asks": [[2770.0, 40130.0], [2770.1, 1845.0], [2770.15, 6182.0], [2770.5, 9407.0], [2770.55, 30199.0], [2770.6, 3001.0], [2770.7, 17782.0], [2770.75, 3668.0], [2770.8, 3665.0], [2771.0, 3668.0], [2771.05, 72500.0], [2771.1, 1095.0], [2771.15, 3667.0], [2771.3, 3732.0], [2771.4, 3484.0], [2771.5, 3730.0], [2771.55, 1114.0], [2771.65, 3731.0], [2771.7, 1113.0], [2771.85, 29469.0]]}}}
{"jsonrpc": "2.0", "method": "subscription", "params": {"channel": "book.ETH-PERPETUAL.none.20.100ms", "data": {"timestamp": 1763772256961, "change_id": 98255377518, "instrument_name": "ETH-PERPETUAL", "bids": [[2769.95, 60.0], [2769.4, 5000.0], [2769.05, 2836.0], [2769.0, 13168.0], [2768.9, 1834.0], [2768.85, 1166.0], [2768.7, 4093.0], [2768.65, 3666.0], [2768.6, 1139.0], [2768.5, 1094.0], [2768.45, 6182.0], [2768.4, 3866.0], [2768.15, 3666.0], [2767.95, 3665.0], [2767.9, 2857.0], [2767.85, 2482.0], [2767.8, 22735.0], [2767.7, 3665.0], [2767.65, 92541.0], [2767.55, 21081.0]], "asks": [[2770.0, 37323.0], [2770.1, 1845.0], [2770.15, 6182.0], [2770.5, 9407.0], [2770.55, 10191.0], [2770.6, 3001.0], [2770.65, 20008.0], [2770.7, 17782.0], [2770.75, 3668.0], [2770.8, 5903.0], [2770.85, 1244.0], [2771.0, 3668.0], [2771.05, 72500.0], [2771.1, 1095.0], [2771.15, 3667.0], [2771.3, 3732.0], [2771.5, 3730.0], [2771.55, 1114.0], [2771.65, 3731.0], [2771.7, 1113.0]]}}}
{"jsonrpc": "2.0", "method": "subscription", "params": {"channel": "book.ETH-PERPETUAL.none.20.100ms", "data": {"timestamp": 1763772257281, "change_id": 98255378081, "instrument_name": "ETH-PERPETUAL", "bids": [[2769.95, 60.0], [2769.4, 5000.0], [2769.25, 2836.0], [2769.2, 9500.0], [2769.05, 1095.0], [2769.0, 3668.0], [2768.9, 1834.0], [2768.85, 1166.0], [2768.7, 4093.0], [2768.65, 3666.0], [2768.6, 1139.0], [2768.5, 2859.0], [2768.45, 6182.0], [2768.4, 3866.0], [2768.15, 3666.0], [2767.95, 3665.0], [2767.9, 2857.0], [2767.85, 17033.0], [2767.8, 22735.0], [2767.7, 3665.0]], "asks": [[2770.0, 43023.0], [2770.1, 1845.0], [2770.15, 6182.0], [2770.4, 2179.0], [2770.45, 7300.0], [2770.5, 14015.0], [2770.55, 47981.0], [2770.65, 3001.0], [2770.75, 3668.0], [2770.8, 5903.0], [2770.85, 1244.0], [2770.95, 2770.0], [2771.0, 25309.0], [2771.05, 72500.0], [2771.1, 1095.0], [2771.15, 3667.0], [2771.3, 3732.0], [2771.5, 3730.0], [2771.55, 1114.0], [2771.65, 3731.0]]}}}
{"jsonrpc": "2.0", "method": "subscription", "params": {"channel": "book.ETH-PERPETUAL.none.20.100ms", "data": {"timestamp": 1763772257623, "change_id": 98255378526, "instrument_name": "ETH-PERPETUAL", "bids": [[2769.95, 60.0], [2769.65, 1493.0], [2769.6, 5000.0], [2769.25, 2836.0], [2769.2, 9500.0], [2769.1, 1834.0], [2769.05, 1095.0], [2769.0, 3668.0], [2768.9, 1834.0], [2768.85, 4834.0], [2768.75, 2999.0], [2768.7, 1094.0], [2768.65, 3666.0], [2768.6, 1139.0], [2768.5, 2859.0], [2768.45, 6182.0], [2768.4, 3866.0], [2768.15, 3666.0], [2767.95, 3665.0], [2767.9, 2857.0]], "asks": [[2770.0, 34218.0], [2770.1, 1845.0], [2770.15, 6182.0], [2770.4, 2179.0], [2770.45, 7300.0], [2770.5, 3042.0], [2770.55, 10191.0], [2770.7, 17782.0], [2770.75, 26677.0], [2770.8, 5903.0], [2770.85, 1244.0], [2770.95, 2770.0], [2771.0, 25309.0], [2771.05, 72500.0], [2771.1, 1095.0], [2771.15, 3667.0], [2771.3, 3732.0], [2771.5, 3730.0], [2771.55, 1114.0], [2771.65, 3731.0]]}}}
{"jsonrpc": "2.0", "method": "subscription", "params": {"channel": "book.ETH-PERPETUAL.none.20.100ms", "data": {"timestamp": 1763772257957, "change_id": 98255379177, "instrument_name": "ETH-PERPETUAL", "bids": [[2769.95, 60.0], [2769.7, 5000.0], [2769.45, 2836.0], [2769.4, 9500.0], [2769.3, 1095.0], [2769.25, 3668.0], [2769.1, 1834.0], [2769.05, 1095.0], [2769.0, 3668.0], [2768.9, 40.0], [2768.85, 4834.0], [2768.75, 2999.0], [2768.7, 1094.0], [2768.65, 3666.0], [2768.6, 1099.0], [2768.55, 858.0], [2768.5, 2859.0], [2768.45, 6182.0], [2768.4, 3866.0], [2768.15, 3666.0]], "asks": [[2770.0, 33266.0], [2770.1, 1845.0], [2770.15, 6182.0], [2770.4, 2179.0], [2770.45, 7300.0], [2770.5, 3042.0], [2770.55, 10191.0], [2770.75, 3668.0], [2770.8, 8904.0], [2770.85, 21252.0], [2770.9, 17782.0], [2771.0, 25309.0], [2771.05, 72500.0], [2771.1, 1095.0], [2771.15, 3667.0], [2771.3, 6503.0], [2771.45, 14027.0], [2771.5, 3730.0], [2771.55, 1114.0], [2771.65, 3731.0]]}}}
{"jsonrpc": "2.0", "method": "subscription", "params": {"channel": "book.ETH-PERPETUAL.none.20.100ms", "data": {"timestamp": 1763772258261, "change_id": 98255379659, "instrument_name": "ETH-PERPETUAL", "bids": [[2769.95, 60.0], [2769.7, 5000.0], [2769.55, 2179.0], [2769.5, 7300.0], [2769.45, 2836.0], [2769.4, 9500.0], [2769.3, 1095.0], [2769.25, 3668.0], [2769.1, 1834.0], [2769.05, 1095.0], [2769.0, 3668.0], [2768.9, 1483.0], [2768.85, 4834.0], [2768.75, 2999.0], [2768.7, 1094.0], [2768.65, 3666.0], [2768.6, 1099.0], [2768.55, 858.0], [2768.5, 2859.0], [2768.45, 6182.0]], "asks": [[2770.0, 41068.0], [2770.1, 1845.0], [2770.15, 6182.0], [2770.3, 2179.0], [2770.35, 7300.0], [2770.4, 2179.0], [2770.45, 7300.0], [2770.75, 6669.0], [2770.8, 17555.0], [2770.85, 21252.0], [2770.9, 17782.0], [2771.0, 25309.0], [2771.05, 72500.0], [2771.1, 1095.0], [2771.15, 3667.0], [2771.3, 6503.0], [2771.5, 3730.0], [2771.55, 1114.0], [2771.65, 3731.0], [2771.7, 1113.0]]}}}
{"jsonrpc": "2.0", "method": "subscription", "params": {"channel": "book.ETH-PERPETUAL.none.20.100ms", "data": {"timestamp": 1763772258588, "change_id": 98255379861, "instrument_name": "ETH-PERPETUAL", "bids": [[2769.95, 60.0], [2769.7, 5000.0], [2769.55, 2179.0], [2769.5, 7300.0], [2769.45, 2836.0], [2769.4, 9500.0], [2769.3, 1095.0], [2769.25, 3668.0], [2769.1, 1834.0], [2769.05, 1095.0], [2769.0, 3668.0], [2768.9, 1483.0], [2768.85, 4834.0], [2768.75, 2999.0], [2768.7, 1094.0], [2768.65, 3666.0], [2768.6, 1099.0], [2768.55, 858.0], [2768.5, 2859.0], [2768.45, 6182.0]], "asks": [[2770.0, 41600.0], [2770.1, 1845.0], [2770.15, 6182.0], [2770.3, 2179.0], [2770.35, 7300.0], [2770.4, 2179.0], [2770.45, 7300.0], [2770.75, 6669.0], [2770.8, 17555.0], [2770.85, 21252.0], [2770.9, 17782.0], [2771.0, 25309.0], [2771.05, 72500.0], [2771.1, 1095.0], [2771.15, 3667.0], [2771.3, 6503.0], [2771.5, 3730.0], [2771.55, 1114.0], [2771.65, 3731.0], [2771.7, 1113.0]]}}}
{"jsonrpc": "2.0", "method": "subscription", "params": {"channel": "book.ETH-PERPETUAL.none.20.100ms", "data": {"timestamp": 1763772258946, "change_id": 98255380439, "instrument_name": "ETH-PERPETUAL", "bids": [[2769.95, 60.0], [2769.7, 5000.0], [2769.55, 2179.0], [2769.5, 7300.0], [2769.45, 2836.0], [2769.4, 9500.0], [2769.3, 1095.0], [2769.25, 3668.0], [2769.1, 1834.0], [2769.05, 1095.0], [2769.0, 3668.0], [2768.9, 1483.0], [2768.85, 4834.0], [2768.75, 2999.0], [2768.7, 1094.0], [2768.65, 3666.0], [2768.6, 1099.0], [2768.55, 858.0], [2768.5, 2859.0], [2768.45, 6182.0]], "asks": [[2770.0, 40625.0], [2770.1, 1845.0], [2770.15, 6182.0], [2770.3, 2179.0], [2770.35, 7300.0], [2770.4, 2179.0], [2770.45, 7300.0], [2770.75, 6669.0], [2770.8, 5903.0], [2770.85, 1244.0], [2770.95, 37790.0], [2771.0, 25309.0], [2771.05, 72500.0], [2771.1, 1095.0], [2771.15, 3667.0], [2771.3, 6503.0], [2771.5, 18229.0], [2771.55, 1114.0], [2771.65, 3731.0], [2771.7, 1113.0]]}}}
{"jsonrpc": "2.0", "method": "subscription", "params": {"channel": "book.ETH-PERPETUAL.none.20.100ms", "data": {"timestamp": 1763772259270, "change_id": 98255381118, "instrument_name": "ETH-PERPETUAL", "bids": [[2769.95, 60.0], [2769.35, 2500.0], [2769.05, 2836.0], [2769.0, 13168.0], [2768.9, 1834.0], [2768.7, 1094.0], [2768.65, 3666.0], [2768.6, 6182.0], [2768.55, 898.0], [2768.5, 1094.0], [2768.4, 3866.0], [2768.2, 4093.0], [2768.15, 3666.0], [2768.0, 17262.0], [2767.95, 3665.0], [2767.9, 90.0], [2767.85, 2482.0], [2767.8, 22735.0], [2767.7, 3665.0], [2767.65, 92541.0]], "asks": [[2770.0, 45856.0], [2770.1, 1845.0], [2770.15, 6182.0], [2770.2, 2179.0], [2770.25, 7300.0], [2770.45, 4755.0], [2770.5, 15930.0], [2770.55, 6868.0], [2770.6, 23009.0], [2770.65, 8165.0], [2770.7, 17782.0], [2770.75, 3668.0], [2770.8, 5903.0], [2770.85, 1244.0], [2771.0, 25309.0], [2771.05, 72500.0], [2771.1, 1095.0], [2771.15, 3667.0], [2771.3, 3732.0], [2771.5, 18229.0]]}}}
{"jsonrpc": "2.0", "method": "subscription", "params": {"channel": "book.ETH-PERPETUAL.none.20.100ms", "data": {"timestamp": 1763772259590, "change_id": 98255381394, "instrument_name": "ETH-PERPETUAL", "bids": [[2769.95, 60.0], [2769.35, 2500.0], [2769.05, 2836.0], [2769.0, 13168.0], [2768.9, 1834.0], [2768.7, 1094.0], [2768.65, 3666.0], [2768.6, 6182.0], [2768.55, 898.0], [2768.5, 1094.0], [2768.4, 3866.0], [2768.25, 2999.0], [2768.2, 1094.0], [2768.15, 3666.0], [2768.0, 14494.0], [2767.95, 3665.0], [2767.9, 90.0], [2767.85, 2482.0], [2767.8, 22735.0], [2767.7, 3665.0]], "asks": [[2770.0, 43256.0], [2770.1, 1845.0], [2770.15, 6182.0], [2770.2, 2179.0], [2770.25, 7300.0], [2770.3, 3001.0], [2770.35, 18175.0], [2770.4, 1222.0], [2770.45, 37790.0], [2770.5, 15930.0], [2770.75, 3668.0], [2770.8, 4681.0], [2770.95, 2770.0], [2771.0, 25309.0], [2771.05, 72500.0], [2771.1, 1095.0], [2771.15, 3667.0], [2771.3, 3732.0], [2771.5, 18229.0], [2771.55, 1114.0]]}}}
{"jsonrpc": "2.0", "method": "subscription", "params": {"channel": "book.ETH-PERPETUAL.none.20.100ms", "data": {"timestamp": 1763772259941, "change_id": 98255382599, "instrument_name": "ETH-PERPETUAL", "bids": [[2769.35, 7820.0], [2769.05, 2836.0], [2769.0, 9500.0], [2768.9, 1834.0], [2768.7, 1094.0], [2768.65, 3666.0], [2768.6, 6182.0], [2768.55, 898.0], [2768.5, 1094.0], [2768.45, 2999.0], [2768.4, 3866.0], [2768.2, 1094.0], [2768.15, 3666.0], [2768.0, 14494.0], [2767.95, 3665.0], [2767.9, 90.0], [2767.85, 2482.0], [2767.8, 22735.0], [2767.7, 3665.0], [2767.65, 72500.0]], "asks": [[2769.4, 43215.0], [2769.45, 1900.0], [2769.9, 3501.0], [2770.0, 15195.0], [2770.1, 1845.0], [2770.15, 9850.0], [2770.2, 5847.0], [2770.25, 7300.0], [2770.35, 21176.0], [2770.4, 4890.0], [2770.45, 37790.0], [2770.5, 15930.0], [2770.75, 3668.0], [2770.8, 1016.0], [2770.95, 2770.0], [2771.0, 25309.0], [2771.05, 72500.0], [2771.1, 1095.0], [2771.15, 3667.0], [2771.3, 3732.0]]}}}
{"jsonrpc": "2.0", "method": "subscription", "params": {"channel": "book.ETH-PERPETUAL.none.20.100ms", "data": {"timestamp": 1763772260272, "change_id": 98255383908, "instrument_name": "ETH-PERPETUAL", "bids": [[2769.35, 31269.0], [2769.1, 7300.0], [2769.0, 9500.0], [2768.9, 1834.0], [2768.7, 1094.0], [2768.65, 3666.0], [2768.6, 6182.0], [2768.55, 40.0], [2768.5, 1094.0], [2768.4, 6865.0], [2768.35, 1166.0], [2768.2, 1094.0], [2768.15, 4765.0], [2768.05, 5420.0], [2768.0, 14494.0], [2767.95, 3665.0], [2767.9, 2857.0], [2767.85, 2482.0], [2767.8, 22735.0], [2767.7, 3665.0]], "asks": [[2769.4, 12749.0], [2769.45, 1900.0], [2769.6, 3731.0], [2769.65, 12500.0], [2769.8, 2179.0], [2769.85, 7300.0], [2770.0, 706.0], [2770.1, 3799.0], [2770.15, 9850.0], [2770.2, 3668.0], [2770.35, 18175.0], [2770.4, 7891.0], [2770.45, 37790.0], [2770.5, 15930.0], [2770.75, 3668.0], [2770.8, 1016.0], [2770.95, 2770.0], [2771.0, 25309.0], [2771.05, 72500.0], [2771.1, 1095.0]]}}}
{"jsonrpc": "2.0", "method": "subscription", "params": {"channel": "book.ETH-PERPETUAL.none.20.100ms", "data": {"timestamp": 1763772260528, "change_id": 98255384153, "instrument_name": "ETH-PERPETUAL", "bids": [[2769.4, 32987.0], [2769.35, 810.0], [2769.15, 5015.0], [2769.1, 7300.0], [2769.0, 9500.0], [2768.9, 1834.0], [2768.75, 2999.0], [2768.7, 1094.0], [2768.65, 3666.0], [2768.6, 6182.0], [2768.55, 40.0], [2768.5, 1094.0], [2768.4, 3866.0], [2768.35, 1166.0], [2768.25, 858.0], [2768.2, 1094.0], [2768.15, 4765.0], [2767.95, 3665.0], [2767.9, 2857.0], [2767.85, 2482.0]], "asks": [[2769.45, 1900.0], [2769.65, 3731.0], [2769.7, 12500.0], [2769.8, 2179.0], [2769.85, 7300.0], [2770.0, 95.0], [2770.1, 3799.0], [2770.15, 9850.0], [2770.2, 3668.0], [2770.35, 1244.0], [2770.4, 4890.0], [2770.5, 15930.0], [2770.65, 3001.0], [2770.7, 37790.0], [2770.75, 3668.0], [2770.8, 1016.0], [2770.95, 2770.0], [2771.0, 25309.0], [2771.05, 72500.0], [2771.1, 1095.0]]}}}
{"jsonrpc": "2.0", "method": "subscription", "params": {"channel": "book.ETH-PERPETUAL.none.20.100ms", "data": {"timestamp": 1763772260924, "change_id": 98255384879, "instrument_name": "ETH-PERPETUAL", "bids": [[2769.4, 4950.0], [2769.35, 810.0], [2769.1, 7300.0], [2769.0, 9500.0], [2768.9, 1834.0], [2768.7, 1094.0], [2768.65, 3666.0], [2768.6, 6182.0], [2768.55, 40.0], [2768.5, 1094.0], [2768.4, 3866.0], [2768.35, 1166.0], [2768.3, 2999.0], [2768.25, 858.0], [2768.2, 1094.0], [2768.15, 4765.0], [2767.95, 3665.0], [2767.9, 2857.0], [2767.85, 16376.0], [2767.8, 22735.0]], "asks": [[2769.45, 29807.0], [2769.65, 3731.0], [2769.7, 12500.0], [2769.8, 2179.0], [2769.85, 7300.0], [2770.0, 95.0], [2770.1, 3799.0], [2770.15, 9850.0], [2770.2, 3668.0], [2770.3, 3001.0], [2770.35, 39034.0], [2770.4, 4890.0], [2770.75, 3668.0], [2770.8, 1016.0], [2770.95, 2770.0], [2771.0, 25309.0], [2771.05, 72500.0], [2771.1, 1095.0], [2771.15, 3667.0], [2771.3, 3732.0]]}}}
{"jsonrpc": "2.0", "method": "subscription", "params": {"channel": "book.ETH-PERPETUAL.none.20.100ms", "data": {"timestamp": 1763772261263, "change_id": 98255385426, "instrument_name": "ETH-PERPETUAL", "bids": [[2769.4, 8010.0], [2769.35, 810.0], [2769.05, 7300.0], [2769.0, 9500.0], [2768.9, 1834.0], [2768.7, 1094.0], [2768.65, 3666.0], [2768.6, 6182.0], [2768.55, 40.0], [2768.4, 6865.0], [2768.35, 1166.0], [2768.25, 858.0], [2768.2, 1094.0], [2768.15, 4765.0], [2767.95, 3665.0], [2767.9, 2857.0], [2767.85, 16376.0], [2767.8, 22735.0], [2767.7, 3665.0], [2767.65, 72500.0]], "asks": [[2769.45, 49607.0], [2769.6, 2179.0], [2769.65, 7300.0], [2770.0, 95.0], [2770.1, 3799.0], [2770.15, 9850.0], [2770.2, 3668.0], [2770.35, 4245.0], [2770.4, 4890.0], [2770.65, 13574.0], [2770.7, 37790.0], [2770.75, 3668.0], [2770.8, 1016.0], [2770.95, 2770.0], [2771.0, 25309.0], [2771.05, 72500.0], [2771.1, 1095.0], [2771.15, 3667.0], [2771.3, 3732.0], [2771.5, 3730.0]]}}}
{"jsonrpc": "2.0", "method": "subscription", "params": {"channel": "book.ETH-PERPETUAL.none.20.100ms", "data": {"timestamp": 1763772261588, "change_id": 98255386101, "instrument_name": "ETH-PERPETUAL", "bids": [[2769.35, 810.0], [2769.0, 2500.0], [2768.7, 1094.0], [2768.65, 3666.0], [2768.55, 2987.0], [2768.4, 3866.0], [2768.35, 1166.0], [2768.25, 858.0], [2768.2, 1094.0], [2768.15, 10987.0], [2768.0, 2999.0], [2767.95, 3665.0], [2767.9, 90.0], [2767.85, 13894.0], [2767.7, 3665.0], [2767.55, 1094.0], [2767.5, 4786.0], [2767.45, 2536.0], [2767.4, 3756.0], [2767.3, 1099.0]], "asks": [[2769.4, 48761.0], [2769.45, 21700.0], [2769.6, 2179.0], [2769.65, 7300.0], [2770.0, 6067.0], [2770.05, 20008.0], [2770.1, 3799.0], [2770.15, 27632.0], [2770.2, 3668.0], [2770.3, 3001.0], [2770.35, 1244.0], [2770.4, 4890.0], [2770.75, 3668.0], [2771.0, 30583.0], [2771.05, 72500.0], [2771.1, 1095.0], [2771.15, 3667.0], [2771.3, 3732.0], [2771.5, 3730.0], [2771.55, 15584.0]]}}}
{"jsonrpc": "2.0", "method": "subscription", "params": {"channel": "book.ETH-PERPETUAL.none.20.100ms", "data": {"timestamp": 1763772261899, "change_id": 98255386817, "instrument_name": "ETH-PERPETUAL", "bids": [[2769.35, 810.0], [2769.0, 2500.0], [2768.7, 1094.0], [2768.65, 3666.0], [2768.6, 9500.0], [2768.55, 2987.0], [2768.4, 3866.0], [2768.35, 1166.0], [2768.2, 1094.0], [2768.15, 10987.0], [2767.95, 3665.0], [2767.9, 3089.0], [2767.85, 13894.0], [2767.7, 3665.0], [2767.6, 2767.0], [2767.55, 1094.0], [2767.5, 4786.0], [2767.45, 2536.0], [2767.4, 3756.0], [2767.3, 1099.0]], "asks": [[2769.4, 49292.0], [2769.45, 22053.0], [2769.6, 2179.0], [2769.65, 7300.0], [2770.0, 95.0], [2770.05, 3001.0], [2770.1, 3799.0], [2770.15, 47640.0], [2770.2, 3668.0], [2770.3, 1016.0], [2770.35, 1244.0], [2770.4, 4890.0], [2770.45, 2770.0], [2770.75, 3668.0], [2771.0, 30583.0], [2771.05, 72500.0], [2771.1, 1095.0], [2771.15, 3667.0], [2771.3, 3732.0], [2771.5, 3730.0]]}}}
{"jsonrpc": "2.0", "method": "subscription", "params": {"channel": "book.ETH-PERPETUAL.none.20.100ms", "data": {"timestamp": 1763772262253, "change_id": 98255387365, "instrument_name": "ETH-PERPETUAL", "bids": [[2769.35, 810.0], [2769.0, 2500.0], [2768.7, 1094.0], [2768.65, 3666.0], [2768.6, 9500.0], [2768.55, 2987.0], [2768.4, 3866.0], [2768.35, 1166.0], [2768.2, 1094.0], [2768.15, 10987.0], [2767.95, 3665.0], [2767.9, 7236.0], [2767.85, 13894.0], [2767.7, 3665.0], [2767.6, 2767.0], [2767.55, 1094.0], [2767.5, 4786.0], [2767.45, 2536.0], [2767.4, 3756.0], [2767.3, 1099.0]], "asks": [[2769.4, 48984.0], [2769.45, 14660.0], [2770.0, 95.0], [2770.05, 3001.0], [2770.1, 14830.0], [2770.15, 47640.0], [2770.2, 3668.0], [2770.3, 1016.0], [2770.35, 1244.0], [2770.4, 4890.0], [2770.45, 2770.0], [2770.75, 3668.0], [2771.0, 30583.0], [2771.05, 72500.0], [2771.1, 1095.0], [2771.15, 3667.0], [2771.3, 3732.0], [2771.45, 5433.0], [2771.5, 3730.0], [2771.55, 15584.0]]}}}
{"jsonrpc": "2.0", "method": "subscription", "params": {"channel": "book.ETH-PERPETUAL.none.20.100ms", "data": {"timestamp": 1763772262547, "change_id": 98255387570, "instrument_name": "ETH-PERPETUAL", "bids": [[2769.35, 810.0], [2769.0, 2500.0], [2768.7, 1094.0], [2768.65, 3666.0], [2768.6, 9500.0], [2768.55, 2987.0], [2768.4, 3866.0], [2768.35, 1166.0], [2768.2, 1094.0], [2768.15, 10987.0], [2767.95, 6664.0], [2767.9, 4237.0], [2767.85, 13894.0], [2767.7, 3665.0], [2767.6, 2767.0], [2767.55, 1094.0], [2767.5, 4786.0], [2767.45, 2536.0], [2767.4, 3756.0], [2767.3, 1099.0]], "asks": [[2769.4, 49058.0], [2769.45, 14447.0], [2770.0, 95.0], [2770.05, 3001.0], [2770.1, 20008.0], [2770.15, 27632.0], [2770.2, 3668.0], [2770.3, 1016.0], [2770.35, 1244.0], [2770.4, 4890.0], [2770.45, 2770.0], [2770.75, 3668.0], [2771.0, 30583.0], [2771.05, 72500.0], [2771.1, 1095.0], [2771.15, 3667.0], [2771.3, 3732.0], [2771.45, 5433.0], [2771.5, 3730.0], [2771.55, 15584.0]]}}}
{"jsonrpc": "2.0", "method": "subscription", "params": {"channel": "book.ETH-PERPETUAL.none.20.100ms", "data": {"timestamp": 1763772262873, "change_id": 98255388196, "instrument_name": "ETH-PERPETUAL", "bids": [[2769.35, 810.0], [2769.0, 2500.0], [2768.7, 1094.0], [2768.65, 3666.0], [2768.6, 9500.0], [2768.55, 2987.0], [2768.4, 3866.0], [2768.35, 1166.0], [2768.2, 1094.0], [2768.15, 10987.0], [2767.95, 3665.0], [2767.9, 90.0], [2767.75, 2999.0], [2767.7, 3665.0], [2767.6, 2767.0], [2767.55, 1094.0], [2767.5, 4786.0], [2767.45, 2536.0], [2767.4, 3756.0], [2767.3, 1099.0]], "asks": [[2769.4, 49353.0], [2769.45, 14447.0], [2770.0, 95.0], [2770.1, 3001.0], [2770.15, 47640.0], [2770.2, 3668.0], [2770.3, 1016.0], [2770.35, 1244.0], [2770.4, 4890.0], [2770.45, 2770.0], [2770.75, 3668.0], [2771.0, 30583.0], [2771.05, 72500.0], [2771.1, 1095.0], [2771.15, 3667.0], [2771.3, 3732.0], [2771.5, 3730.0], [2771.55, 1114.0], [2771.65, 3731.0], [2771.7, 3956.0]]}}}
{"jsonrpc": "2.0", "method": "subscription", "params": {"channel": "book.ETH-PERPETUAL.none.20.100ms", "data": {"timestamp": 1763772263247, "change_id": 98255388970, "instrument_name": "ETH-PERPETUAL", "bids": [[2769.35, 3870.0], [2769.0, 2500.0], [2768.65, 3383.0], [2768.6, 9500.0], [2768.55, 2987.0], [2768.45, 1833.0], [2768.4, 3866.0], [2768.2, 2812.0], [2768.15, 9888.0], [2767.95, 3665.0], [2767.9, 90.0], [2767.75, 2999.0], [2767.7, 3665.0], [2767.55, 1094.0], [2767.5, 9752.0], [2767.45, 2536.0], [2767.4, 3756.0], [2767.35, 14580.0], [2767.3, 1099.0], [2767.2, 3682.0]], "asks": [[2769.4, 43000.0], [2769.45, 14447.0], [2770.0, 3096.0], [2770.05, 16211.0], [2770.1, 20008.0], [2770.15, 27632.0], [2770.2, 3668.0], [2770.3, 1016.0], [2770.35, 1244.0], [2770.4, 4890.0], [2770.75, 3668.0], [2770.9, 14491.0], [2771.0, 30583.0], [2771.05, 72500.0], [2771.1, 1095.0], [2771.15, 3667.0], [2771.25, 4099.0], [2771.3, 13732.0], [2771.5, 3730.0], [2771.55, 1114.0]]}}}
{"jsonrpc": "2.0", "method": "subscription", "params": {"channel": "book.ETH-PERPETUAL.none.20.100ms", "data": {"timestamp": 1763772263575, "change_id": 98255389750, "instrument_name": "ETH-PERPETUAL", "bids": [[2769.35, 59547.0], [2768.85, 2999.0], [2768.75, 40.0], [2768.65, 4833.0], [2768.55, 2987.0], [2768.4, 4965.0], [2768.2, 2812.0], [2768.15, 9848.0], [2768.1, 858.0], [2768.05, 2768.0], [2767.95, 3665.0], [2767.9, 90.0], [2767.85, 19988.0], [2767.8, 72500.0], [2767.75, 17763.0], [2767.7, 3665.0], [2767.55, 1094.0], [2767.5, 9752.0], [2767.45, 2536.0], [2767.4, 23797.0]], "asks": [[2769.4, 75.0], [2769.45, 47.0], [2769.75, 1900.0], [2769.85, 1244.0], [2769.9, 4982.0], [2769.95, 12500.0], [2770.0, 95.0], [2770.1, 3755.0], [2770.15, 9850.0], [2770.2, 3668.0], [2770.35, 1095.0], [2770.4, 3668.0], [2770.75, 3668.0], [2770.8, 20008.0], [2770.85, 17783.0], [2770.9, 14491.0], [2770.95, 3001.0], [2771.0, 30583.0], [2771.05, 72500.0], [2771.1, 1095.0]]}}}
{"jsonrpc": "2.0", "method": "subscription", "params": {"channel": "book.ETH-PERPETUAL.none.20.100ms", "data": {"timestamp": 1763772263903, "change_id": 98255390454, "instrument_name": "ETH-PERPETUAL", "bids": [[2769.35, 61219.0], [2768.9, 55.0], [2768.75, 40.0], [2768.7, 2999.0], [2768.65, 4833.0], [2768.55, 3845.0], [2768.4, 4765.0], [2768.2, 2812.0], [2768.15, 9848.0], [2768.05, 2768.0], [2767.95, 3665.0], [2767.9, 90.0], [2767.85, 19988.0], [2767.8, 72500.0], [2767.7, 3665.0], [2767.6, 17763.0], [2767.55, 1094.0], [2767.5, 9752.0], [2767.45, 2536.0], [2767.4, 23797.0]], "asks": [[2769.4, 75.0], [2769.45, 47.0], [2769.75, 1900.0], [2769.9, 3760.0], [2769.95, 12500.0], [2770.0, 95.0], [2770.1, 3755.0], [2770.15, 9850.0], [2770.2, 3668.0], [2770.35, 1095.0], [2770.4, 3668.0], [2770.75, 23676.0], [2770.8, 17783.0], [2770.9, 14491.0], [2770.95, 3001.0], [2771.0, 30583.0], [2771.05, 72500.0], [2771.1, 1095.0], [2771.15, 3667.0], [2771.2, 2771.0]]}}}
{"jsonrpc": "2.0", "method": "subscription", "params": {"channel": "book.ETH-PERPETUAL.none.20.100ms", "data": {"timestamp": 1763772264237, "change_id": 98255391171, "instrument_name": "ETH-PERPETUAL", "bids": [[2769.7, 5630.0], [2769.45, 5824.0], [2769.4, 16800.0], [2769.35, 1848.0], [2769.05, 1095.0], [2769.0, 5863.0], [2768.95, 7300.0], [2768.9, 1834.0], [2768.8, 2999.0], [2768.75, 40.0], [2768.65, 4833.0], [2768.55, 2012.0], [2768.4, 4765.0], [2768.2, 2812.0], [2768.15, 9848.0], [2768.05, 2768.0], [2767.95, 3865.0], [2767.9, 27698.0], [2767.85, 19988.0], [2767.8, 72500.0]], "asks": [[2769.75, 41330.0], [2769.8, 2179.0], [2769.85, 7300.0], [2770.0, 90.0], [2770.1, 3755.0], [2770.15, 9850.0], [2770.2, 3668.0], [2770.35, 1095.0], [2770.4, 3668.0], [2770.45, 1244.0], [2770.5, 1222.0], [2770.55, 3668.0], [2770.7, 12376.0], [2770.75, 23676.0], [2770.8, 17783.0], [2770.85, 3001.0], [2770.9, 14491.0], [2771.0, 30583.0], [2771.05, 72500.0], [2771.1, 1095.0]]}}}
{"jsonrpc": "2.0", "method": "subscription", "params": {"channel": "book.ETH-PERPETUAL.none.20.100ms", "data": {"timestamp": 1763772264538, "change_id": 98255391376, "instrument_name": "ETH-PERPETUAL", "bids": [[2769.7, 5630.0], [2769.45, 5824.0], [2769.4, 16800.0], [2769.35, 1329.0], [2769.05, 1095.0], [2769.0, 5863.0], [2768.95, 7300.0], [2768.9, 1834.0], [2768.75, 40.0], [2768.7, 2999.0], [2768.65, 4833.0], [2768.55, 2012.0], [2768.4, 4765.0], [2768.2, 2812.0], [2768.15, 9848.0], [2767.95, 3865.0], [2767.9, 27698.0], [2767.85, 19988.0], [2767.8, 72500.0], [2767.7, 3665.0]], "asks": [[2769.75, 28830.0], [2769.8, 2179.0], [2769.85, 7300.0], [2769.95, 3758.0], [2770.0, 12590.0], [2770.1, 3755.0], [2770.15, 9850.0], [2770.2, 3668.0], [2770.35, 1095.0], [2770.4, 3668.0], [2770.45, 1244.0], [2770.5, 1222.0], [2770.55, 3668.0], [2770.7, 15377.0], [2770.75, 23676.0], [2770.8, 18799.0], [2770.9, 14491.0], [2771.0, 30583.0], [2771.05, 72500.0], [2771.1, 1095.0]]}}}
{"jsonrpc": "2.0", "method": "subscription", "params": {"channel": "book.ETH-PERPETUAL.none.20.100ms", "data": {"timestamp": 1763772264882, "change_id": 98255392166, "instrument_name": "ETH-PERPETUAL", "bids": [[2769.45, 7690.0], [2769.35, 810.0], [2769.2, 2836.0], [2769.15, 9500.0], [2769.05, 1095.0], [2769.0, 5863.0], [2768.95, 7300.0], [2768.9, 1834.0], [2768.75, 40.0], [2768.65, 3667.0], [2768.55, 2012.0], [2768.4, 3666.0], [2768.25, 2999.0], [2768.2, 5580.0], [2768.15, 9848.0], [2767.95, 3865.0], [2767.9, 27698.0], [2767.8, 72500.0], [2767.7, 3665.0], [2767.65, 19988.0]], "asks": [[2769.5, 53508.0], [2769.55, 2181.0], [2769.6, 7300.0], [2769.75, 5.0], [2769.8, 2179.0], [2769.85, 7300.0], [2770.0, 90.0], [2770.1, 3755.0], [2770.15, 9850.0], [2770.2, 3668.0], [2770.35, 3001.0], [2770.4, 3668.0], [2770.45, 1244.0], [2770.5, 21230.0], [2770.55, 3668.0], [2770.65, 17783.0], [2770.75, 3668.0], [2770.8, 1016.0], [2771.0, 30583.0], [2771.05, 72500.0]]}}}
{"jsonrpc": "2.0", "method": "subscription", "params": {"channel": "book.ETH-PERPETUAL.none.20.100ms", "data": {"timestamp": 1763772265151, "change_id": 98255392612, "instrument_name": "ETH-PERPETUAL", "bids": [[2769.45, 7690.0], [2769.35, 810.0], [2769.25, 7300.0], [2769.2, 2836.0], [2769.15, 9500.0], [2769.05, 1095.0], [2769.0, 5863.0], [2768.95, 7300.0], [2768.9, 1834.0], [2768.75, 40.0], [2768.65, 3667.0], [2768.55, 2012.0], [2768.4, 3666.0], [2768.25, 2999.0], [2768.2, 5580.0], [2768.15, 9848.0], [2767.95, 3865.0], [2767.9, 27698.0], [2767.8, 72500.0], [2767.7, 18191.0]], "asks": [[2769.5, 53508.0], [2769.75, 5.0], [2769.9, 2206.0], [2769.95, 7300.0], [2770.0, 90.0], [2770.1, 3755.0], [2770.15, 9850.0], [2770.2, 3668.0], [2770.35, 3001.0], [2770.4, 3668.0], [2770.45, 1244.0], [2770.5, 1222.0], [2770.55, 3668.0], [2770.6, 20008.0], [2770.65, 17783.0], [2770.75, 3668.0], [2770.8, 1016.0], [2771.0, 30583.0], [2771.05, 72500.0], [2771.1, 1095.0]]}}}
{"jsonrpc": "2.0", "method": "subscription", "params": {"channel": "book.ETH-PERPETUAL.none.20.100ms", "data": {"timestamp": 1763772265545, "change_id": 98255392959, "instrument_name": "ETH-PERPETUAL", "bids": [[2769.45, 7690.0], [2769.35, 810.0], [2769.25, 7300.0], [2769.2, 2836.0], [2769.15, 9500.0], [2769.05, 1095.0], [2769.0, 5863.0], [2768.95, 7300.0], [2768.9, 1834.0], [2768.75, 40.0], [2768.7, 1351.0], [2768.65, 3667.0], [2768.55, 2012.0], [2768.4, 3666.0], [2768.25, 2999.0], [2768.2, 5580.0], [2768.15, 11014.0], [2767.95, 3865.0], [2767.9, 27698.0], [2767.8, 72500.0]], "asks": [[2769.5, 53246.0], [2769.75, 5.0], [2769.9, 2206.0], [2769.95, 7300.0], [2770.0, 90.0], [2770.1, 3755.0], [2770.15, 9850.0], [2770.2, 3668.0], [2770.35, 3001.0], [2770.4, 3668.0], [2770.45, 1244.0], [2770.5, 21230.0], [2770.55, 3668.0], [2770.65, 17783.0], [2770.75, 3668.0], [2770.8, 1016.0], [2771.0, 30583.0], [2771.05, 72500.0], [2771.1, 1095.0], [2771.15, 3667.0]]}}}
{"jsonrpc": "2.0", "method": "subscription", "params": {"channel": "book.ETH-PERPETUAL.none.20.100ms", "data": {"timestamp": 1763772265805, "change_id": 98255393438, "instrument_name": "ETH-PERPETUAL", "bids": [[2769.45, 7690.0], [2769.35, 810.0], [2769.25, 7300.0], [2769.2, 2836.0], [2769.15, 9500.0], [2769.05, 1095.0], [2769.0, 5863.0], [2768.95, 7300.0], [2768.9, 1834.0], [2768.75, 40.0], [2768.7, 1351.0], [2768.65, 3667.0], [2768.55, 2012.0], [2768.4, 3666.0], [2768.25, 2999.0], [2768.2, 5580.0], [2768.15, 11014.0], [2767.95, 3865.0], [2767.9, 27698.0], [2767.8, 72500.0]], "asks": [[2769.5, 53246.0], [2769.75, 5.0], [2769.9, 2206.0], [2769.95, 7300.0], [2770.0, 90.0], [2770.1, 3755.0], [2770.15, 9850.0], [2770.2, 3668.0], [2770.35, 3001.0], [2770.4, 3668.0], [2770.45, 1244.0], [2770.5, 39013.0], [2770.55, 3668.0], [2770.75, 3668.0], [2770.8, 1016.0], [2771.0, 30583.0], [2771.05, 72500.0], [2771.1, 1095.0], [2771.15, 3667.0], [2771.2, 2771.0]]}}}
