{"jsonrpc": "2.0", "id": 1, "result": ["book.ETH-PERPETUAL.none.20.100ms"], "usIn": 1758501817539664, "usOut": 1758501817539909, "usDiff": 245, "testnet": false}
{"jsonrpc": "2.0", "method": "subscription", "params": {"channel": "book.ETH-PERPETUAL.none.20.100ms", "data": {"timestamp": 1758501817537, "change_id": 87400348220, "instrument_name": "ETH-PERPETUAL", "bids": [[4366.0, 50.0], [4365.85, 1000.0], [4365.25, 179156.0], [4365.15, 113400.0], [4364.95, 2400.0], [4364.85, 8000.0], [4364.8, 7091.0], [4364.75, 43391.0], [4364.7, 2500.0], [4364.6, 9097.0], [4364.5, 90.0], [4364.45, 21311.0], [4364.4, 6596.0], [4364.35, 23486.0], [4364.2, 10735.0], [4364.15, 19986.0], [4364.1, 18006.0], [4364.0, 50.0], [4363.7, 2000.0], [4363.55, 2687.0]], "asks": [[4366.05, 62751.0], [4366.25, 24457.0], [4366.3, 100319.0], [4366.75, 28165.0], [4366.8, 73555.0], [4366.85, 202479.0], [4366.9, 13980.0], [4366.95, 154257.0], [4367.0, 27683.0], [4367.1, 7034.0], [4367.15, 11600.0], [4367.2, 10185.0], [4367.25, 2813.0], [4367.35, 49240.0], [4367.4, 1080.0], [4367.45, 17775.0], [4367.5, 2370.0], [4367.6, 17884.0], [4367.65, 9123.0], [4367.7, 11836.0]]}}}
{"jsonrpc": "2.0", "method": "subscription", "params": {"channel": "book.ETH-PERPETUAL.none.20.100ms", "data": {"timestamp": 1758501817537, "change_id": 87400348220, "instrument_name": "ETH-PERPETUAL", "bids": [[4366.0, 50.0], [4365.85, 1000.0], [4365.25, 179156.0], [4365.15, 113400.0], [4364.95, 2400.0], [4364.85, 8000.0], [4364.8, 7091.0], [4364.75, 43391.0], [4364.7, 2500.0], [4364.6, 9097.0], [4364.5, 90.0], [4364.45, 21311.0], [4364.4, 6596.0], [4364.35, 23486.0], [4364.2, 10735.0], [4364.15, 19986.0], [4364.1, 18006.0], [4364.0, 50.0], [4363.7, 2000.0], [4363.55, 2687.0]], "asks": [[4366.05, 62751.0], [4366.25, 24457.0], [4366.3, 100319.0], [4366.75, 28165.0], [4366.8, 73555.0], [4366.85, 202479.0], [4366.9, 13980.0], [4366.95, 154257.0], [4367.0, 27683.0], [4367.1, 7034.0], [4367.15, 11600.0], [4367.2, 10185.0], [4367.25, 2813.0], [4367.35, 49240.0], [4367.4, 1080.0], [4367.45, 17775.0], [4367.5, 2370.0], [4367.6, 17884.0], [4367.65, 9123.0], [4367.7, 11836.0]]}}}
{"jsonrpc": "2.0", "method": "subscription", "params": {"channel": "book.ETH-PERPETUAL.none.20.100ms", "data": {"timestamp": 1758501817879, "change_id": 87400348842, "instrument_name": "ETH-PERPETUAL", "bids": [[4366.0, 50.0], [4365.85, 1000.0], [4365.15, 113400.0], [4364.75, 828.0], [4364.6, 6345.0], [4364.5, 90.0], [4364.45, 29311.0], [4364.4, 1777.0], [4364.35, 8423.0], [4364.2, 5417.0], [4364.1, 18006.0], [4364.0, 50.0], [4363.8, 6596.0], [4363.75, 19986.0], [4363.7, 2000.0], [4363.55, 2687.0], [4363.2, 360.0], [4363.15, 68857.0], [4363.1, 229522.0], [4362.35, 2687.0]], "asks": [[4366.05, 63957.0], [4366.25, 24457.0], [4366.3, 100319.0], [4366.75, 28165.0], [4366.8, 73555.0], [4366.85, 202479.0], [4366.9, 51480.0], [4366.95, 154257.0], [4367.1, 7034.0], [4367.2, 27960.0], [4367.25, 2813.0], [4367.35, 74448.0], [4367.4, 1080.0], [4367.5, 2370.0], [4367.6, 17884.0], [4367.65, 9123.0], [4367.7, 11836.0], [4367.8, 4658.0], [4367.95, 37684.0], [4368.0, 59600.0]]}}}
{"jsonrpc": "2.0", "method": "subscription", "params": {"channel": "book.ETH-PERPETUAL.none.20.100ms", "data": {"timestamp": 1758501818213, "change_id": 87400349623, "instrument_name": "ETH-PERPETUAL", "bids": [[4366.0, 50.0], [4365.85, 1000.0], [4365.15, 113400.0], [4364.85, 179094.0], [4364.75, 8328.0], [4364.7, 25000.0], [4364.6, 6345.0], [4364.45, 29311.0], [4364.4, 6824.0], [4364.35, 5923.0], [4364.3, 20063.0], [4364.2, 5507.0], [4364.1, 18006.0], [4364.0, 50.0], [4363.75, 19986.0], [4363.7, 2000.0], [4363.55, 2687.0], [4363.2, 360.0], [4363.15, 68857.0], [4363.1, 229522.0]], "asks": [[4366.05, 63957.0], [4366.25, 24457.0], [4366.3, 100319.0], [4366.6, 1549.0], [4366.75, 28165.0], [4366.8, 73555.0], [4366.85, 202479.0], [4366.9, 51480.0], [4366.95, 154257.0], [4367.1, 7034.0], [4367.2, 27960.0], [4367.25, 2813.0], [4367.35, 72899.0], [4367.4, 1080.0], [4367.5, 2370.0], [4367.6, 17884.0], [4367.65, 9123.0], [4367.7, 11836.0], [4367.8, 4658.0], [4367.95, 37684.0]]}}}
{"jsonrpc": "2.0", "method": "subscription", "params": {"channel": "book.ETH-PERPETUAL.none.20.100ms", "data": {"timestamp": 1758501818509, "change_id": 87400350282, "instrument_name": "ETH-PERPETUAL", "bids": [[4366.0, 50.0], [4365.85, 1000.0], [4365.15, 113400.0], [4364.75, 8328.0], [4364.7, 25000.0], [4364.6, 6345.0], [4364.45, 29311.0], [4364.4, 6824.0], [4364.35, 5923.0], [4364.3, 20063.0], [4364.2, 5507.0], [4364.1, 18006.0], [4364.0, 50.0], [4363.8, 6596.0], [4363.75, 19986.0], [4363.7, 2000.0], [4363.55, 2687.0], [4363.2, 360.0], [4363.15, 68857.0], [4363.1, 229522.0]], "asks": [[4366.05, 122689.0], [4366.15, 63077.0], [4366.2, 179094.0], [4366.3, 100319.0], [4366.6, 1549.0], [4366.75, 7067.0], [4366.8, 23555.0], [4366.85, 23300.0], [4366.9, 69053.0], [4366.95, 154257.0], [4367.1, 7034.0], [4367.2, 27960.0], [4367.25, 2813.0], [4367.35, 72899.0], [4367.4, 1080.0], [4367.5, 2370.0], [4367.6, 17884.0], [4367.65, 9123.0], [4367.7, 11836.0], [4367.8, 4658.0]]}}}
{"jsonrpc": "2.0", "method": "subscription", "params": {"channel": "book.ETH-PERPETUAL.none.20.100ms", "data": {"timestamp": 1758501818835, "change_id": 87400350871, "instrument_name": "ETH-PERPETUAL", "bids": [[4366.0, 50.0], [4365.85, 1000.0], [4365.15, 113400.0], [4364.85, 78711.0], [4364.8, 179037.0], [4364.75, 828.0], [4364.6, 8845.0], [4364.45, 29401.0], [4364.4, 6824.0], [4364.35, 5923.0], [4364.3, 17563.0], [4364.2, 5417.0], [4364.1, 18006.0], [4364.0, 50.0], [4363.8, 6596.0], [4363.75, 19986.0], [4363.7, 2000.0], [4363.55, 2687.0], [4363.2, 360.0], [4363.15, 68857.0]], "asks": [[4366.05, 145989.0], [4366.1, 23300.0], [4366.15, 83177.0], [4366.2, 179094.0], [4366.3, 100319.0], [4366.6, 1549.0], [4366.8, 255.0], [4366.85, 23300.0], [4366.9, 69053.0], [4366.95, 130957.0], [4367.1, 7034.0], [4367.2, 27960.0], [4367.25, 2813.0], [4367.35, 72899.0], [4367.4, 1080.0], [4367.5, 2370.0], [4367.6, 17884.0], [4367.65, 9123.0], [4367.7, 11836.0], [4367.8, 4658.0]]}}}
{"jsonrpc": "2.0", "method": "subscription", "params": {"channel": "book.ETH-PERPETUAL.none.20.100ms", "data": {"timestamp": 1758501819180, "change_id": 87400351379, "instrument_name": "ETH-PERPETUAL", "bids": [[4366.0, 50.0], [4365.85, 1000.0], [4365.2, 34020.0], [4365.15, 113400.0], [4364.85, 53711.0], [4364.8, 196176.0], [4364.75, 25828.0], [4364.7, 90.0], [4364.65, 2813.0], [4364.6, 8845.0], [4364.45, 21311.0], [4364.4, 6824.0], [4364.35, 5923.0], [4364.3, 17563.0], [4364.2, 5417.0], [4364.1, 18006.0], [4364.0, 50.0], [4363.8, 6596.0], [4363.75, 19986.0], [4363.7, 2000.0]], "asks": [[4366.05, 145989.0], [4366.1, 23300.0], [4366.15, 38620.0], [4366.3, 100319.0], [4366.6, 1549.0], [4366.8, 255.0], [4366.85, 23300.0], [4366.9, 69053.0], [4366.95, 130957.0], [4367.1, 7034.0], [4367.2, 10185.0], [4367.25, 2813.0], [4367.3, 17775.0], [4367.35, 72899.0], [4367.4, 1080.0], [4367.5, 2370.0], [4367.6, 17884.0], [4367.65, 9123.0], [4367.7, 11836.0], [4367.8, 4658.0]]}}}
{"jsonrpc": "2.0", "method": "subscription", "params": {"channel": "book.ETH-PERPETUAL.none.20.100ms", "data": {"timestamp": 1758501819531, "change_id": 87400352441, "instrument_name": "ETH-PERPETUAL", "bids": [[4365.85, 1000.0], [4364.75, 828.0], [4364.6, 6345.0], [4364.45, 21311.0], [4364.4, 10027.0], [4364.35, 5923.0], [4364.2, 30417.0], [4364.1, 15319.0], [4364.05, 2813.0], [4364.0, 50.0], [4363.95, 2400.0], [4363.9, 8000.0], [4363.8, 6596.0], [4363.7, 2000.0], [4363.6, 19986.0], [4363.55, 2687.0], [4363.2, 360.0], [4363.1, 2722.0], [4362.35, 2687.0], [4362.1, 21410.0]], "asks": [[4365.9, 78422.0], [4365.95, 23300.0], [4366.0, 23300.0], [4366.05, 94515.0], [4366.15, 88077.0], [4366.2, 178965.0], [4366.3, 75319.0], [4366.4, 9128.0], [4366.6, 1549.0], [4366.8, 18030.0], [4366.85, 23300.0], [4366.9, 69053.0], [4366.95, 130957.0], [4367.1, 7034.0], [4367.2, 10185.0], [4367.25, 14734.0], [4367.35, 72899.0], [4367.5, 2370.0], [4367.6, 17884.0], [4367.7, 11836.0]]}}}
{"jsonrpc": "2.0", "method": "subscription", "params": {"channel": "book.ETH-PERPETUAL.none.20.100ms", "data": {"timestamp": 1758501819848, "change_id": 87400353266, "instrument_name": "ETH-PERPETUAL", "bids": [[4365.85, 1000.0], [4364.6, 6345.0], [4364.45, 21311.0], [4364.4, 42165.0], [4364.35, 30923.0], [4364.3, 8000.0], [4364.25, 115900.0], [4364.2, 10045.0], [4364.1, 15319.0], [4364.05, 2813.0], [4364.0, 17700.0], [4363.8, 6596.0], [4363.75, 19986.0], [4363.7, 2000.0], [4363.55, 2687.0], [4363.2, 360.0], [4363.1, 2722.0], [4362.35, 2687.0], [4362.25, 68040.0], [4362.2, 226800.0]], "asks": [[4365.9, 98431.0], [4365.95, 23300.0], [4366.0, 23300.0], [4366.05, 51492.0], [4366.15, 88077.0], [4366.2, 178965.0], [4366.3, 75319.0], [4366.4, 9128.0], [4366.6, 1549.0], [4366.7, 1080.0], [4366.9, 69053.0], [4366.95, 130957.0], [4367.05, 17775.0], [4367.1, 7034.0], [4367.2, 10185.0], [4367.25, 20701.0], [4367.35, 72899.0], [4367.7, 11836.0], [4367.8, 4658.0], [4367.95, 12476.0]]}}}
{"jsonrpc": "2.0", "method": "subscription", "params": {"channel": "book.ETH-PERPETUAL.none.20.100ms", "data": {"timestamp": 1758501820186, "change_id": 87400353804, "instrument_name": "ETH-PERPETUAL", "bids": [[4365.85, 1000.0], [4364.6, 59271.0], [4364.5, 178903.0], [4364.45, 21311.0], [4364.4, 42165.0], [4364.35, 5923.0], [4364.3, 8000.0], [4364.25, 113400.0], [4364.2, 16994.0], [4364.1, 25000.0], [4364.05, 2813.0], [4364.0, 17700.0], [4363.9, 2500.0], [4363.8, 10120.0], [4363.6, 35305.0], [4363.55, 2687.0], [4363.25, 2001.0], [4363.2, 360.0], [4363.1, 2722.0], [4362.35, 2687.0]], "asks": [[4365.9, 148431.0], [4365.95, 23300.0], [4366.0, 23300.0], [4366.05, 286.0], [4366.15, 88077.0], [4366.2, 178965.0], [4366.3, 75319.0], [4366.4, 9128.0], [4366.6, 1549.0], [4366.7, 1080.0], [4366.9, 69053.0], [4366.95, 130957.0], [4367.05, 17775.0], [4367.1, 7034.0], [4367.2, 10185.0], [4367.25, 20701.0], [4367.35, 72899.0], [4367.45, 25208.0], [4367.7, 11836.0], [4367.8, 4658.0]]}}}
{"jsonrpc": "2.0", "method": "subscription", "params": {"channel": "book.ETH-PERPETUAL.none.20.100ms", "data": {"timestamp": 1758501820503, "change_id": 87400354740, "instrument_name": "ETH-PERPETUAL", "bids": [[4364.6, 80765.0], [4364.55, 60064.0], [4364.5, 178903.0], [4364.4, 42165.0], [4364.25, 113400.0], [4364.2, 11865.0], [4364.1, 25000.0], [4364.0, 20850.0], [4363.95, 8000.0], [4363.9, 2500.0], [4363.75, 9864.0], [4363.7, 17560.0], [4363.6, 15319.0], [4363.55, 2687.0], [4363.35, 12974.0], [4363.3, 37546.0], [4363.25, 7927.0], [4363.2, 360.0], [4363.1, 2722.0], [4362.35, 2687.0]], "asks": [[4364.65, 96085.0], [4364.95, 25000.0], [4365.15, 9.0], [4365.3, 18000.0], [4365.35, 60000.0], [4365.5, 8081.0], [4365.55, 17560.0], [4365.85, 66622.0], [4365.9, 2754.0], [4365.95, 40860.0], [4366.0, 91194.0], [4366.05, 286.0], [4366.15, 63077.0], [4366.2, 178965.0], [4366.3, 27164.0], [4366.4, 9128.0], [4366.7, 12925.0], [4366.85, 17775.0], [4366.9, 69053.0], [4366.95, 113400.0]]}}}
{"jsonrpc": "2.0", "method": "subscription", "params": {"channel": "book.ETH-PERPETUAL.none.20.100ms", "data": {"timestamp": 1758501820850, "change_id": 87400355701, "instrument_name": "ETH-PERPETUAL", "bids": [[4364.6, 120063.0], [4364.5, 84762.0], [4364.45, 23300.0], [4364.4, 220983.0], [4364.3, 23300.0], [4364.25, 113400.0], [4364.15, 2813.0], [4364.0, 8892.0], [4363.95, 8000.0], [4363.9, 2500.0], [4363.8, 19986.0], [4363.75, 9864.0], [4363.7, 17560.0], [4363.6, 15319.0], [4363.55, 2687.0], [4363.35, 6208.0], [4363.3, 17560.0], [4363.25, 7927.0], [4363.2, 360.0], [4363.1, 2722.0]], "asks": [[4364.65, 26205.0], [4365.0, 2500.0], [4365.05, 1000.0], [4365.3, 18000.0], [4365.35, 60000.0], [4365.45, 25000.0], [4365.5, 5268.0], [4365.55, 17569.0], [4365.85, 66622.0], [4365.9, 1549.0], [4365.95, 40860.0], [4366.0, 70707.0], [4366.05, 286.0], [4366.15, 63077.0], [4366.2, 178965.0], [4366.3, 11845.0], [4366.4, 9128.0], [4366.7, 12925.0], [4366.9, 69053.0], [4366.95, 113400.0]]}}}
{"jsonrpc": "2.0", "method": "subscription", "params": {"channel": "book.ETH-PERPETUAL.none.20.100ms", "data": {"timestamp": 1758501821186, "change_id": 87400356328, "instrument_name": "ETH-PERPETUAL", "bids": [[4364.6, 130653.0], [4364.5, 84762.0], [4364.45, 23300.0], [4364.4, 220983.0], [4364.3, 23300.0], [4364.25, 113400.0], [4364.15, 7424.0], [4364.1, 15319.0], [4364.0, 50.0], [4363.95, 5996.0], [4363.9, 19986.0], [4363.8, 5268.0], [4363.7, 17560.0], [4363.6, 1130.0], [4363.55, 2687.0], [4363.45, 1078.0], [4363.35, 6208.0], [4363.3, 17560.0], [4363.25, 7927.0], [4363.2, 360.0]], "asks": [[4364.65, 26205.0], [4365.0, 2500.0], [4365.35, 60000.0], [4365.4, 1000.0], [4365.5, 25268.0], [4365.55, 17560.0], [4365.85, 82560.0], [4365.95, 221337.0], [4366.0, 75389.0], [4366.05, 15605.0], [4366.25, 6292.0], [4366.3, 11845.0], [4366.4, 9128.0], [4366.45, 2813.0], [4366.6, 1549.0], [4366.65, 3797.0], [4366.7, 12925.0], [4366.9, 69053.0], [4366.95, 113400.0], [4367.0, 17775.0]]}}}
{"jsonrpc": "2.0", "method": "subscription", "params": {"channel": "book.ETH-PERPETUAL.none.20.100ms", "data": {"timestamp": 1758501821514, "change_id": 87400357496, "instrument_name": "ETH-PERPETUAL", "bids": [[4365.3, 72308.0], [4365.2, 15000.0], [4365.0, 50000.0], [4364.95, 8344.0], [4364.9, 25000.0], [4364.8, 2813.0], [4364.7, 17062.0], [4364.65, 23300.0], [4364.6, 95907.0], [4364.55, 23400.0], [4364.45, 23300.0], [4364.4, 246560.0], [4364.35, 37805.0], [4364.3, 23300.0], [4364.25, 113400.0], [4364.2, 4166.0], [4364.15, 2813.0], [4364.0, 11074.0], [4363.8, 1780.0], [4363.75, 5932.0]], "asks": [[4365.35, 63500.0], [4365.45, 1000.0], [4365.85, 41892.0], [4365.95, 25000.0], [4366.0, 50000.0], [4366.05, 286.0], [4366.15, 45998.0], [4366.2, 190305.0], [4366.25, 17577.0], [4366.3, 11845.0], [4366.4, 10437.0], [4366.45, 2813.0], [4366.6, 14236.0], [4366.65, 32896.0], [4366.7, 12925.0], [4366.9, 49462.0], [4366.95, 113400.0], [4367.0, 3011.0], [4367.1, 18879.0], [4367.25, 2813.0]]}}}
{"jsonrpc": "2.0", "method": "subscription", "params": {"channel": "book.ETH-PERPETUAL.none.20.100ms", "data": {"timestamp": 1758501821852, "change_id": 87400358122, "instrument_name": "ETH-PERPETUAL", "bids": [[4365.3, 80595.0], [4365.2, 15000.0], [4365.0, 50000.0], [4364.95, 8344.0], [4364.9, 25000.0], [4364.8, 2813.0], [4364.7, 17152.0], [4364.65, 25800.0], [4364.6, 96692.0], [4364.4, 238560.0], [4364.35, 15319.0], [4364.25, 133386.0], [4364.2, 4166.0], [4364.15, 2813.0], [4364.0, 11074.0], [4363.8, 1780.0], [4363.75, 5932.0], [4363.55, 2687.0], [4363.25, 2001.0], [4363.2, 360.0]], "asks": [[4365.35, 64808.0], [4365.8, 31000.0], [4365.9, 20000.0], [4366.15, 46007.0], [4366.2, 190305.0], [4366.25, 17577.0], [4366.3, 11845.0], [4366.4, 10437.0], [4366.45, 2813.0], [4366.5, 50000.0], [4366.6, 14236.0], [4366.65, 32896.0], [4366.7, 12925.0], [4366.8, 1206.0], [4366.9, 49462.0], [4366.95, 113400.0], [4367.0, 3011.0], [4367.1, 18879.0], [4367.25, 2813.0], [4367.4, 54841.0]]}}}
{"jsonrpc": "2.0", "method": "subscription", "params": {"channel": "book.ETH-PERPETUAL.none.20.100ms", "data": {"timestamp": 1758501822178, "change_id": 87400358671, "instrument_name": "ETH-PERPETUAL", "bids": [[4365.3, 83178.0], [4365.2, 74226.0], [4365.05, 25000.0], [4365.0, 228669.0], [4364.95, 90.0], [4364.8, 2813.0], [4364.7, 17062.0], [4364.65, 23300.0], [4364.6, 29350.0], [4364.4, 59742.0], [4364.35, 15319.0], [4364.3, 19986.0], [4364.25, 113400.0], [4364.2, 4166.0], [4364.15, 2813.0], [4364.0, 11074.0], [4363.8, 1780.0], [4363.75, 5932.0], [4363.55, 2687.0], [4363.25, 2001.0]], "asks": [[4365.35, 63808.0], [4365.8, 6000.0], [4365.9, 20000.0], [4366.0, 7503.0], [4366.05, 25000.0], [4366.15, 9.0], [4366.2, 11565.0], [4366.25, 17577.0], [4366.3, 11845.0], [4366.4, 10437.0], [4366.45, 2813.0], [4366.6, 14236.0], [4366.65, 32896.0], [4366.7, 12925.0], [4366.8, 1206.0], [4366.9, 50938.0], [4366.95, 113400.0], [4367.0, 53011.0], [4367.1, 18879.0], [4367.25, 2813.0]]}}}
{"jsonrpc": "2.0", "method": "subscription", "params": {"channel": "book.ETH-PERPETUAL.none.20.100ms", "data": {"timestamp": 1758501822512, "change_id": 87400359495, "instrument_name": "ETH-PERPETUAL", "bids": [[4365.3, 143583.0], [4365.2, 76726.0], [4365.0, 178669.0], [4364.95, 5440.0], [4364.9, 15319.0], [4364.8, 2813.0], [4364.7, 17062.0], [4364.65, 23300.0], [4364.6, 34687.0], [4364.45, 19986.0], [4364.4, 59742.0], [4364.25, 113400.0], [4364.2, 4166.0], [4364.15, 2813.0], [4364.0, 11074.0], [4363.8, 1780.0], [4363.75, 5932.0], [4363.55, 2687.0], [4363.25, 2001.0], [4363.2, 360.0]], "asks": [[4365.35, 85831.0], [4365.7, 2500.0], [4365.75, 1000.0], [4366.15, 7509.0], [4366.2, 88720.0], [4366.25, 17577.0], [4366.3, 11845.0], [4366.4, 179978.0], [4366.45, 2813.0], [4366.6, 14236.0], [4366.65, 32896.0], [4366.7, 12925.0], [4366.8, 1206.0], [4366.9, 50938.0], [4366.95, 113400.0], [4367.0, 55287.0], [4367.1, 18879.0], [4367.25, 2813.0], [4367.35, 2989.0], [4367.4, 11858.0]]}}}
{"jsonrpc": "2.0", "method": "subscription", "params": {"channel": "book.ETH-PERPETUAL.none.20.100ms", "data": {"timestamp": 1758501822842, "change_id": 87400360460, "instrument_name": "ETH-PERPETUAL", "bids": [[4365.3, 167083.0], [4365.25, 23500.0], [4365.2, 76726.0], [4365.05, 23500.0], [4365.0, 198655.0], [4364.95, 5440.0], [4364.9, 15319.0], [4364.8, 10036.0], [4364.65, 23300.0], [4364.6, 6050.0], [4364.4, 59742.0], [4364.25, 113400.0], [4364.2, 4166.0], [4364.15, 2813.0], [4364.1, 1079.0], [4364.0, 11074.0], [4363.8, 1780.0], [4363.75, 5932.0], [4363.55, 2687.0], [4363.25, 2001.0]], "asks": [[4365.35, 308.0], [4366.05, 2500.0], [4366.25, 25000.0], [4366.3, 60000.0], [4366.35, 20000.0], [4366.7, 2813.0], [4366.75, 9.0], [4366.85, 178607.0], [4366.9, 50938.0], [4366.95, 113400.0], [4367.0, 12874.0], [4367.05, 1549.0], [4367.1, 36457.0], [4367.2, 15319.0], [4367.25, 2813.0], [4367.35, 2989.0], [4367.4, 11858.0], [4367.45, 15811.0], [4367.5, 50000.0], [4367.6, 9128.0]]}}}
{"jsonrpc": "2.0", "method": "subscription", "params": {"channel": "book.ETH-PERPETUAL.none.20.100ms", "data": {"timestamp": 1758501823161, "change_id": 87400360975, "instrument_name": "ETH-PERPETUAL", "bids": [[4365.3, 167166.0], [4365.25, 125671.0], [4365.2, 138400.0], [4365.05, 23500.0], [4365.0, 189424.0], [4364.9, 15319.0], [4364.85, 19986.0], [4364.8, 10036.0], [4364.65, 23300.0], [4364.6, 6050.0], [4364.4, 17577.0], [4364.2, 4166.0], [4364.15, 2813.0], [4364.1, 1079.0], [4364.0, 11074.0], [4363.8, 1780.0], [4363.75, 5932.0], [4363.55, 2687.0], [4363.25, 2001.0], [4363.2, 360.0]], "asks": [[4365.35, 208.0], [4365.9, 1000.0], [4366.05, 2500.0], [4366.25, 25000.0], [4366.3, 60000.0], [4366.35, 20000.0], [4366.7, 2813.0], [4366.75, 9.0], [4366.9, 50938.0], [4366.95, 113400.0], [4367.0, 62874.0], [4367.05, 1549.0], [4367.1, 36457.0], [4367.2, 15319.0], [4367.25, 2813.0], [4367.3, 1080.0], [4367.35, 4195.0], [4367.4, 11858.0], [4367.55, 2738.0], [4367.6, 9128.0]]}}}
{"jsonrpc": "2.0", "method": "subscription", "params": {"channel": "book.ETH-PERPETUAL.none.20.100ms", "data": {"timestamp": 1758501823505, "change_id": 87400361525, "instrument_name": "ETH-PERPETUAL", "bids": [[4365.3, 167166.0], [4365.25, 125671.0], [4365.2, 138400.0], [4365.05, 23500.0], [4365.0, 189424.0], [4364.9, 15319.0], [4364.85, 19986.0], [4364.8, 10036.0], [4364.65, 23300.0], [4364.6, 6050.0], [4364.4, 17577.0], [4364.2, 4166.0], [4364.15, 2813.0], [4364.0, 11074.0], [4363.8, 1780.0], [4363.75, 5932.0], [4363.55, 2687.0], [4363.25, 2001.0], [4363.2, 17074.0], [4363.15, 54957.0]], "asks": [[4365.35, 239.0], [4366.05, 2500.0], [4366.1, 25000.0], [4366.3, 60000.0], [4366.35, 20000.0], [4366.6, 6120.0], [4366.65, 17579.0], [4366.7, 2813.0], [4366.75, 9.0], [4366.9, 82612.0], [4366.95, 113400.0], [4367.0, 241440.0], [4367.05, 1549.0], [4367.1, 36457.0], [4367.2, 15319.0], [4367.25, 2813.0], [4367.3, 1080.0], [4367.35, 2989.0], [4367.4, 11858.0], [4367.55, 2738.0]]}}}
{"jsonrpc": "2.0", "method": "subscription", "params": {"channel": "book.ETH-PERPETUAL.none.20.100ms", "data": {"timestamp": 1758501823837, "change_id": 87400363053, "instrument_name": "ETH-PERPETUAL", "bids": [[4365.3, 776.0], [4364.95, 50000.0], [4364.7, 6994.0], [4364.65, 23300.0], [4364.6, 62206.0], [4364.45, 178523.0], [4364.4, 17577.0], [4364.2, 44411.0], [4364.15, 116213.0], [4364.0, 18574.0], [4363.95, 25000.0], [4363.8, 8303.0], [4363.75, 5932.0], [4363.65, 2500.0], [4363.6, 19986.0], [4363.55, 2687.0], [4363.25, 2001.0], [4363.2, 360.0], [4363.15, 1078.0], [4363.1, 2748.0]], "asks": [[4365.35, 47077.0], [4365.55, 7500.0], [4365.6, 30420.0], [4365.65, 15319.0], [4365.75, 9.0], [4365.8, 2748.0], [4366.25, 72175.0], [4366.3, 238503.0], [4366.35, 20000.0], [4366.5, 10334.0], [4366.6, 6120.0], [4366.65, 17579.0], [4366.7, 2813.0], [4366.9, 82612.0], [4366.95, 168675.0], [4367.0, 59599.0], [4367.1, 18879.0], [4367.25, 28021.0], [4367.3, 1080.0], [4367.35, 2989.0]]}}}
{"jsonrpc": "2.0", "method": "subscription", "params": {"channel": "book.ETH-PERPETUAL.none.20.100ms", "data": {"timestamp": 1758501824167, "change_id": 87400364039, "instrument_name": "ETH-PERPETUAL", "bids": [[4365.3, 50632.0], [4365.25, 75000.0], [4365.2, 60108.0], [4365.05, 178486.0], [4364.85, 2748.0], [4364.8, 6990.0], [4364.7, 22486.0], [4364.65, 23300.0], [4364.6, 9869.0], [4364.45, 8000.0], [4364.4, 17577.0], [4364.2, 44411.0], [4364.15, 116213.0], [4364.0, 11074.0], [4363.8, 1780.0], [4363.75, 5932.0], [4363.55, 18006.0], [4363.25, 2001.0], [4363.2, 360.0], [4363.1, 2748.0]], "asks": [[4365.35, 734.0], [4365.5, 934.0], [4366.1, 27500.0], [4366.25, 24000.0], [4366.3, 80000.0], [4366.45, 17650.0], [4366.5, 59128.0], [4366.55, 1138.0], [4366.6, 6120.0], [4366.65, 32898.0], [4366.7, 2813.0], [4366.75, 17912.0], [4366.85, 17588.0], [4366.9, 70529.0], [4366.95, 113400.0], [4367.1, 11845.0], [4367.25, 2813.0], [4367.35, 2989.0], [4367.4, 11858.0], [4367.65, 3551.0]]}}}
{"jsonrpc": "2.0", "method": "subscription", "params": {"channel": "book.ETH-PERPETUAL.none.20.100ms", "data": {"timestamp": 1758501824496, "change_id": 87400365484, "instrument_name": "ETH-PERPETUAL", "bids": [[4366.05, 72082.0], [4366.0, 15000.0], [4365.85, 50000.0], [4365.65, 78536.0], [4365.6, 178454.0], [4365.5, 2748.0], [4365.4, 20289.0], [4365.35, 23500.0], [4365.3, 40584.0], [4365.2, 38634.0], [4365.15, 19986.0], [4365.1, 130979.0], [4364.85, 2748.0], [4364.75, 6012.0], [4364.7, 17541.0], [4364.25, 90.0], [4364.15, 2813.0], [4364.0, 50.0], [4363.6, 5402.0], [4363.55, 18006.0]], "asks": [[4366.1, 1400.0], [4366.2, 1000.0], [4366.3, 60000.0], [4366.55, 25000.0], [4366.6, 2500.0], [4366.9, 40776.0], [4366.95, 113400.0], [4367.05, 8414.0], [4367.1, 29414.0], [4367.25, 2813.0], [4367.3, 8840.0], [4367.35, 17579.0], [4367.4, 11858.0], [4367.45, 185201.0], [4367.5, 17914.0], [4367.55, 15319.0], [4367.65, 5845.0], [4367.7, 11836.0], [4367.75, 9127.0], [4367.8, 4658.0]]}}}
{"jsonrpc": "2.0", "method": "subscription", "params": {"channel": "book.ETH-PERPETUAL.none.20.100ms", "data": {"timestamp": 1758501824820, "change_id": 87400366244, "instrument_name": "ETH-PERPETUAL", "bids": [[4366.05, 72082.0], [4366.0, 15000.0], [4365.85, 75000.0], [4365.65, 53536.0], [4365.6, 178454.0], [4365.5, 2748.0], [4365.4, 11694.0], [4365.35, 23500.0], [4365.3, 12671.0], [4365.2, 38634.0], [4365.15, 19986.0], [4365.1, 130979.0], [4364.85, 2748.0], [4364.75, 6012.0], [4364.7, 17541.0], [4364.6, 90.0], [4364.15, 2813.0], [4364.0, 50.0], [4363.6, 5402.0], [4363.55, 18006.0]], "asks": [[4366.1, 4026.0], [4366.8, 20000.0], [4366.85, 25000.0], [4366.9, 40776.0], [4366.95, 113400.0], [4367.0, 1289.0], [4367.05, 8414.0], [4367.1, 29414.0], [4367.25, 2813.0], [4367.3, 8840.0], [4367.35, 18718.0], [4367.4, 11858.0], [4367.45, 185201.0], [4367.5, 17914.0], [4367.55, 15319.0], [4367.65, 5845.0], [4367.7, 11836.0], [4367.75, 9127.0], [4367.8, 4658.0], [4367.9, 1450.0]]}}}
{"jsonrpc": "2.0", "method": "subscription", "params": {"channel": "book.ETH-PERPETUAL.none.20.100ms", "data": {"timestamp": 1758501825150, "change_id": 87400366826, "instrument_name": "ETH-PERPETUAL", "bids": [[4366.05, 61582.0], [4366.0, 15000.0], [4365.85, 50000.0], [4365.65, 53536.0], [4365.6, 208702.0], [4365.55, 2400.0], [4365.5, 8000.0], [4365.4, 11694.0], [4365.35, 23500.0], [4365.3, 12629.0], [4365.2, 38634.0], [4365.1, 130979.0], [4365.0, 19986.0], [4364.85, 2748.0], [4364.75, 6012.0], [4364.7, 17541.0], [4364.15, 2813.0], [4364.0, 50.0], [4363.6, 5402.0], [4363.55, 18006.0]], "asks": [[4366.1, 5026.0], [4366.45, 7500.0], [4366.5, 25000.0], [4366.75, 6000.0], [4366.8, 20000.0], [4366.9, 40776.0], [4366.95, 113400.0], [4367.0, 1289.0], [4367.05, 23733.0], [4367.1, 29414.0], [4367.25, 2813.0], [4367.3, 8840.0], [4367.35, 18718.0], [4367.4, 11858.0], [4367.45, 185201.0], [4367.5, 17914.0], [4367.65, 5845.0], [4367.7, 11836.0], [4367.75, 9127.0], [4367.8, 4658.0]]}}}
{"jsonrpc": "2.0", "method": "subscription", "params": {"channel": "book.ETH-PERPETUAL.none.20.100ms", "data": {"timestamp": 1758501825485, "change_id": 87400367939, "instrument_name": "ETH-PERPETUAL", "bids": [[4366.05, 47024.0], [4365.9, 15000.0], [4365.85, 50000.0], [4365.6, 53506.0], [4365.55, 178353.0], [4365.4, 13872.0], [4365.35, 48500.0], [4365.3, 776.0], [4365.2, 38634.0], [4365.1, 130979.0], [4364.95, 9320.0], [4364.9, 27986.0], [4364.85, 2748.0], [4364.8, 6012.0], [4364.7, 17541.0], [4364.55, 6153.0], [4364.5, 21253.0], [4364.4, 90.0], [4364.15, 2813.0], [4364.0, 50.0]], "asks": [[4366.1, 8139.0], [4366.2, 1289.0], [4366.3, 8500.0], [4366.35, 25000.0], [4366.6, 6003.0], [4366.65, 20009.0], [4366.9, 40776.0], [4366.95, 114850.0], [4367.05, 10500.0], [4367.1, 29414.0], [4367.15, 21430.0], [4367.25, 2813.0], [4367.3, 8831.0], [4367.35, 18718.0], [4367.4, 11858.0], [4367.45, 185201.0], [4367.5, 67914.0], [4367.65, 5845.0], [4367.7, 11836.0], [4367.75, 9127.0]]}}}
{"jsonrpc": "2.0", "method": "subscription", "params": {"channel": "book.ETH-PERPETUAL.none.20.100ms", "data": {"timestamp": 1758501825802, "change_id": 87400368368, "instrument_name": "ETH-PERPETUAL", "bids": [[4366.05, 70524.0], [4366.0, 29100.0], [4365.95, 23500.0], [4365.9, 23500.0], [4365.85, 50000.0], [4365.7, 2400.0], [4365.65, 8000.0], [4365.6, 53506.0], [4365.55, 180853.0], [4365.4, 13872.0], [4365.35, 48500.0], [4365.3, 776.0], [4365.2, 38634.0], [4365.1, 130979.0], [4365.0, 90.0], [4364.95, 6820.0], [4364.9, 19986.0], [4364.85, 2748.0], [4364.8, 6012.0], [4364.7, 17541.0]], "asks": [[4366.1, 9073.0], [4366.35, 25000.0], [4366.5, 7050.0], [4366.55, 23500.0], [4366.6, 6003.0], [4366.65, 20009.0], [4366.9, 40776.0], [4366.95, 114850.0], [4367.0, 50000.0], [4367.05, 10500.0], [4367.1, 29414.0], [4367.15, 21430.0], [4367.25, 2813.0], [4367.3, 8831.0], [4367.35, 18718.0], [4367.4, 11858.0], [4367.45, 185201.0], [4367.5, 17914.0], [4367.65, 5845.0], [4367.7, 11836.0]]}}}
{"jsonrpc": "2.0", "method": "subscription", "params": {"channel": "book.ETH-PERPETUAL.none.20.100ms", "data": {"timestamp": 1758501826117, "change_id": 87400368898, "instrument_name": "ETH-PERPETUAL", "bids": [[4366.05, 70622.0], [4366.0, 29100.0], [4365.95, 23500.0], [4365.9, 23500.0], [4365.85, 50000.0], [4365.6, 56254.0], [4365.55, 178353.0], [4365.5, 25000.0], [4365.4, 7283.0], [4365.35, 23500.0], [4365.3, 776.0], [4365.2, 38634.0], [4365.1, 130979.0], [4365.05, 90.0], [4365.0, 19986.0], [4364.95, 3224.0], [4364.9, 8000.0], [4364.85, 5248.0], [4364.8, 6012.0], [4364.7, 17541.0]], "asks": [[4366.1, 5315.0], [4366.35, 25000.0], [4366.5, 7050.0], [4366.55, 23500.0], [4366.6, 6003.0], [4366.65, 20009.0], [4366.7, 1000.0], [4366.9, 40776.0], [4366.95, 114850.0], [4367.0, 50000.0], [4367.05, 10500.0], [4367.1, 207701.0], [4367.15, 21430.0], [4367.25, 2813.0], [4367.3, 8831.0], [4367.35, 18718.0], [4367.4, 11858.0], [4367.45, 6758.0], [4367.5, 17914.0], [4367.65, 5845.0]]}}}
{"jsonrpc": "2.0", "method": "subscription", "params": {"channel": "book.ETH-PERPETUAL.none.20.100ms", "data": {"timestamp": 1758501826406, "change_id": 87400369423, "instrument_name": "ETH-PERPETUAL", "bids": [[4366.05, 57024.0], [4365.9, 15000.0], [4365.85, 50000.0], [4365.6, 53506.0], [4365.55, 178353.0], [4365.4, 13872.0], [4365.35, 23500.0], [4365.3, 776.0], [4365.25, 8000.0], [4365.2, 63634.0], [4365.15, 2500.0], [4365.1, 130979.0], [4365.05, 90.0], [4364.95, 6417.0], [4364.9, 19986.0], [4364.85, 2748.0], [4364.8, 6012.0], [4364.7, 17541.0], [4364.55, 6153.0], [4364.5, 21253.0]], "asks": [[4366.1, 30362.0], [4366.35, 25000.0], [4366.5, 7050.0], [4366.55, 23500.0], [4366.65, 9.0], [4366.9, 40776.0], [4366.95, 114850.0], [4367.0, 50000.0], [4367.05, 16953.0], [4367.1, 207701.0], [4367.15, 21430.0], [4367.25, 2813.0], [4367.3, 8831.0], [4367.35, 18718.0], [4367.4, 11858.0], [4367.45, 6758.0], [4367.5, 17914.0], [4367.65, 5845.0], [4367.7, 11836.0], [4367.75, 9127.0]]}}}
{"jsonrpc": "2.0", "method": "subscription", "params": {"channel": "book.ETH-PERPETUAL.none.20.100ms", "data": {"timestamp": 1758501826806, "change_id": 87400370209, "instrument_name": "ETH-PERPETUAL", "bids": [[4366.05, 80868.0], [4365.95, 23500.0], [4365.9, 15000.0], [4365.85, 50000.0], [4365.65, 2400.0], [4365.6, 61506.0], [4365.55, 178353.0], [4365.45, 2500.0], [4365.4, 16272.0], [4365.35, 48500.0], [4365.3, 866.0], [4365.2, 38634.0], [4365.1, 130979.0], [4365.05, 15319.0], [4364.95, 6820.0], [4364.9, 19986.0], [4364.85, 2748.0], [4364.8, 6012.0], [4364.7, 17541.0], [4364.55, 1780.0]], "asks": [[4366.1, 6249.0], [4366.35, 25000.0], [4366.45, 25312.0], [4366.5, 80000.0], [4366.9, 40785.0], [4366.95, 113400.0], [4367.05, 16953.0], [4367.1, 29414.0], [4367.15, 193535.0], [4367.25, 2813.0], [4367.3, 8831.0], [4367.35, 18718.0], [4367.4, 11858.0], [4367.45, 6758.0], [4367.5, 17914.0], [4367.65, 5845.0], [4367.7, 11836.0], [4367.75, 9127.0], [4367.8, 4658.0], [4367.95, 12476.0]]}}}
{"jsonrpc": "2.0", "method": "subscription", "params": {"channel": "book.ETH-PERPETUAL.none.20.100ms", "data": {"timestamp": 1758501827139, "change_id": 87400370624, "instrument_name": "ETH-PERPETUAL", "bids": [[4366.05, 57368.0], [4365.95, 23500.0], [4365.9, 15000.0], [4365.85, 50000.0], [4365.6, 53506.0], [4365.55, 178443.0], [4365.4, 16272.0], [4365.35, 48500.0], [4365.3, 764.0], [4365.2, 38634.0], [4365.1, 130979.0], [4365.05, 15319.0], [4364.95, 6820.0], [4364.9, 19986.0], [4364.85, 2748.0], [4364.8, 6012.0], [4364.7, 17541.0], [4364.55, 1780.0], [4364.5, 5934.0], [4364.15, 2813.0]], "asks": [[4366.1, 10362.0], [4366.35, 25000.0], [4366.45, 18000.0], [4366.5, 60000.0], [4366.55, 2748.0], [4366.9, 40785.0], [4366.95, 113400.0], [4367.05, 16953.0], [4367.1, 29414.0], [4367.15, 193535.0], [4367.25, 2813.0], [4367.3, 8831.0], [4367.35, 18718.0], [4367.4, 11858.0], [4367.45, 6758.0], [4367.5, 17914.0], [4367.55, 1450.0], [4367.65, 5845.0], [4367.7, 11836.0], [4367.75, 9127.0]]}}}
{"jsonrpc": "2.0", "method": "subscription", "params": {"channel": "book.ETH-PERPETUAL.none.20.100ms", "data": {"timestamp": 1758501827462, "change_id": 87400371195, "instrument_name": "ETH-PERPETUAL", "bids": [[4366.05, 57125.0], [4365.95, 23500.0], [4365.9, 15000.0], [4365.85, 50000.0], [4365.6, 53506.0], [4365.55, 178353.0], [4365.4, 13869.0], [4365.35, 23500.0], [4365.3, 764.0], [4365.2, 63634.0], [4365.15, 8090.0], [4365.1, 133479.0], [4365.05, 15319.0], [4364.9, 19986.0], [4364.85, 2748.0], [4364.8, 6012.0], [4364.7, 17541.0], [4364.55, 1780.0], [4364.5, 5934.0], [4364.15, 2813.0]], "asks": [[4366.1, 29428.0], [4366.3, 7500.0], [4366.35, 25000.0], [4366.45, 18000.0], [4366.5, 60873.0], [4366.55, 2748.0], [4366.6, 9.0], [4366.9, 40776.0], [4366.95, 113400.0], [4367.05, 16953.0], [4367.1, 29414.0], [4367.15, 193535.0], [4367.25, 2813.0], [4367.3, 8831.0], [4367.35, 18718.0], [4367.4, 11858.0], [4367.45, 6758.0], [4367.5, 67914.0], [4367.55, 1450.0], [4367.65, 5845.0]]}}}
{"jsonrpc": "2.0", "method": "subscription", "params": {"channel": "book.ETH-PERPETUAL.none.20.100ms", "data": {"timestamp": 1758501827801, "change_id": 87400371940, "instrument_name": "ETH-PERPETUAL", "bids": [[4366.05, 10017.0], [4365.85, 50000.0], [4365.65, 23500.0], [4365.6, 23500.0], [4365.4, 7283.0], [4365.35, 23500.0], [4365.3, 764.0], [4365.2, 38634.0], [4365.1, 130979.0], [4365.0, 8878.0], [4364.95, 2500.0], [4364.85, 2748.0], [4364.8, 39012.0], [4364.75, 90.0], [4364.7, 17541.0], [4364.55, 6153.0], [4364.5, 21253.0], [4364.2, 19986.0], [4364.15, 2813.0], [4364.0, 50.0]], "asks": [[4366.1, 54868.0], [4366.3, 7500.0], [4366.35, 25000.0], [4366.45, 18000.0], [4366.5, 60000.0], [4366.55, 2748.0], [4366.6, 4596.0], [4366.65, 15319.0], [4366.9, 40776.0], [4366.95, 113400.0], [4367.05, 16953.0], [4367.1, 66914.0], [4367.15, 178216.0], [4367.25, 2813.0], [4367.3, 8831.0], [4367.35, 18718.0], [4367.4, 11858.0], [4367.45, 6758.0], [4367.5, 67914.0], [4367.55, 1450.0]]}}}
{"jsonrpc": "2.0", "method": "subscription", "params": {"channel": "book.ETH-PERPETUAL.none.20.100ms", "data": {"timestamp": 1758501828127, "change_id": 87400372485, "instrument_name": "ETH-PERPETUAL", "bids": [[4366.05, 10003.0], [4365.85, 69257.0], [4365.5, 53423.0], [4365.45, 178076.0], [4365.4, 7283.0], [4365.35, 23500.0], [4365.3, 764.0], [4365.2, 38634.0], [4365.1, 113400.0], [4365.0, 3778.0], [4364.85, 2748.0], [4364.8, 14012.0], [4364.75, 90.0], [4364.7, 17541.0], [4364.6, 5000.0], [4364.55, 1780.0], [4364.5, 5934.0], [4364.2, 19986.0], [4364.15, 2813.0], [4364.0, 50.0]], "asks": [[4366.1, 54182.0], [4366.2, 1000.0], [4366.3, 7500.0], [4366.35, 25000.0], [4366.45, 46893.0], [4366.5, 110000.0], [4366.55, 2748.0], [4366.9, 40776.0], [4366.95, 113400.0], [4367.05, 16953.0], [4367.1, 66914.0], [4367.15, 178216.0], [4367.25, 2813.0], [4367.3, 8831.0], [4367.35, 36493.0], [4367.4, 11858.0], [4367.45, 6758.0], [4367.5, 17914.0], [4367.65, 5845.0], [4367.7, 11836.0]]}}}
{"jsonrpc": "2.0", "method": "subscription", "params": {"channel": "book.ETH-PERPETUAL.none.20.100ms", "data": {"timestamp": 1758501828461, "change_id": 87400373566, "instrument_name": "ETH-PERPETUAL", "bids": [[4366.05, 10003.0], [4365.3, 764.0], [4365.15, 87437.0], [4365.1, 113400.0], [4365.0, 178056.0], [4364.8, 1500.0], [4364.6, 5000.0], [4364.55, 11185.0], [4364.5, 13934.0], [4364.4, 25000.0], [4364.3, 90.0], [4364.2, 19986.0], [4364.15, 2813.0], [4364.0, 50.0], [4363.95, 15319.0], [4363.55, 2687.0], [4363.25, 2001.0], [4363.2, 360.0], [4363.1, 2748.0], [4362.35, 2687.0]], "asks": [[4366.1, 54182.0], [4366.2, 1000.0], [4366.3, 7500.0], [4366.35, 31986.0], [4366.45, 72553.0], [4366.5, 238056.0], [4366.55, 2748.0], [4366.6, 1138.0], [4366.75, 1450.0], [4366.9, 40776.0], [4366.95, 113400.0], [4367.0, 50000.0], [4367.05, 16953.0], [4367.1, 66914.0], [4367.2, 17775.0], [4367.25, 2813.0], [4367.3, 8831.0], [4367.35, 17579.0], [4367.4, 11858.0], [4367.45, 6758.0]]}}}
{"jsonrpc": "2.0", "method": "subscription", "params": {"channel": "book.ETH-PERPETUAL.none.20.100ms", "data": {"timestamp": 1758501828761, "change_id": 87400374068, "instrument_name": "ETH-PERPETUAL", "bids": [[4366.05, 10014.0], [4365.3, 764.0], [4365.25, 19257.0], [4365.15, 87437.0], [4365.1, 113400.0], [4365.0, 178056.0], [4364.8, 6594.0], [4364.75, 17606.0], [4364.7, 2748.0], [4364.6, 5090.0], [4364.55, 11158.0], [4364.5, 38934.0], [4364.15, 2813.0], [4364.0, 20036.0], [4363.95, 15319.0], [4363.55, 2687.0], [4363.25, 2001.0], [4363.2, 360.0], [4362.35, 2687.0], [4362.3, 17755.0]], "asks": [[4366.1, 54182.0], [4366.2, 17646.0], [4366.25, 23500.0], [4366.35, 31986.0], [4366.45, 72553.0], [4366.5, 238056.0], [4366.55, 2748.0], [4366.6, 1138.0], [4366.75, 1450.0], [4366.9, 40776.0], [4366.95, 113400.0], [4367.0, 50000.0], [4367.05, 16953.0], [4367.1, 66914.0], [4367.25, 2813.0], [4367.3, 26606.0], [4367.35, 42787.0], [4367.4, 11858.0], [4367.45, 6758.0], [4367.5, 17914.0]]}}}
{"jsonrpc": "2.0", "method": "subscription", "params": {"channel": "book.ETH-PERPETUAL.none.20.100ms", "data": {"timestamp": 1758501828985, "change_id": 87400374370, "instrument_name": "ETH-PERPETUAL", "bids": [[4366.05, 10014.0], [4365.3, 6541.0], [4365.25, 19257.0], [4365.15, 87437.0], [4365.1, 113400.0], [4365.0, 178056.0], [4364.9, 2400.0], [4364.85, 8000.0], [4364.8, 14309.0], [4364.75, 17606.0], [4364.7, 2748.0], [4364.6, 30090.0], [4364.55, 1780.0], [4364.5, 5934.0], [4364.15, 2813.0], [4364.0, 20036.0], [4363.95, 15319.0], [4363.55, 2687.0], [4363.25, 2001.0], [4363.2, 360.0]], "asks": [[4366.1, 54182.0], [4366.2, 17646.0], [4366.25, 23500.0], [4366.35, 31986.0], [4366.45, 72553.0], [4366.5, 238056.0], [4366.55, 2748.0], [4366.6, 1138.0], [4366.75, 1450.0], [4366.9, 40776.0], [4366.95, 113400.0], [4367.0, 50000.0], [4367.05, 16953.0], [4367.1, 66914.0], [4367.25, 2813.0], [4367.3, 26606.0], [4367.35, 42787.0], [4367.4, 11858.0], [4367.45, 6758.0], [4367.5, 17914.0]]}}}
{"jsonrpc": "2.0", "method": "subscription", "params": {"channel": "book.ETH-PERPETUAL.none.20.100ms", "data": {"timestamp": 1758501829452, "change_id": 87400374931, "instrument_name": "ETH-PERPETUAL", "bids": [[4366.05, 10014.0], [4365.3, 6541.0], [4365.25, 19257.0], [4365.15, 34020.0], [4365.1, 113400.0], [4364.9, 2400.0], [4364.85, 8000.0], [4364.8, 14309.0], [4364.75, 17606.0], [4364.6, 30090.0], [4364.55, 1780.0], [4364.5, 5934.0], [4364.15, 2813.0], [4364.05, 6011.0], [4364.0, 20036.0], [4363.95, 15319.0], [4363.55, 2687.0], [4363.25, 2001.0], [4363.2, 360.0], [4362.35, 2687.0]], "asks": [[4366.1, 54182.0], [4366.2, 17646.0], [4366.25, 23500.0], [4366.35, 31986.0], [4366.45, 72553.0], [4366.5, 238056.0], [4366.55, 2748.0], [4366.6, 1138.0], [4366.75, 1450.0], [4366.9, 40776.0], [4366.95, 113400.0], [4367.0, 50000.0], [4367.05, 16953.0], [4367.1, 66914.0], [4367.25, 2813.0], [4367.3, 26606.0], [4367.35, 42787.0], [4367.4, 11858.0], [4367.45, 6758.0], [4367.5, 17914.0]]}}}
{"jsonrpc": "2.0", "method": "subscription", "params": {"channel": "book.ETH-PERPETUAL.none.20.100ms", "data": {"timestamp": 1758501829746, "change_id": 87400375380, "instrument_name": "ETH-PERPETUAL", "bids": [[4366.05, 10014.0], [4365.3, 764.0], [4365.25, 19257.0], [4365.15, 34020.0], [4365.1, 113400.0], [4365.0, 53381.0], [4364.95, 177936.0], [4364.8, 12145.0], [4364.75, 42606.0], [4364.7, 2748.0], [4364.6, 3370.0], [4364.55, 5000.0], [4364.5, 5934.0], [4364.4, 2400.0], [4364.35, 8000.0], [4364.15, 2813.0], [4364.05, 6011.0], [4364.0, 20036.0], [4363.95, 15319.0], [4363.55, 2687.0]], "asks": [[4366.1, 84001.0], [4366.15, 23500.0], [4366.2, 12186.0], [4366.3, 5300.0], [4366.35, 31986.0], [4366.45, 72553.0], [4366.5, 238056.0], [4366.55, 2748.0], [4366.6, 1138.0], [4366.75, 1450.0], [4366.9, 40776.0], [4366.95, 113400.0], [4367.05, 16953.0], [4367.1, 66914.0], [4367.25, 2813.0], [4367.3, 26606.0], [4367.35, 42787.0], [4367.4, 11858.0], [4367.45, 6758.0], [4367.5, 17914.0]]}}}
{"jsonrpc": "2.0", "method": "subscription", "params": {"channel": "book.ETH-PERPETUAL.none.20.100ms", "data": {"timestamp": 1758501829992, "change_id": 87400375641, "instrument_name": "ETH-PERPETUAL", "bids": [[4366.05, 10014.0], [4365.3, 764.0], [4365.25, 19257.0], [4365.15, 34020.0], [4365.1, 113400.0], [4365.0, 53381.0], [4364.95, 177936.0], [4364.8, 12145.0], [4364.75, 42606.0], [4364.7, 10748.0], [4364.6, 3370.0], [4364.55, 5000.0], [4364.5, 5934.0], [4364.15, 2813.0], [4364.05, 6011.0], [4364.0, 20036.0], [4363.95, 15319.0], [4363.55, 2687.0], [4363.25, 2001.0], [4363.2, 360.0]], "asks": [[4366.1, 84001.0], [4366.15, 23500.0], [4366.2, 12186.0], [4366.3, 5300.0], [4366.35, 31986.0], [4366.45, 72553.0], [4366.5, 238056.0], [4366.55, 2748.0], [4366.6, 1138.0], [4366.75, 1450.0], [4366.9, 40776.0], [4366.95, 113400.0], [4367.05, 16953.0], [4367.1, 66914.0], [4367.25, 2813.0], [4367.3, 26606.0], [4367.35, 42787.0], [4367.4, 11858.0], [4367.45, 6758.0], [4367.5, 17914.0]]}}}
{"jsonrpc": "2.0", "method": "subscription", "params": {"channel": "book.ETH-PERPETUAL.none.20.100ms", "data": {"timestamp": 1758501830442, "change_id": 87400376743, "instrument_name": "ETH-PERPETUAL", "bids": [[4366.05, 41124.0], [4365.75, 15000.0], [4365.7, 50000.0], [4365.35, 7729.0], [4365.3, 25764.0], [4365.15, 54398.0], [4365.1, 113400.0], [4365.05, 8000.0], [4365.0, 53381.0], [4364.95, 177936.0], [4364.85, 5090.0], [4364.8, 7870.0], [4364.75, 17606.0], [4364.7, 2748.0], [4364.55, 19986.0], [4364.5, 5934.0], [4364.15, 2813.0], [4364.0, 4646.0], [4363.95, 15319.0], [4363.55, 2687.0]], "asks": [[4366.1, 56818.0], [4366.2, 1000.0], [4366.35, 25000.0], [4366.45, 19166.0], [4366.5, 60000.0], [4366.55, 2748.0], [4366.6, 1138.0], [4366.9, 40776.0], [4366.95, 113400.0], [4367.05, 182551.0], [4367.1, 29423.0], [4367.25, 22813.0], [4367.3, 8831.0], [4367.35, 17579.0], [4367.4, 11858.0], [4367.45, 6758.0], [4367.5, 17914.0], [4367.65, 5845.0], [4367.7, 11836.0], [4367.75, 9127.0]]}}}
{"jsonrpc": "2.0", "method": "subscription", "params": {"channel": "book.ETH-PERPETUAL.none.20.100ms", "data": {"timestamp": 1758501830775, "change_id": 87400377237, "instrument_name": "ETH-PERPETUAL", "bids": [[4366.05, 29271.0], [4365.75, 15000.0], [4365.7, 50000.0], [4365.35, 7729.0], [4365.3, 25764.0], [4365.15, 59398.0], [4365.1, 113490.0], [4365.05, 8000.0], [4365.0, 53381.0], [4364.95, 177936.0], [4364.8, 7870.0], [4364.75, 17606.0], [4364.7, 2748.0], [4364.55, 19986.0], [4364.5, 5934.0], [4364.15, 2813.0], [4364.0, 4646.0], [4363.95, 15319.0], [4363.8, 160.0], [4363.55, 2687.0]], "asks": [[4366.1, 52152.0], [4366.2, 12000.0], [4366.25, 15000.0], [4366.35, 25000.0], [4366.45, 31770.0], [4366.5, 110000.0], [4366.55, 2748.0], [4366.6, 5165.0], [4366.65, 13394.0], [4366.9, 40776.0], [4366.95, 113400.0], [4367.05, 182551.0], [4367.1, 29414.0], [4367.25, 2813.0], [4367.3, 8831.0], [4367.35, 17579.0], [4367.4, 11858.0], [4367.45, 6758.0], [4367.5, 17914.0], [4367.65, 23620.0]]}}}
{"jsonrpc": "2.0", "method": "subscription", "params": {"channel": "book.ETH-PERPETUAL.none.20.100ms", "data": {"timestamp": 1758501831104, "change_id": 87400377869, "instrument_name": "ETH-PERPETUAL", "bids": [[4366.05, 10011.0], [4365.7, 50000.0], [4365.3, 764.0], [4365.15, 34020.0], [4365.1, 113400.0], [4364.9, 7527.0], [4364.85, 25000.0], [4364.8, 7960.0], [4364.75, 17606.0], [4364.7, 7748.0], [4364.5, 5934.0], [4364.15, 2813.0], [4364.05, 19986.0], [4364.0, 4646.0], [4363.95, 15319.0], [4363.6, 160.0], [4363.55, 2687.0], [4363.25, 2001.0], [4363.2, 360.0], [4362.55, 54852.0]], "asks": [[4366.1, 55298.0], [4366.2, 7500.0], [4366.35, 25000.0], [4366.45, 31770.0], [4366.5, 110000.0], [4366.55, 2748.0], [4366.6, 5156.0], [4366.65, 13394.0], [4366.9, 40776.0], [4366.95, 113400.0], [4367.05, 182551.0], [4367.1, 29414.0], [4367.25, 2813.0], [4367.3, 10281.0], [4367.35, 35354.0], [4367.4, 11858.0], [4367.45, 6758.0], [4367.5, 17914.0], [4367.65, 5845.0], [4367.7, 11836.0]]}}}
{"jsonrpc": "2.0", "method": "subscription", "params": {"channel": "book.ETH-PERPETUAL.none.20.100ms", "data": {"timestamp": 1758501831436, "change_id": 87400378660, "instrument_name": "ETH-PERPETUAL", "bids": [[4366.05, 41289.0], [4365.75, 15000.0], [4365.7, 50000.0], [4365.35, 7729.0], [4365.3, 25764.0], [4365.15, 54396.0], [4365.1, 113490.0], [4365.05, 8000.0], [4365.0, 5000.0], [4364.8, 7870.0], [4364.75, 17606.0], [4364.7, 2748.0], [4364.55, 21766.0], [4364.5, 5934.0], [4364.15, 2813.0], [4364.0, 4646.0], [4363.95, 15319.0], [4363.55, 2687.0], [4363.25, 2001.0], [4363.2, 360.0]], "asks": [[4366.1, 13609.0], [4366.2, 7500.0], [4366.35, 25000.0], [4366.45, 19166.0], [4366.5, 60000.0], [4366.6, 25156.0], [4366.65, 13403.0], [4366.9, 40776.0], [4366.95, 113400.0], [4367.05, 4706.0], [4367.1, 29414.0], [4367.25, 2813.0], [4367.3, 10281.0], [4367.35, 17579.0], [4367.4, 11858.0], [4367.45, 6758.0], [4367.5, 17914.0], [4367.65, 5845.0], [4367.7, 11836.0], [4367.75, 9127.0]]}}}
{"jsonrpc": "2.0", "method": "subscription", "params": {"channel": "book.ETH-PERPETUAL.none.20.100ms", "data": {"timestamp": 1758501831749, "change_id": 87400379434, "instrument_name": "ETH-PERPETUAL", "bids": [[4366.05, 68934.0], [4365.8, 15824.0], [4365.75, 25000.0], [4365.7, 50000.0], [4365.6, 2748.0], [4365.5, 53323.0], [4365.45, 185742.0], [4365.35, 1819.0], [4365.3, 5764.0], [4365.15, 54396.0], [4365.1, 113400.0], [4364.8, 27856.0], [4364.75, 17606.0], [4364.7, 2748.0], [4364.55, 1780.0], [4364.5, 5934.0], [4364.15, 2813.0], [4364.0, 4646.0], [4363.95, 15319.0], [4363.55, 2687.0]], "asks": [[4366.1, 1460.0], [4366.25, 1000.0], [4366.45, 19166.0], [4366.5, 60000.0], [4366.6, 4018.0], [4366.65, 13403.0], [4366.7, 25000.0], [4366.75, 20000.0], [4366.9, 40776.0], [4366.95, 113400.0], [4367.05, 4706.0], [4367.1, 29414.0], [4367.25, 2813.0], [4367.3, 1450.0], [4367.4, 11858.0], [4367.45, 6758.0], [4367.5, 17914.0], [4367.55, 17633.0], [4367.65, 5845.0], [4367.7, 11836.0]]}}}
{"jsonrpc": "2.0", "method": "subscription", "params": {"channel": "book.ETH-PERPETUAL.none.20.100ms", "data": {"timestamp": 1758501832095, "change_id": 87400379900, "instrument_name": "ETH-PERPETUAL", "bids": [[4366.05, 84513.0], [4365.95, 7500.0], [4365.9, 25000.0], [4365.8, 15824.0], [4365.7, 50000.0], [4365.6, 2748.0], [4365.5, 53323.0], [4365.45, 177742.0], [4365.3, 764.0], [4365.15, 74382.0], [4365.1, 113400.0], [4364.8, 7870.0], [4364.75, 17606.0], [4364.7, 2748.0], [4364.55, 1780.0], [4364.5, 5934.0], [4364.15, 2813.0], [4364.0, 4646.0], [4363.95, 15319.0], [4363.55, 2687.0]], "asks": [[4366.1, 1460.0], [4366.5, 60000.0], [4366.6, 5307.0], [4366.7, 25000.0], [4366.75, 20000.0], [4366.9, 60630.0], [4366.95, 291121.0], [4367.05, 4706.0], [4367.1, 42808.0], [4367.25, 2813.0], [4367.3, 1450.0], [4367.4, 12997.0], [4367.45, 6758.0], [4367.5, 67914.0], [4367.55, 17633.0], [4367.65, 5845.0], [4367.7, 11836.0], [4367.75, 9127.0], [4367.8, 4658.0], [4367.95, 12476.0]]}}}
{"jsonrpc": "2.0", "method": "subscription", "params": {"channel": "book.ETH-PERPETUAL.none.20.100ms", "data": {"timestamp": 1758501832406, "change_id": 87400380480, "instrument_name": "ETH-PERPETUAL", "bids": [[4366.05, 68923.0], [4365.8, 24946.0], [4365.7, 50000.0], [4365.65, 25000.0], [4365.6, 14748.0], [4365.5, 2277.0], [4365.45, 7590.0], [4365.3, 764.0], [4365.15, 54396.0], [4365.1, 113400.0], [4364.9, 5996.0], [4364.85, 19986.0], [4364.8, 7870.0], [4364.75, 17606.0], [4364.7, 2748.0], [4364.55, 1780.0], [4364.5, 5934.0], [4364.15, 2813.0], [4364.0, 4646.0], [4363.95, 15319.0]], "asks": [[4366.1, 6573.0], [4366.5, 60000.0], [4366.55, 25000.0], [4366.7, 6000.0], [4366.75, 20000.0], [4366.9, 64648.0], [4366.95, 291121.0], [4367.05, 12254.0], [4367.1, 42808.0], [4367.25, 7147.0], [4367.4, 12997.0], [4367.45, 24819.0], [4367.5, 67914.0], [4367.55, 17633.0], [4367.65, 5845.0], [4367.7, 11836.0], [4367.75, 9127.0], [4367.8, 5947.0], [4367.95, 12476.0], [4368.0, 2809.0]]}}}
{"jsonrpc": "2.0", "method": "subscription", "params": {"channel": "book.ETH-PERPETUAL.none.20.100ms", "data": {"timestamp": 1758501832758, "change_id": 87400381193, "instrument_name": "ETH-PERPETUAL", "bids": [[4366.05, 88438.0], [4366.0, 101796.0], [4365.95, 177652.0], [4365.9, 23500.0], [4365.8, 15824.0], [4365.7, 50090.0], [4365.6, 6766.0], [4365.55, 13394.0], [4365.3, 764.0], [4365.15, 74382.0], [4365.1, 113400.0], [4364.8, 7870.0], [4364.75, 17606.0], [4364.7, 2748.0], [4364.55, 1780.0], [4364.5, 5934.0], [4364.15, 2813.0], [4364.0, 50.0], [4363.55, 2687.0], [4363.45, 17755.0]], "asks": [[4366.1, 526.0], [4366.5, 60000.0], [4366.6, 873.0], [4366.8, 25000.0], [4366.9, 34023.0], [4366.95, 113409.0], [4367.05, 12254.0], [4367.1, 42808.0], [4367.2, 8056.0], [4367.25, 22813.0], [4367.4, 12997.0], [4367.45, 24819.0], [4367.5, 67914.0], [4367.55, 17633.0], [4367.65, 7295.0], [4367.7, 11836.0], [4367.75, 9127.0], [4367.8, 4658.0], [4367.95, 12476.0], [4368.0, 2809.0]]}}}
{"jsonrpc": "2.0", "method": "subscription", "params": {"channel": "book.ETH-PERPETUAL.none.20.100ms", "data": {"timestamp": 1758501833058, "change_id": 87400381698, "instrument_name": "ETH-PERPETUAL", "bids": [[4366.05, 138528.0], [4366.0, 101796.0], [4365.95, 177652.0], [4365.9, 23500.0], [4365.6, 6766.0], [4365.55, 13394.0], [4365.3, 764.0], [4365.15, 74382.0], [4365.1, 113400.0], [4364.8, 7870.0], [4364.75, 17606.0], [4364.7, 2748.0], [4364.55, 1780.0], [4364.5, 5934.0], [4364.2, 996.0], [4364.15, 2813.0], [4364.0, 50.0], [4363.55, 2687.0], [4363.45, 17755.0], [4363.4, 57246.0]], "asks": [[4366.1, 1460.0], [4366.5, 60000.0], [4366.6, 1000.0], [4366.9, 34023.0], [4366.95, 113400.0], [4367.0, 1289.0], [4367.05, 4706.0], [4367.1, 38394.0], [4367.2, 25689.0], [4367.25, 20000.0], [4367.35, 9.0], [4367.4, 12997.0], [4367.45, 20630.0], [4367.5, 17914.0], [4367.55, 195232.0], [4367.65, 7295.0], [4367.7, 11836.0], [4367.75, 9127.0], [4367.8, 4658.0], [4367.95, 12476.0]]}}}
{"jsonrpc": "2.0", "method": "subscription", "params": {"channel": "book.ETH-PERPETUAL.none.20.100ms", "data": {"timestamp": 1758501833420, "change_id": 87400382410, "instrument_name": "ETH-PERPETUAL", "bids": [[4366.45, 78585.0], [4366.25, 30594.0], [4366.2, 2748.0], [4366.15, 7500.0], [4366.1, 118629.0], [4366.05, 97373.0], [4366.0, 76796.0], [4365.95, 177652.0], [4365.7, 14924.0], [4365.65, 23500.0], [4365.6, 50252.0], [4365.55, 13394.0], [4365.3, 764.0], [4365.25, 5996.0], [4365.15, 54396.0], [4365.1, 113400.0], [4364.8, 7870.0], [4364.75, 17606.0], [4364.7, 2748.0], [4364.55, 1780.0]], "asks": [[4366.5, 60000.0], [4366.75, 1000.0], [4366.9, 873.0], [4367.1, 25000.0], [4367.4, 12997.0], [4367.45, 10664.0], [4367.5, 17914.0], [4367.55, 17633.0], [4367.65, 7295.0], [4367.7, 11836.0], [4367.75, 9127.0], [4367.8, 4658.0], [4367.95, 12476.0], [4368.0, 29996.0], [4368.05, 113400.0], [4368.1, 11836.0], [4368.3, 7235.0], [4368.4, 16994.0], [4368.45, 49334.0], [4368.5, 50000.0]]}}}
{"jsonrpc": "2.0", "method": "subscription", "params": {"channel": "book.ETH-PERPETUAL.none.20.100ms", "data": {"timestamp": 1758501833749, "change_id": 87400383912, "instrument_name": "ETH-PERPETUAL", "bids": [[4366.95, 66229.0], [4366.9, 103256.0], [4366.85, 177519.0], [4366.75, 4799.0], [4366.6, 98.0], [4366.55, 2766.0], [4366.5, 25028.0], [4366.45, 43769.0], [4366.4, 77325.0], [4366.35, 25000.0], [4366.2, 137269.0], [4366.15, 19986.0], [4366.1, 23500.0], [4366.05, 53709.0], [4365.6, 11553.0], [4365.55, 31025.0], [4365.3, 764.0], [4365.2, 2613.0], [4365.15, 2748.0], [4365.1, 5962.0]], "asks": [[4367.0, 9952.0], [4367.55, 25000.0], [4367.85, 1289.0], [4367.95, 12476.0], [4368.0, 2809.0], [4368.05, 113400.0], [4368.15, 1139.0], [4368.2, 2171.0], [4368.25, 3962.0], [4368.3, 7235.0], [4368.35, 12015.0], [4368.4, 3550.0], [4368.45, 11834.0], [4368.7, 4387.0], [4368.75, 11835.0], [4368.8, 2787.0], [4369.0, 11111.0], [4369.05, 20972.0], [4369.2, 25208.0], [4369.25, 7377.0]]}}}
{"jsonrpc": "2.0", "method": "subscription", "params": {"channel": "book.ETH-PERPETUAL.none.20.100ms", "data": {"timestamp": 1758501834080, "change_id": 87400385261, "instrument_name": "ETH-PERPETUAL", "bids": [[4366.95, 35157.0], [4366.9, 227483.0], [4366.75, 347.0], [4366.5, 18153.0], [4366.45, 30433.0], [4366.4, 57520.0], [4366.2, 137269.0], [4366.1, 48500.0], [4366.05, 51154.0], [4365.65, 2613.0], [4365.6, 12728.0], [4365.55, 17631.0], [4365.3, 764.0], [4365.25, 5996.0], [4365.2, 19986.0], [4365.15, 2748.0], [4364.7, 2748.0], [4364.65, 160.0], [4364.45, 996.0], [4364.15, 2813.0]], "asks": [[4367.0, 6513.0], [4367.2, 7500.0], [4367.25, 25000.0], [4367.45, 2766.0], [4367.85, 1289.0], [4367.9, 36643.0], [4367.95, 12476.0], [4368.0, 87171.0], [4368.05, 113400.0], [4368.15, 1139.0], [4368.2, 37500.0], [4368.25, 43441.0], [4368.3, 177490.0], [4368.35, 18006.0], [4368.4, 16944.0], [4368.45, 11834.0], [4368.6, 17775.0], [4368.75, 17826.0], [4368.8, 2787.0], [4369.0, 11111.0]]}}}
{"jsonrpc": "2.0", "method": "subscription", "params": {"channel": "book.ETH-PERPETUAL.none.20.100ms", "data": {"timestamp": 1758501834411, "change_id": 87400386217, "instrument_name": "ETH-PERPETUAL", "bids": [[4366.75, 12200.0], [4366.55, 196724.0], [4366.5, 50000.0], [4366.4, 34020.0], [4366.2, 137258.0], [4366.1, 23500.0], [4366.05, 33523.0], [4366.0, 37158.0], [4365.95, 25000.0], [4365.85, 90.0], [4365.75, 4863.0], [4365.7, 7500.0], [4365.6, 17515.0], [4365.55, 17631.0], [4365.5, 13394.0], [4365.3, 764.0], [4365.25, 5996.0], [4365.2, 19986.0], [4365.15, 2748.0], [4364.7, 2748.0]], "asks": [[4366.8, 56563.0], [4366.9, 23500.0], [4367.0, 60275.0], [4367.05, 25000.0], [4367.45, 2766.0], [4367.8, 20468.0], [4367.85, 40569.0], [4367.9, 17631.0], [4367.95, 12476.0], [4368.0, 37171.0], [4368.05, 113400.0], [4368.15, 1139.0], [4368.2, 37500.0], [4368.25, 43441.0], [4368.3, 177490.0], [4368.35, 18006.0], [4368.4, 16944.0], [4368.45, 11834.0], [4368.7, 42983.0], [4368.75, 11835.0]]}}}
{"jsonrpc": "2.0", "method": "subscription", "params": {"channel": "book.ETH-PERPETUAL.none.20.100ms", "data": {"timestamp": 1758501834741, "change_id": 87400387071, "instrument_name": "ETH-PERPETUAL", "bids": [[4366.5, 50283.0], [4366.35, 87250.0], [4366.3, 177432.0], [4366.25, 19257.0], [4366.2, 130507.0], [4366.1, 23500.0], [4366.05, 23515.0], [4366.0, 12000.0], [4365.9, 5289.0], [4365.85, 17631.0], [4365.75, 11755.0], [4365.7, 32500.0], [4365.6, 12728.0], [4365.55, 17721.0], [4365.3, 764.0], [4365.25, 5289.0], [4365.2, 17631.0], [4365.15, 2748.0], [4364.8, 6868.0], [4364.75, 19986.0]], "asks": [[4366.55, 48984.0], [4366.8, 45009.0], [4366.95, 12700.0], [4367.0, 54055.0], [4367.4, 6396.0], [4367.45, 20397.0], [4367.6, 54687.0], [4367.65, 177455.0], [4367.8, 20468.0], [4367.85, 39280.0], [4367.9, 17631.0], [4367.95, 12476.0], [4368.0, 37171.0], [4368.05, 113400.0], [4368.1, 18001.0], [4368.15, 1139.0], [4368.2, 49437.0], [4368.25, 27424.0], [4368.35, 29736.0], [4368.4, 16944.0]]}}}
{"jsonrpc": "2.0", "method": "subscription", "params": {"channel": "book.ETH-PERPETUAL.none.20.100ms", "data": {"timestamp": 1758501835072, "change_id": 87400387541, "instrument_name": "ETH-PERPETUAL", "bids": [[4366.5, 85159.0], [4366.35, 87250.0], [4366.3, 177432.0], [4366.2, 130507.0], [4366.1, 23500.0], [4366.05, 23515.0], [4366.0, 12000.0], [4365.9, 12128.0], [4365.85, 17631.0], [4365.8, 25000.0], [4365.75, 4863.0], [4365.7, 7500.0], [4365.6, 17542.0], [4365.55, 17721.0], [4365.4, 13394.0], [4365.3, 764.0], [4365.25, 5289.0], [4365.2, 37617.0], [4365.15, 2748.0], [4364.8, 6868.0]], "asks": [[4366.55, 64334.0], [4366.8, 25000.0], [4366.95, 12700.0], [4367.0, 54064.0], [4367.4, 6396.0], [4367.45, 20397.0], [4367.6, 54687.0], [4367.65, 177455.0], [4367.8, 20468.0], [4367.85, 39280.0], [4367.9, 17631.0], [4367.95, 12476.0], [4368.0, 37171.0], [4368.05, 113400.0], [4368.1, 18001.0], [4368.15, 1139.0], [4368.2, 49437.0], [4368.25, 9793.0], [4368.35, 17775.0], [4368.4, 16944.0]]}}}
{"jsonrpc": "2.0", "method": "subscription", "params": {"channel": "book.ETH-PERPETUAL.none.20.100ms", "data": {"timestamp": 1758501835397, "change_id": 87400388013, "instrument_name": "ETH-PERPETUAL", "bids": [[4366.5, 69259.0], [4366.2, 130507.0], [4366.1, 23500.0], [4366.05, 23515.0], [4366.0, 12000.0], [4365.9, 12128.0], [4365.85, 17631.0], [4365.8, 25000.0], [4365.75, 4863.0], [4365.7, 7500.0], [4365.6, 12728.0], [4365.55, 17721.0], [4365.3, 764.0], [4365.25, 5289.0], [4365.2, 37617.0], [4365.15, 2748.0], [4364.7, 2748.0], [4364.65, 160.0], [4364.15, 2813.0], [4364.05, 6380.0]], "asks": [[4366.55, 80229.0], [4366.75, 7887.0], [4366.8, 25000.0], [4366.9, 4643.0], [4366.95, 12700.0], [4367.0, 2775.0], [4367.4, 6396.0], [4367.45, 20397.0], [4367.6, 54687.0], [4367.65, 177455.0], [4367.8, 20468.0], [4367.85, 39280.0], [4367.9, 17631.0], [4367.95, 12476.0], [4368.0, 87171.0], [4368.05, 113400.0], [4368.1, 18001.0], [4368.15, 1139.0], [4368.2, 49437.0], [4368.25, 9793.0]]}}}
{"jsonrpc": "2.0", "method": "subscription", "params": {"channel": "book.ETH-PERPETUAL.none.20.100ms", "data": {"timestamp": 1758501835732, "change_id": 87400389005, "instrument_name": "ETH-PERPETUAL", "bids": [[4366.5, 11855.0], [4366.25, 19257.0], [4366.2, 113400.0], [4366.15, 50000.0], [4366.05, 15.0], [4365.65, 25000.0], [4365.6, 12728.0], [4365.55, 17631.0], [4365.4, 12000.0], [4365.35, 7500.0], [4365.3, 764.0], [4365.25, 5379.0], [4365.2, 17631.0], [4365.15, 2748.0], [4365.1, 5996.0], [4365.05, 19986.0], [4364.7, 2748.0], [4364.65, 160.0], [4364.15, 2813.0], [4364.05, 6380.0]], "asks": [[4366.55, 81527.0], [4366.65, 18450.0], [4366.7, 36894.0], [4366.75, 13000.0], [4366.8, 25000.0], [4367.0, 2766.0], [4367.4, 6396.0], [4367.45, 20397.0], [4367.6, 54687.0], [4367.65, 177455.0], [4367.8, 20468.0], [4367.85, 39280.0], [4367.9, 17631.0], [4367.95, 12476.0], [4368.0, 87171.0], [4368.05, 113400.0], [4368.1, 18001.0], [4368.15, 1139.0], [4368.2, 49437.0], [4368.35, 17775.0]]}}}
{"jsonrpc": "2.0", "method": "subscription", "params": {"channel": "book.ETH-PERPETUAL.none.20.100ms", "data": {"timestamp": 1758501836015, "change_id": 87400389824, "instrument_name": "ETH-PERPETUAL", "bids": [[4366.5, 2.0], [4366.05, 15.0], [4365.95, 19257.0], [4365.8, 91489.0], [4365.5, 17638.0], [4365.35, 138400.0], [4365.3, 764.0], [4365.25, 5289.0], [4365.2, 22055.0], [4365.15, 14748.0], [4365.0, 2277.0], [4364.95, 7590.0], [4364.8, 14981.0], [4364.75, 37624.0], [4364.7, 16142.0], [4364.65, 6119.0], [4364.15, 2813.0], [4364.05, 6380.0], [4364.0, 21266.0], [4363.55, 2687.0]], "asks": [[4366.55, 94921.0], [4366.65, 18450.0], [4366.7, 30494.0], [4366.75, 13000.0], [4366.8, 25000.0], [4367.0, 2766.0], [4367.4, 6396.0], [4367.45, 20397.0], [4367.6, 54687.0], [4367.65, 177455.0], [4367.8, 20468.0], [4367.85, 39280.0], [4367.9, 17631.0], [4367.95, 30251.0], [4368.0, 87171.0], [4368.05, 113400.0], [4368.1, 18001.0], [4368.2, 49437.0], [4368.4, 28758.0], [4368.45, 11834.0]]}}}
{"jsonrpc": "2.0", "method": "subscription", "params": {"channel": "book.ETH-PERPETUAL.none.20.100ms", "data": {"timestamp": 1758501836388, "change_id": 87400390288, "instrument_name": "ETH-PERPETUAL", "bids": [[4366.5, 2.0], [4366.1, 19257.0], [4365.65, 53184.0], [4365.6, 177280.0], [4365.55, 8230.0], [4365.5, 29638.0], [4365.4, 41749.0], [4365.35, 138400.0], [4365.3, 764.0], [4365.25, 7500.0], [4365.2, 4424.0], [4365.15, 20386.0], [4365.0, 1815.0], [4364.95, 6049.0], [4364.8, 10886.0], [4364.7, 36128.0], [4364.65, 160.0], [4364.15, 2813.0], [4364.05, 6380.0], [4364.0, 21266.0]], "asks": [[4366.55, 94921.0], [4366.65, 18450.0], [4366.7, 30494.0], [4366.75, 13000.0], [4366.8, 25000.0], [4366.9, 46227.0], [4366.95, 177303.0], [4367.0, 52766.0], [4367.35, 1139.0], [4367.4, 6396.0], [4367.45, 20397.0], [4367.6, 1450.0], [4367.85, 9142.0], [4367.9, 17631.0], [4367.95, 30251.0], [4368.0, 37171.0], [4368.05, 113400.0], [4368.1, 18001.0], [4368.2, 49437.0], [4368.4, 28758.0]]}}}
{"jsonrpc": "2.0", "method": "subscription", "params": {"channel": "book.ETH-PERPETUAL.none.20.100ms", "data": {"timestamp": 1758501836721, "change_id": 87400391042, "instrument_name": "ETH-PERPETUAL", "bids": [[4366.5, 27765.0], [4366.25, 5777.0], [4366.2, 19257.0], [4366.05, 2766.0], [4365.85, 7500.0], [4365.8, 25000.0], [4365.65, 53184.0], [4365.6, 180046.0], [4365.55, 8891.0], [4365.5, 29638.0], [4365.45, 90.0], [4365.4, 41749.0], [4365.35, 113400.0], [4365.3, 764.0], [4365.25, 7500.0], [4365.2, 11559.0], [4365.15, 20386.0], [4365.0, 21801.0], [4364.95, 5959.0], [4364.8, 4891.0]], "asks": [[4366.55, 42118.0], [4366.6, 23500.0], [4366.65, 9598.0], [4366.7, 6994.0], [4366.8, 25000.0], [4366.85, 9.0], [4366.9, 46227.0], [4366.95, 177303.0], [4367.0, 4018.0], [4367.05, 13394.0], [4367.2, 8507.0], [4367.25, 27216.0], [4367.35, 1139.0], [4367.4, 6396.0], [4367.45, 20397.0], [4367.5, 50000.0], [4367.6, 1450.0], [4367.85, 9142.0], [4367.9, 17631.0], [4367.95, 12476.0]]}}}
{"jsonrpc": "2.0", "method": "subscription", "params": {"channel": "book.ETH-PERPETUAL.none.20.100ms", "data": {"timestamp": 1758501837047, "change_id": 87400391915, "instrument_name": "ETH-PERPETUAL", "bids": [[4366.5, 27925.0], [4366.15, 15830.0], [4366.1, 75000.0], [4366.05, 2766.0], [4365.9, 5490.0], [4365.85, 19500.0], [4365.65, 53184.0], [4365.6, 190695.0], [4365.5, 17638.0], [4365.4, 61735.0], [4365.35, 113400.0], [4365.3, 764.0], [4365.2, 4424.0], [4365.15, 20386.0], [4365.0, 1815.0], [4364.95, 5959.0], [4364.8, 4891.0], [4364.7, 16142.0], [4364.5, 996.0], [4364.15, 2813.0]], "asks": [[4366.55, 14892.0], [4366.7, 6994.0], [4366.85, 25000.0], [4367.0, 4018.0], [4367.05, 20000.0], [4367.15, 9.0], [4367.3, 53505.0], [4367.35, 178350.0], [4367.4, 24338.0], [4367.45, 20397.0], [4367.5, 50000.0], [4367.55, 13394.0], [4367.8, 12617.0], [4367.85, 9142.0], [4367.9, 17631.0], [4367.95, 12476.0], [4368.0, 37171.0], [4368.05, 113400.0], [4368.1, 18001.0], [4368.2, 49437.0]]}}}
{"jsonrpc": "2.0", "method": "subscription", "params": {"channel": "book.ETH-PERPETUAL.none.20.100ms", "data": {"timestamp": 1758501837353, "change_id": 87400392188, "instrument_name": "ETH-PERPETUAL", "bids": [[4366.5, 47222.0], [4366.15, 15830.0], [4366.1, 50000.0], [4366.05, 2766.0], [4365.9, 12675.0], [4365.85, 44500.0], [4365.65, 53184.0], [4365.6, 185364.0], [4365.55, 90.0], [4365.5, 17638.0], [4365.4, 41749.0], [4365.35, 113400.0], [4365.3, 764.0], [4365.2, 24410.0], [4365.15, 20386.0], [4365.0, 1815.0], [4364.95, 5959.0], [4364.8, 4891.0], [4364.7, 16142.0], [4364.5, 996.0]], "asks": [[4366.55, 39005.0], [4366.7, 6994.0], [4366.85, 25000.0], [4367.15, 9.0], [4367.3, 53505.0], [4367.35, 178350.0], [4367.4, 24338.0], [4367.45, 20397.0], [4367.5, 50000.0], [4367.55, 13394.0], [4367.8, 12617.0], [4367.85, 9142.0], [4367.9, 17631.0], [4367.95, 12476.0], [4368.0, 37171.0], [4368.05, 113400.0], [4368.1, 18001.0], [4368.2, 49437.0], [4368.3, 1450.0], [4368.35, 17775.0]]}}}
{"jsonrpc": "2.0", "method": "subscription", "params": {"channel": "book.ETH-PERPETUAL.none.20.100ms", "data": {"timestamp": 1758501837711, "change_id": 87400393087, "instrument_name": "ETH-PERPETUAL", "bids": [[4366.5, 29326.0], [4366.3, 14550.0], [4366.25, 25000.0], [4366.2, 53880.0], [4366.15, 23500.0], [4366.1, 50000.0], [4366.05, 2766.0], [4365.9, 5850.0], [4365.85, 19500.0], [4365.65, 53184.0], [4365.6, 190695.0], [4365.55, 20076.0], [4365.5, 17638.0], [4365.4, 41749.0], [4365.35, 113400.0], [4365.3, 764.0], [4365.2, 4424.0], [4365.15, 20386.0], [4365.0, 1815.0], [4364.95, 5959.0]], "asks": [[4366.55, 13964.0], [4366.8, 1000.0], [4366.95, 23500.0], [4367.0, 1000.0], [4367.35, 1139.0], [4367.45, 57970.0], [4367.5, 227134.0], [4367.6, 4018.0], [4367.65, 13394.0], [4367.8, 12617.0], [4367.85, 9142.0], [4367.9, 17631.0], [4367.95, 32476.0], [4368.0, 37171.0], [4368.05, 113400.0], [4368.1, 18001.0], [4368.2, 11937.0], [4368.3, 1450.0], [4368.35, 7259.0], [4368.4, 3550.0]]}}}
{"jsonrpc": "2.0", "method": "subscription", "params": {"channel": "book.ETH-PERPETUAL.none.20.100ms", "data": {"timestamp": 1758501838043, "change_id": 87400393650, "instrument_name": "ETH-PERPETUAL", "bids": [[4366.5, 38650.0], [4366.3, 65871.0], [4366.2, 231014.0], [4366.15, 31000.0], [4366.1, 50000.0], [4366.05, 2766.0], [4366.0, 25000.0], [4365.85, 5996.0], [4365.8, 19986.0], [4365.6, 8084.0], [4365.5, 17638.0], [4365.4, 41749.0], [4365.35, 113400.0], [4365.3, 764.0], [4365.2, 4424.0], [4365.15, 20386.0], [4365.0, 1815.0], [4364.95, 5959.0], [4364.8, 4891.0], [4364.7, 16142.0]], "asks": [[4366.55, 13675.0], [4366.8, 934.0], [4366.95, 23500.0], [4367.0, 25000.0], [4367.45, 82308.0], [4367.5, 50000.0], [4367.55, 20000.0], [4367.6, 181123.0], [4367.65, 13394.0], [4367.7, 9.0], [4367.8, 12617.0], [4367.85, 9142.0], [4367.9, 17631.0], [4367.95, 12476.0], [4368.0, 37171.0], [4368.05, 113400.0], [4368.1, 18001.0], [4368.2, 11937.0], [4368.3, 1450.0], [4368.35, 7259.0]]}}}
{"jsonrpc": "2.0", "method": "subscription", "params": {"channel": "book.ETH-PERPETUAL.none.20.100ms", "data": {"timestamp": 1758501838370, "change_id": 87400393936, "instrument_name": "ETH-PERPETUAL", "bids": [[4366.5, 46150.0], [4366.3, 65871.0], [4366.2, 231014.0], [4366.15, 48500.0], [4366.1, 50000.0], [4366.05, 2766.0], [4365.6, 13388.0], [4365.55, 19986.0], [4365.5, 17638.0], [4365.4, 41749.0], [4365.35, 113400.0], [4365.3, 764.0], [4365.2, 4424.0], [4365.15, 20386.0], [4365.0, 1815.0], [4364.95, 5959.0], [4364.8, 4891.0], [4364.7, 16142.0], [4364.15, 2813.0], [4364.05, 6380.0]], "asks": [[4366.55, 14964.0], [4366.8, 934.0], [4366.95, 23500.0], [4367.0, 25000.0], [4367.45, 82308.0], [4367.5, 50000.0], [4367.55, 20000.0], [4367.6, 181095.0], [4367.65, 13394.0], [4367.7, 9.0], [4367.8, 12617.0], [4367.85, 9142.0], [4367.9, 17631.0], [4367.95, 13615.0], [4368.0, 37171.0], [4368.05, 113400.0], [4368.1, 18001.0], [4368.2, 11937.0], [4368.3, 1450.0], [4368.35, 7259.0]]}}}
{"jsonrpc": "2.0", "method": "subscription", "params": {"channel": "book.ETH-PERPETUAL.none.20.100ms", "data": {"timestamp": 1758501838671, "change_id": 87400394494, "instrument_name": "ETH-PERPETUAL", "bids": [[4366.5, 69650.0], [4366.35, 23500.0], [4366.3, 65871.0], [4366.25, 23500.0], [4366.2, 231014.0], [4366.15, 48500.0], [4366.1, 50000.0], [4366.05, 2766.0], [4365.6, 13388.0], [4365.5, 17638.0], [4365.45, 19986.0], [4365.4, 41749.0], [4365.35, 113400.0], [4365.3, 764.0], [4365.2, 4424.0], [4365.15, 20386.0], [4365.0, 1815.0], [4364.95, 5959.0], [4364.8, 4891.0], [4364.7, 16142.0]], "asks": [[4366.55, 13964.0], [4366.6, 1000.0], [4366.8, 934.0], [4367.0, 25000.0], [4367.45, 82308.0], [4367.5, 50000.0], [4367.55, 20000.0], [4367.6, 181095.0], [4367.65, 13394.0], [4367.7, 9.0], [4367.8, 12617.0], [4367.85, 9142.0], [4367.9, 17631.0], [4367.95, 13615.0], [4368.0, 37171.0], [4368.05, 113400.0], [4368.1, 18001.0], [4368.2, 11937.0], [4368.3, 1450.0], [4368.35, 7259.0]]}}}
{"jsonrpc": "2.0", "method": "subscription", "params": {"channel": "book.ETH-PERPETUAL.none.20.100ms", "data": {"timestamp": 1758501839036, "change_id": 87400395037, "instrument_name": "ETH-PERPETUAL", "bids": [[4366.5, 71107.0], [4366.45, 25000.0], [4366.35, 23500.0], [4366.3, 65871.0], [4366.25, 23500.0], [4366.2, 231014.0], [4366.15, 23500.0], [4366.1, 50000.0], [4366.05, 2766.0], [4365.6, 13388.0], [4365.5, 17638.0], [4365.45, 19986.0], [4365.4, 41749.0], [4365.35, 113400.0], [4365.3, 764.0], [4365.2, 4424.0], [4365.15, 20386.0], [4365.0, 1815.0], [4364.95, 5959.0], [4364.8, 4891.0]], "asks": [[4366.55, 13964.0], [4367.0, 1000.0], [4367.25, 25000.0], [4367.4, 11289.0], [4367.55, 20000.0], [4367.6, 4018.0], [4367.65, 13394.0], [4367.7, 9.0], [4367.8, 26382.0], [4367.85, 9142.0], [4367.9, 17631.0], [4367.95, 13615.0], [4368.0, 87171.0], [4368.05, 113400.0], [4368.1, 18001.0], [4368.2, 11937.0], [4368.3, 1450.0], [4368.35, 7259.0], [4368.4, 3550.0], [4368.45, 11834.0]]}}}
{"jsonrpc": "2.0", "method": "subscription", "params": {"channel": "book.ETH-PERPETUAL.none.20.100ms", "data": {"timestamp": 1758501839365, "change_id": 87400395993, "instrument_name": "ETH-PERPETUAL", "bids": [[4366.55, 23867.0], [4366.5, 50014.0], [4366.4, 7050.0], [4365.7, 8612.0], [4365.6, 5956.0], [4365.3, 764.0], [4365.15, 2748.0], [4364.7, 2748.0], [4364.15, 2813.0], [4364.0, 21266.0], [4363.55, 2687.0], [4363.4, 7265.0], [4363.25, 2001.0], [4363.2, 360.0], [4363.1, 2766.0], [4362.75, 25208.0], [4362.5, 28532.0], [4362.4, 25208.0], [4362.35, 2687.0], [4362.2, 5684.0]], "asks": [[4366.6, 35829.0], [4366.85, 15900.0], [4366.95, 17766.0], [4367.0, 44566.0], [4367.35, 7500.0], [4367.45, 2766.0], [4367.5, 6000.0], [4367.55, 20000.0], [4367.7, 9.0], [4367.8, 58703.0], [4367.85, 9142.0], [4367.9, 194618.0], [4367.95, 51115.0], [4368.0, 87171.0], [4368.05, 113400.0], [4368.1, 31395.0], [4368.2, 11937.0], [4368.3, 19075.0], [4368.35, 7259.0], [4368.4, 3550.0]]}}}
{"jsonrpc": "2.0", "method": "subscription", "params": {"channel": "book.ETH-PERPETUAL.none.20.100ms", "data": {"timestamp": 1758501839686, "change_id": 87400398357, "instrument_name": "ETH-PERPETUAL", "bids": [[4365.3, 88650.0], [4364.9, 53085.0], [4364.85, 176951.0], [4364.8, 8324.0], [4364.75, 25000.0], [4364.7, 2748.0], [4364.45, 8645.0], [4364.4, 31019.0], [4364.35, 40016.0], [4364.3, 113400.0], [4364.15, 20476.0], [4364.1, 19986.0], [4364.0, 38891.0], [4363.8, 1787.0], [4363.75, 5956.0], [4363.6, 3056.0], [4363.55, 2687.0], [4363.4, 7500.0], [4363.25, 2001.0], [4363.2, 360.0]], "asks": [[4365.35, 9226.0], [4365.7, 7500.0], [4365.75, 25000.0], [4366.0, 9.0], [4366.15, 2083.0], [4366.2, 12232.0], [4366.25, 20391.0], [4366.5, 9972.0], [4366.55, 36894.0], [4366.6, 7373.0], [4366.65, 17625.0], [4366.75, 9156.0], [4366.9, 68253.0], [4366.95, 16866.0], [4367.0, 190070.0], [4367.05, 7825.0], [4367.1, 113400.0], [4367.15, 1450.0], [4367.3, 25208.0], [4367.35, 3579.0]]}}}
{"jsonrpc": "2.0", "method": "subscription", "params": {"channel": "book.ETH-PERPETUAL.none.20.100ms", "data": {"timestamp": 1758501840027, "change_id": 87400399534, "instrument_name": "ETH-PERPETUAL", "bids": [[4365.45, 42547.0], [4365.35, 41799.0], [4365.3, 60614.0], [4365.15, 25000.0], [4365.1, 3600.0], [4365.0, 12000.0], [4364.9, 53085.0], [4364.85, 176951.0], [4364.7, 2748.0], [4364.6, 18902.0], [4364.55, 19986.0], [4364.4, 31019.0], [4364.35, 40016.0], [4364.3, 120900.0], [4364.15, 20476.0], [4364.1, 5953.0], [4364.0, 38891.0], [4363.55, 2687.0], [4363.25, 2001.0], [4363.2, 360.0]], "asks": [[4365.5, 1756.0], [4365.9, 13503.0], [4365.95, 25000.0], [4366.0, 20000.0], [4366.15, 2083.0], [4366.2, 6944.0], [4366.5, 9972.0], [4366.55, 36894.0], [4366.6, 7373.0], [4366.65, 17625.0], [4366.75, 9156.0], [4366.85, 15912.0], [4366.9, 17988.0], [4366.95, 20383.0], [4367.0, 14668.0], [4367.05, 32659.0], [4367.1, 113400.0], [4367.2, 30133.0], [4367.35, 3579.0], [4367.4, 11929.0]]}}}
{"jsonrpc": "2.0", "method": "subscription", "params": {"channel": "book.ETH-PERPETUAL.none.20.100ms", "data": {"timestamp": 1758501840329, "change_id": 87400400394, "instrument_name": "ETH-PERPETUAL", "bids": [[4365.85, 11902.0], [4365.4, 25294.0], [4365.35, 23500.0], [4365.3, 60814.0], [4365.0, 12785.0], [4364.95, 17617.0], [4364.85, 25000.0], [4364.75, 4843.0], [4364.7, 16142.0], [4364.6, 9789.0], [4364.5, 17953.0], [4364.4, 25125.0], [4364.35, 60002.0], [4364.3, 113400.0], [4364.15, 10979.0], [4364.0, 21266.0], [4363.55, 2687.0], [4363.25, 2001.0], [4363.2, 360.0], [4363.1, 2766.0]], "asks": [[4365.9, 58332.0], [4365.95, 9583.0], [4366.1, 25000.0], [4366.2, 6944.0], [4366.35, 2766.0], [4366.5, 9972.0], [4366.55, 36894.0], [4366.6, 60525.0], [4366.65, 194528.0], [4366.75, 10294.0], [4366.85, 10627.0], [4366.9, 17988.0], [4366.95, 2766.0], [4367.0, 14668.0], [4367.05, 32659.0], [4367.1, 113400.0], [4367.2, 47750.0], [4367.35, 3579.0], [4367.4, 11929.0], [4367.45, 2766.0]]}}}
{"jsonrpc": "2.0", "method": "subscription", "params": {"channel": "book.ETH-PERPETUAL.none.20.100ms", "data": {"timestamp": 1758501840676, "change_id": 87400401304, "instrument_name": "ETH-PERPETUAL", "bids": [[4365.85, 27810.0], [4365.5, 7020.0], [4365.45, 23400.0], [4365.4, 75002.0], [4365.35, 23500.0], [4365.3, 50764.0], [4365.25, 25000.0], [4365.2, 184362.0], [4365.0, 8224.0], [4364.95, 29617.0], [4364.75, 12483.0], [4364.7, 23642.0], [4364.65, 19986.0], [4364.6, 7073.0], [4364.5, 5953.0], [4364.4, 17625.0], [4364.35, 40016.0], [4364.3, 113400.0], [4364.15, 10979.0], [4364.0, 21266.0]], "asks": [[4365.9, 49014.0], [4365.95, 9583.0], [4366.1, 25000.0], [4366.2, 6944.0], [4366.5, 9972.0], [4366.55, 36894.0], [4366.6, 60525.0], [4366.65, 194528.0], [4366.75, 10294.0], [4366.85, 10627.0], [4366.9, 17988.0], [4366.95, 2766.0], [4367.0, 13379.0], [4367.05, 32659.0], [4367.1, 113400.0], [4367.2, 47750.0], [4367.35, 3579.0], [4367.4, 11929.0], [4367.45, 2766.0], [4367.65, 9198.0]]}}}
{"jsonrpc": "2.0", "method": "subscription", "params": {"channel": "book.ETH-PERPETUAL.none.20.100ms", "data": {"timestamp": 1758501841000, "change_id": 87400401883, "instrument_name": "ETH-PERPETUAL", "bids": [[4365.85, 27810.0], [4365.5, 7020.0], [4365.45, 23400.0], [4365.4, 75002.0], [4365.35, 23500.0], [4365.3, 62764.0], [4365.2, 184362.0], [4365.15, 25000.0], [4365.0, 12785.0], [4364.95, 17617.0], [4364.75, 4843.0], [4364.7, 16142.0], [4364.6, 12185.0], [4364.55, 19986.0], [4364.5, 5953.0], [4364.4, 17625.0], [4364.35, 40016.0], [4364.3, 113400.0], [4364.15, 10979.0], [4364.0, 21266.0]], "asks": [[4365.9, 30303.0], [4366.1, 9583.0], [4366.15, 25000.0], [4366.2, 6944.0], [4366.35, 9.0], [4366.5, 9972.0], [4366.55, 36894.0], [4366.6, 60525.0], [4366.65, 194528.0], [4366.75, 10294.0], [4366.85, 10627.0], [4366.9, 17988.0], [4366.95, 2766.0], [4367.0, 13379.0], [4367.05, 32659.0], [4367.1, 113400.0], [4367.2, 47750.0], [4367.35, 3579.0], [4367.4, 11929.0], [4367.45, 2766.0]]}}}
{"jsonrpc": "2.0", "method": "subscription", "params": {"channel": "book.ETH-PERPETUAL.none.20.100ms", "data": {"timestamp": 1758501841319, "change_id": 87400402418, "instrument_name": "ETH-PERPETUAL", "bids": [[4365.85, 27810.0], [4365.5, 7020.0], [4365.45, 23400.0], [4365.4, 75002.0], [4365.35, 23500.0], [4365.3, 62764.0], [4365.2, 184362.0], [4365.1, 25000.0], [4365.0, 12785.0], [4364.95, 17617.0], [4364.75, 10233.0], [4364.7, 16142.0], [4364.6, 27059.0], [4364.5, 5953.0], [4364.4, 17625.0], [4364.35, 40016.0], [4364.3, 113400.0], [4364.15, 10979.0], [4364.0, 21266.0], [4363.85, 90.0]], "asks": [[4365.9, 50303.0], [4366.1, 9583.0], [4366.15, 25000.0], [4366.2, 6944.0], [4366.35, 9.0], [4366.5, 9972.0], [4366.55, 36894.0], [4366.6, 60525.0], [4366.65, 194528.0], [4366.75, 10294.0], [4366.85, 10627.0], [4366.9, 17988.0], [4366.95, 2766.0], [4367.0, 63379.0], [4367.05, 32659.0], [4367.1, 113400.0], [4367.2, 47750.0], [4367.35, 3579.0], [4367.4, 11929.0], [4367.45, 2766.0]]}}}
{"jsonrpc": "2.0", "method": "subscription", "params": {"channel": "book.ETH-PERPETUAL.none.20.100ms", "data": {"timestamp": 1758501841678, "change_id": 87400403354, "instrument_name": "ETH-PERPETUAL", "bids": [[4365.4, 39583.0], [4365.35, 38729.0], [4365.3, 50764.0], [4365.1, 7020.0], [4365.05, 23400.0], [4365.0, 12124.0], [4364.95, 17617.0], [4364.85, 25000.0], [4364.8, 10877.0], [4364.7, 26142.0], [4364.6, 9573.0], [4364.5, 5953.0], [4364.4, 17625.0], [4364.35, 40016.0], [4364.3, 113400.0], [4364.2, 19986.0], [4364.15, 10979.0], [4364.1, 4491.0], [4364.0, 21266.0], [4363.55, 2687.0]], "asks": [[4365.45, 52776.0], [4365.7, 25000.0], [4365.8, 15750.0], [4365.85, 38400.0], [4365.9, 6699.0], [4365.95, 7400.0], [4366.0, 2083.0], [4366.2, 6944.0], [4366.3, 6114.0], [4366.35, 20381.0], [4366.5, 9972.0], [4366.55, 36894.0], [4366.6, 60525.0], [4366.65, 194528.0], [4366.75, 10294.0], [4366.85, 10627.0], [4366.9, 17988.0], [4366.95, 2766.0], [4367.0, 63379.0], [4367.05, 32659.0]]}}}
{"jsonrpc": "2.0", "method": "subscription", "params": {"channel": "book.ETH-PERPETUAL.none.20.100ms", "data": {"timestamp": 1758501842010, "change_id": 87400405214, "instrument_name": "ETH-PERPETUAL", "bids": [[4364.35, 50000.0], [4364.3, 113400.0], [4364.05, 6380.0], [4364.0, 21266.0], [4363.6, 10000.0], [4363.55, 2777.0], [4363.5, 5285.0], [4363.45, 17615.0], [4363.25, 2001.0], [4363.2, 11984.0], [4363.15, 19986.0], [4363.1, 9836.0], [4363.05, 17615.0], [4363.0, 5952.0], [4362.45, 200.0], [4362.35, 2687.0], [4362.2, 69018.0], [4362.0, 226850.0], [4361.9, 2809.0], [4361.55, 6171.0]], "asks": [[4364.4, 52356.0], [4365.05, 577.0], [4365.2, 1000.0], [4365.25, 13167.0], [4365.3, 20381.0], [4365.35, 9.0], [4365.4, 22500.0], [4365.45, 15000.0], [4365.5, 50000.0], [4365.65, 8223.0], [4365.7, 17615.0], [4365.75, 17981.0], [4365.8, 59881.0], [4365.85, 26166.0], [4365.9, 1289.0], [4365.95, 176730.0], [4366.0, 2083.0], [4366.05, 11922.0], [4366.15, 113400.0], [4366.2, 6944.0]]}}}
{"jsonrpc": "2.0", "method": "subscription", "params": {"channel": "book.ETH-PERPETUAL.none.20.100ms", "data": {"timestamp": 1758501842340, "change_id": 87400406204, "instrument_name": "ETH-PERPETUAL", "bids": [[4364.3, 113400.0], [4364.0, 15050.0], [4363.95, 50000.0], [4363.65, 10125.0], [4363.6, 35000.0], [4363.55, 2687.0], [4363.5, 5285.0], [4363.45, 17615.0], [4363.3, 2500.0], [4363.2, 8260.0], [4363.1, 2766.0], [4363.05, 17615.0], [4363.0, 5952.0], [4362.95, 4018.0], [4362.9, 13394.0], [4362.45, 6196.0], [4362.4, 21392.0], [4362.35, 4687.0], [4362.2, 69018.0], [4362.0, 226850.0]], "asks": [[4364.35, 76027.0], [4364.4, 23500.0], [4364.6, 25000.0], [4364.85, 13394.0], [4365.0, 50009.0], [4365.2, 17364.0], [4365.25, 37500.0], [4365.3, 20381.0], [4365.65, 12398.0], [4365.7, 26771.0], [4365.75, 17981.0], [4365.8, 59881.0], [4365.85, 2766.0], [4365.9, 19064.0], [4365.95, 176730.0], [4366.0, 2083.0], [4366.05, 11922.0], [4366.15, 113400.0], [4366.2, 6944.0], [4366.35, 2766.0]]}}}
{"jsonrpc": "2.0", "method": "subscription", "params": {"channel": "book.ETH-PERPETUAL.none.20.100ms", "data": {"timestamp": 1758501842666, "change_id": 87400408342, "instrument_name": "ETH-PERPETUAL", "bids": [[4364.0, 50.0], [4363.65, 50000.0], [4363.2, 360.0], [4362.75, 17268.0], [4362.7, 57560.0], [4362.6, 5341.0], [4362.55, 17603.0], [4362.5, 5945.0], [4362.45, 200.0], [4362.35, 2687.0], [4362.3, 34020.0], [4362.25, 133386.0], [4362.2, 3015.0], [4362.15, 10000.0], [4362.0, 50.0], [4361.9, 16203.0], [4361.55, 1444.0], [4361.5, 2000.0], [4361.45, 2813.0], [4361.0, 2813.0]], "asks": [[4364.05, 93600.0], [4364.4, 9159.0], [4364.55, 176659.0], [4364.8, 2766.0], [4364.85, 13394.0], [4364.95, 17615.0], [4365.0, 50000.0], [4365.05, 113400.0], [4365.2, 17364.0], [4365.25, 37500.0], [4365.3, 20381.0], [4365.5, 1449.0], [4365.55, 5171.0], [4365.6, 27246.0], [4365.65, 17775.0], [4365.7, 11938.0], [4365.8, 1138.0], [4365.85, 2766.0], [4366.0, 5399.0], [4366.05, 11922.0]]}}}
{"jsonrpc": "2.0", "method": "subscription", "params": {"channel": "book.ETH-PERPETUAL.none.20.100ms", "data": {"timestamp": 1758501842999, "change_id": 87400410006, "instrument_name": "ETH-PERPETUAL", "bids": [[4363.2, 28113.0], [4363.1, 15000.0], [4363.05, 50000.0], [4362.75, 17268.0], [4362.7, 57560.0], [4362.35, 2687.0], [4362.3, 34020.0], [4362.25, 113400.0], [4362.2, 15708.0], [4362.15, 10000.0], [4362.1, 17603.0], [4362.05, 19986.0], [4362.0, 6889.0], [4361.9, 20412.0], [4361.85, 6035.0], [4361.75, 4018.0], [4361.7, 13394.0], [4361.55, 1444.0], [4361.5, 2000.0], [4361.45, 2813.0]], "asks": [[4363.25, 46768.0], [4363.3, 61000.0], [4363.95, 7020.0], [4364.0, 36511.0], [4364.05, 26099.0], [4364.15, 17603.0], [4364.3, 10154.0], [4364.35, 24688.0], [4364.4, 9159.0], [4364.5, 45355.0], [4364.55, 195711.0], [4364.6, 11950.0], [4364.65, 1171.0], [4364.7, 1138.0], [4364.8, 2766.0], [4364.9, 11938.0], [4364.95, 7500.0], [4365.0, 50000.0], [4365.05, 113400.0], [4365.1, 25208.0]]}}}
{"jsonrpc": "2.0", "method": "subscription", "params": {"channel": "book.ETH-PERPETUAL.none.20.100ms", "data": {"timestamp": 1758501843328, "change_id": 87400410887, "instrument_name": "ETH-PERPETUAL", "bids": [[4363.2, 12213.0], [4363.1, 15000.0], [4363.05, 50000.0], [4362.75, 17268.0], [4362.7, 57560.0], [4362.65, 25000.0], [4362.55, 3000.0], [4362.5, 12500.0], [4362.35, 2687.0], [4362.3, 34020.0], [4362.25, 113400.0], [4362.2, 8652.0], [4362.1, 30997.0], [4362.0, 13125.0], [4361.95, 19986.0], [4361.9, 20412.0], [4361.85, 6035.0], [4361.55, 1444.0], [4361.5, 2000.0], [4361.45, 2813.0]], "asks": [[4363.25, 70728.0], [4363.3, 61000.0], [4363.55, 7500.0], [4363.6, 25000.0], [4363.85, 7020.0], [4364.0, 36511.0], [4364.05, 27294.0], [4364.15, 20369.0], [4364.3, 10154.0], [4364.35, 23400.0], [4364.4, 9159.0], [4364.5, 45355.0], [4364.55, 195711.0], [4364.6, 11950.0], [4364.65, 1171.0], [4364.7, 1138.0], [4364.8, 3156.0], [4364.9, 11938.0], [4364.95, 7500.0], [4365.0, 50000.0]]}}}
{"jsonrpc": "2.0", "method": "subscription", "params": {"channel": "book.ETH-PERPETUAL.none.20.100ms", "data": {"timestamp": 1758501843655, "change_id": 87400411913, "instrument_name": "ETH-PERPETUAL", "bids": [[4363.2, 64231.0], [4363.1, 15000.0], [4363.05, 50000.0], [4362.95, 7500.0], [4362.9, 25000.0], [4362.75, 17268.0], [4362.7, 57560.0], [4362.55, 90.0], [4362.35, 2687.0], [4362.3, 34020.0], [4362.25, 113400.0], [4362.2, 14146.0], [4362.15, 19986.0], [4362.1, 30997.0], [4362.0, 6889.0], [4361.9, 20412.0], [4361.85, 5945.0], [4361.5, 2000.0], [4361.35, 995.0], [4361.0, 2813.0]], "asks": [[4363.25, 15395.0], [4363.3, 61000.0], [4363.8, 7500.0], [4363.85, 25000.0], [4364.0, 19330.0], [4364.05, 46006.0], [4364.15, 17603.0], [4364.3, 10154.0], [4364.35, 23400.0], [4364.4, 9159.0], [4364.5, 45355.0], [4364.55, 194262.0], [4364.6, 11950.0], [4364.65, 1171.0], [4364.7, 1138.0], [4364.8, 3156.0], [4364.9, 11938.0], [4364.95, 13349.0], [4365.0, 50000.0], [4365.05, 113400.0]]}}}
{"jsonrpc": "2.0", "method": "subscription", "params": {"channel": "book.ETH-PERPETUAL.none.20.100ms", "data": {"timestamp": 1758501843990, "change_id": 87400412551, "instrument_name": "ETH-PERPETUAL", "bids": [[4363.2, 61611.0], [4363.1, 15000.0], [4363.05, 50000.0], [4362.95, 7500.0], [4362.9, 25000.0], [4362.85, 2500.0], [4362.75, 17268.0], [4362.7, 57560.0], [4362.55, 90.0], [4362.35, 2687.0], [4362.3, 54006.0], [4362.25, 113400.0], [4362.2, 9314.0], [4362.1, 30997.0], [4362.0, 6889.0], [4361.9, 20412.0], [4361.85, 5945.0], [4361.5, 2000.0], [4361.0, 2813.0], [4360.6, 23871.0]], "asks": [[4363.25, 15395.0], [4363.3, 61000.0], [4363.7, 20000.0], [4363.8, 7500.0], [4363.85, 25000.0], [4364.0, 13111.0], [4364.05, 26024.0], [4364.15, 20324.0], [4364.3, 61463.0], [4364.35, 199950.0], [4364.4, 9159.0], [4364.5, 8866.0], [4364.55, 17603.0], [4364.6, 11950.0], [4364.65, 1171.0], [4364.7, 1138.0], [4364.8, 3156.0], [4364.9, 11938.0], [4364.95, 13349.0], [4365.0, 84020.0]]}}}
{"jsonrpc": "2.0", "method": "subscription", "params": {"channel": "book.ETH-PERPETUAL.none.20.100ms", "data": {"timestamp": 1758501844310, "change_id": 87400412942, "instrument_name": "ETH-PERPETUAL", "bids": [[4363.2, 61611.0], [4363.1, 15000.0], [4363.05, 50000.0], [4362.85, 2500.0], [4362.75, 42268.0], [4362.7, 57560.0], [4362.55, 90.0], [4362.35, 2687.0], [4362.3, 34020.0], [4362.25, 133386.0], [4362.2, 9314.0], [4362.1, 30997.0], [4362.0, 6889.0], [4361.9, 20412.0], [4361.85, 5945.0], [4361.5, 2000.0], [4361.0, 2813.0], [4360.6, 23871.0], [4360.55, 21230.0], [4360.45, 17756.0]], "asks": [[4363.25, 19508.0], [4363.3, 61000.0], [4363.35, 1000.0], [4363.65, 7500.0], [4363.7, 25000.0], [4364.0, 13111.0], [4364.05, 26024.0], [4364.15, 20324.0], [4364.3, 61463.0], [4364.35, 199950.0], [4364.4, 9159.0], [4364.5, 8866.0], [4364.55, 17603.0], [4364.6, 11950.0], [4364.65, 1171.0], [4364.7, 1138.0], [4364.8, 3156.0], [4364.9, 11938.0], [4364.95, 13349.0], [4365.0, 84020.0]]}}}
{"jsonrpc": "2.0", "method": "subscription", "params": {"channel": "book.ETH-PERPETUAL.none.20.100ms", "data": {"timestamp": 1758501844632, "change_id": 87400413792, "instrument_name": "ETH-PERPETUAL", "bids": [[4363.2, 66922.0], [4363.15, 52920.0], [4363.1, 48400.0], [4363.05, 50000.0], [4362.75, 17268.0], [4362.7, 57560.0], [4362.45, 5996.0], [4362.4, 19986.0], [4362.35, 2687.0], [4362.3, 34020.0], [4362.25, 113400.0], [4362.2, 9314.0], [4362.1, 30997.0], [4362.0, 6889.0], [4361.9, 20412.0], [4361.85, 5945.0], [4361.5, 2000.0], [4361.0, 2813.0], [4360.6, 11485.0], [4360.55, 21230.0]], "asks": [[4363.25, 283.0], [4363.3, 60000.0], [4363.85, 7000.0], [4363.9, 20000.0], [4364.0, 18949.0], [4364.05, 26006.0], [4364.1, 25000.0], [4364.15, 17603.0], [4364.35, 18.0], [4364.5, 58191.0], [4364.55, 194084.0], [4364.6, 11950.0], [4364.65, 1171.0], [4364.7, 1138.0], [4364.8, 3156.0], [4364.85, 3581.0], [4364.9, 11938.0], [4365.0, 34020.0], [4365.05, 113400.0], [4365.2, 17364.0]]}}}
{"jsonrpc": "2.0", "method": "subscription", "params": {"channel": "book.ETH-PERPETUAL.none.20.100ms", "data": {"timestamp": 1758501844971, "change_id": 87400415014, "instrument_name": "ETH-PERPETUAL", "bids": [[4363.25, 321563.0], [4363.2, 137418.0], [4363.15, 45420.0], [4363.1, 23400.0], [4363.05, 50000.0], [4362.95, 14856.0], [4362.9, 43386.0], [4362.8, 26121.0], [4362.4, 6084.0], [4362.35, 20279.0], [4362.2, 5296.0], [4362.1, 17603.0], [4362.0, 2676.0], [4361.9, 2809.0], [4361.85, 5945.0], [4361.5, 2000.0], [4361.1, 6171.0], [4361.05, 18639.0], [4361.0, 2813.0], [4360.6, 7196.0]], "asks": [[4363.3, 53370.0], [4364.0, 13450.0], [4364.25, 1000.0], [4364.55, 25000.0], [4364.6, 37592.0], [4364.8, 7571.0], [4364.85, 17996.0], [4364.9, 11938.0], [4365.0, 76091.0], [4365.05, 113400.0], [4365.1, 13394.0], [4365.2, 176449.0], [4365.25, 4846.0], [4365.3, 14704.0], [4365.6, 3621.0], [4365.7, 11938.0], [4365.85, 13389.0], [4365.95, 15000.0], [4366.0, 67267.0], [4366.05, 11922.0]]}}}
{"jsonrpc": "2.0", "method": "subscription", "params": {"channel": "book.ETH-PERPETUAL.none.20.100ms", "data": {"timestamp": 1758501845314, "change_id": 87400416144, "instrument_name": "ETH-PERPETUAL", "bids": [[4363.95, 27752.0], [4363.9, 15000.0], [4363.85, 50000.0], [4363.7, 7500.0], [4363.65, 25000.0], [4363.3, 123151.0], [4363.25, 231815.0], [4363.2, 156736.0], [4363.15, 23400.0], [4363.1, 23400.0], [4363.05, 17592.0], [4362.95, 14856.0], [4362.9, 23400.0], [4362.8, 35397.0], [4362.75, 19986.0], [4362.65, 10934.0], [4362.35, 2687.0], [4362.25, 9030.0], [4362.2, 30099.0], [4362.0, 50.0]], "asks": [[4364.0, 55380.0], [4364.1, 1000.0], [4364.35, 60000.0], [4364.55, 11278.0], [4364.6, 37592.0], [4364.8, 13750.0], [4364.85, 17996.0], [4364.9, 29530.0], [4365.0, 76091.0], [4365.05, 113400.0], [4365.1, 13394.0], [4365.2, 176449.0], [4365.25, 6246.0], [4365.3, 32296.0], [4365.5, 1358.0], [4365.6, 3621.0], [4365.7, 11938.0], [4365.85, 13389.0], [4365.95, 32775.0], [4366.0, 56950.0]]}}}
{"jsonrpc": "2.0", "method": "subscription", "params": {"channel": "book.ETH-PERPETUAL.none.20.100ms", "data": {"timestamp": 1758501845638, "change_id": 87400417167, "instrument_name": "ETH-PERPETUAL", "bids": [[4363.95, 37929.0], [4363.9, 15000.0], [4363.85, 50000.0], [4363.75, 52919.0], [4363.7, 176397.0], [4363.5, 10221.0], [4363.45, 25000.0], [4363.3, 57686.0], [4363.25, 35396.0], [4363.2, 156478.0], [4363.15, 23490.0], [4363.1, 33400.0], [4363.05, 17592.0], [4363.0, 12500.0], [4362.9, 4835.0], [4362.85, 13394.0], [4362.8, 11997.0], [4362.7, 19986.0], [4362.65, 10934.0], [4362.35, 2687.0]], "asks": [[4364.0, 76420.0], [4364.1, 1000.0], [4364.2, 18000.0], [4364.25, 25500.0], [4364.3, 25000.0], [4364.35, 60000.0], [4364.4, 18.0], [4364.55, 5278.0], [4364.6, 17592.0], [4364.8, 27978.0], [4364.85, 17978.0], [4364.9, 29530.0], [4365.0, 126091.0], [4365.05, 113400.0], [4365.1, 13394.0], [4365.15, 37500.0], [4365.2, 176449.0], [4365.25, 6246.0], [4365.3, 32296.0], [4365.5, 1358.0]]}}}
{"jsonrpc": "2.0", "method": "subscription", "params": {"channel": "book.ETH-PERPETUAL.none.20.100ms", "data": {"timestamp": 1758501845987, "change_id": 87400418126, "instrument_name": "ETH-PERPETUAL", "bids": [[4363.95, 85527.0], [4363.9, 15000.0], [4363.85, 50000.0], [4363.75, 52919.0], [4363.7, 176397.0], [4363.6, 90.0], [4363.5, 2721.0], [4363.3, 57686.0], [4363.25, 55300.0], [4363.2, 156478.0], [4363.15, 23400.0], [4363.1, 23400.0], [4363.05, 17592.0], [4362.9, 4835.0], [4362.85, 13394.0], [4362.8, 2721.0], [4362.7, 3280.0], [4362.65, 10934.0], [4362.35, 2687.0], [4362.0, 50.0]], "asks": [[4364.0, 13450.0], [4364.35, 60000.0], [4364.5, 1400.0], [4364.8, 27978.0], [4364.95, 20000.0], [4365.0, 109020.0], [4365.05, 113400.0], [4365.1, 13412.0], [4365.25, 185430.0], [4365.3, 29530.0], [4365.35, 5977.0], [4365.5, 1358.0], [4365.6, 3581.0], [4365.65, 1065.0], [4365.7, 11938.0], [4365.85, 13389.0], [4366.0, 6950.0], [4366.05, 11922.0], [4366.2, 6944.0], [4366.25, 40.0]]}}}
{"jsonrpc": "2.0", "method": "subscription", "params": {"channel": "book.ETH-PERPETUAL.none.20.100ms", "data": {"timestamp": 1758501846316, "change_id": 87400419567, "instrument_name": "ETH-PERPETUAL", "bids": [[4364.3, 332497.0], [4364.2, 48060.0], [4364.15, 113400.0], [4364.1, 23400.0], [4364.0, 54507.0], [4363.95, 40388.0], [4363.9, 43386.0], [4363.8, 23400.0], [4363.5, 2721.0], [4363.45, 5278.0], [4363.4, 17592.0], [4363.3, 3682.0], [4363.25, 11914.0], [4363.2, 360.0], [4363.05, 17592.0], [4362.9, 4835.0], [4362.85, 13394.0], [4362.8, 2721.0], [4362.35, 2687.0], [4362.0, 50.0]], "asks": [[4364.35, 60000.0], [4364.8, 390.0], [4365.2, 1000.0], [4365.45, 7500.0], [4365.5, 25000.0], [4365.65, 6000.0], [4365.7, 20000.0], [4365.8, 5390.0], [4365.85, 18.0], [4365.9, 17968.0], [4366.0, 6950.0], [4366.05, 25316.0], [4366.2, 6944.0], [4366.25, 40.0], [4366.35, 36786.0], [4366.4, 113400.0], [4366.45, 11922.0], [4366.5, 14766.0], [4366.6, 37500.0], [4366.95, 6345.0]]}}}
{"jsonrpc": "2.0", "method": "subscription", "params": {"channel": "book.ETH-PERPETUAL.none.20.100ms", "data": {"timestamp": 1758501846648, "change_id": 87400421065, "instrument_name": "ETH-PERPETUAL", "bids": [[4364.75, 28133.0], [4364.7, 50000.0], [4364.5, 7500.0], [4364.45, 25000.0], [4364.35, 70272.0], [4364.3, 187944.0], [4364.2, 58060.0], [4364.15, 113400.0], [4364.05, 13394.0], [4364.0, 36189.0], [4363.95, 25635.0], [4363.85, 17592.0], [4363.6, 12090.0], [4363.55, 19986.0], [4363.5, 2721.0], [4363.4, 17592.0], [4363.3, 3682.0], [4363.25, 11872.0], [4363.2, 360.0], [4363.05, 9031.0]], "asks": [[4364.8, 390.0], [4365.3, 25000.0], [4365.65, 6000.0], [4365.7, 22721.0], [4365.85, 18.0], [4366.0, 10510.0], [4366.05, 13394.0], [4366.1, 17592.0], [4366.2, 8345.0], [4366.25, 40.0], [4366.3, 176296.0], [4366.35, 92254.0], [4366.4, 123446.0], [4366.45, 11922.0], [4366.5, 17592.0], [4366.55, 7387.0], [4366.6, 3578.0], [4366.65, 11925.0], [4366.95, 6345.0], [4367.0, 20448.0]]}}}
{"jsonrpc": "2.0", "method": "subscription", "params": {"channel": "book.ETH-PERPETUAL.none.20.100ms", "data": {"timestamp": 1758501846978, "change_id": 87400422882, "instrument_name": "ETH-PERPETUAL", "bids": [[4363.25, 78056.0], [4363.2, 360.0], [4363.0, 32308.0], [4362.95, 107694.0], [4362.55, 36645.0], [4362.5, 122060.0], [4362.45, 90.0], [4362.4, 11998.0], [4362.35, 17587.0], [4362.2, 25894.0], [4362.05, 120.0], [4362.0, 11400.0], [4361.95, 37573.0], [4361.9, 2809.0], [4361.75, 772.0], [4361.55, 1416.0], [4361.5, 2000.0], [4361.45, 2721.0], [4361.1, 1109.0], [4361.0, 2813.0]], "asks": [[4363.3, 44168.0], [4364.2, 20308.0], [4364.35, 13434.0], [4364.4, 6000.0], [4364.45, 20000.0], [4364.6, 70166.0], [4364.7, 201058.0], [4364.75, 23418.0], [4364.8, 38195.0], [4364.85, 17967.0], [4364.95, 49425.0], [4365.05, 7500.0], [4365.25, 2721.0], [4365.35, 27010.0], [4365.4, 119168.0], [4365.55, 11925.0], [4365.6, 17775.0], [4365.65, 5342.0], [4365.7, 2721.0], [4365.75, 11925.0]]}}}
{"jsonrpc": "2.0", "method": "subscription", "params": {"channel": "book.ETH-PERPETUAL.none.20.100ms", "data": {"timestamp": 1758501847306, "change_id": 87400424003, "instrument_name": "ETH-PERPETUAL", "bids": [[4363.25, 78056.0], [4363.2, 360.0], [4363.0, 32308.0], [4362.95, 107694.0], [4362.8, 7500.0], [4362.75, 25000.0], [4362.55, 46645.0], [4362.5, 134560.0], [4362.45, 90.0], [4362.4, 11998.0], [4362.35, 17587.0], [4362.2, 13394.0], [4362.05, 120.0], [4362.0, 11400.0], [4361.95, 37573.0], [4361.9, 2809.0], [4361.55, 1416.0], [4361.5, 2000.0], [4361.45, 2721.0], [4361.1, 1109.0]], "asks": [[4363.3, 45208.0], [4363.55, 25000.0], [4363.85, 18.0], [4363.95, 1400.0], [4364.0, 20000.0], [4364.2, 20308.0], [4364.35, 13394.0], [4364.6, 70166.0], [4364.65, 10623.0], [4364.7, 199658.0], [4364.75, 23400.0], [4364.8, 38195.0], [4364.85, 17967.0], [4364.95, 49425.0], [4365.25, 2721.0], [4365.35, 44785.0], [4365.4, 116695.0], [4365.55, 11925.0], [4365.6, 1065.0], [4365.65, 5342.0]]}}}
{"jsonrpc": "2.0", "method": "subscription", "params": {"channel": "book.ETH-PERPETUAL.none.20.100ms", "data": {"timestamp": 1758501847616, "change_id": 87400425054, "instrument_name": "ETH-PERPETUAL", "bids": [[4363.25, 90654.0], [4363.2, 360.0], [4363.15, 7500.0], [4363.1, 25000.0], [4363.0, 32308.0], [4362.95, 107694.0], [4362.55, 46645.0], [4362.5, 122060.0], [4362.45, 20076.0], [4362.4, 11998.0], [4362.35, 17587.0], [4362.2, 13394.0], [4362.05, 120.0], [4362.0, 6169.0], [4361.95, 17587.0], [4361.9, 2809.0], [4361.55, 1416.0], [4361.5, 2000.0], [4361.45, 2721.0], [4361.1, 1109.0]], "asks": [[4363.3, 44168.0], [4363.55, 1000.0], [4363.95, 1400.0], [4364.0, 45000.0], [4364.2, 20308.0], [4364.35, 13394.0], [4364.45, 18.0], [4364.6, 16958.0], [4364.65, 10623.0], [4364.7, 23400.0], [4364.8, 50667.0], [4364.85, 17967.0], [4364.95, 49425.0], [4365.0, 50000.0], [4365.25, 2721.0], [4365.35, 27010.0], [4365.4, 116695.0], [4365.55, 11925.0], [4365.6, 1105.0], [4365.65, 5342.0]]}}}
{"jsonrpc": "2.0", "method": "subscription", "params": {"channel": "book.ETH-PERPETUAL.none.20.100ms", "data": {"timestamp": 1758501847970, "change_id": 87400425729, "instrument_name": "ETH-PERPETUAL", "bids": [[4363.25, 100864.0], [4363.2, 25360.0], [4363.0, 32308.0], [4362.95, 107694.0], [4362.55, 56631.0], [4362.5, 122060.0], [4362.4, 11998.0], [4362.35, 17587.0], [4362.2, 13394.0], [4362.0, 6169.0], [4361.95, 17587.0], [4361.9, 2809.0], [4361.55, 1416.0], [4361.5, 2000.0], [4361.45, 2721.0], [4361.1, 1109.0], [4361.0, 2813.0], [4360.6, 74336.0], [4360.55, 21230.0], [4360.5, 56354.0]], "asks": [[4363.3, 1400.0], [4363.65, 1000.0], [4363.95, 6000.0], [4364.0, 26092.0], [4364.2, 42587.0], [4364.45, 18.0], [4364.5, 4018.0], [4364.55, 13394.0], [4364.6, 15600.0], [4364.65, 13344.0], [4364.7, 23400.0], [4364.8, 50667.0], [4364.85, 19032.0], [4364.95, 49425.0], [4365.0, 50000.0], [4365.15, 3575.0], [4365.2, 11918.0], [4365.25, 2721.0], [4365.35, 28368.0], [4365.4, 116695.0]]}}}
{"jsonrpc": "2.0", "method": "subscription", "params": {"channel": "book.ETH-PERPETUAL.none.20.100ms", "data": {"timestamp": 1758501848281, "change_id": 87400426459, "instrument_name": "ETH-PERPETUAL", "bids": [[4363.6, 50873.0], [4363.3, 22641.0], [4363.25, 50110.0], [4363.2, 25360.0], [4363.15, 2721.0], [4363.0, 32308.0], [4362.95, 107694.0], [4362.8, 11267.0], [4362.7, 17572.0], [4362.6, 19986.0], [4362.55, 36645.0], [4362.5, 122060.0], [4362.4, 11998.0], [4362.35, 17587.0], [4362.2, 13394.0], [4362.0, 50.0], [4361.9, 2809.0], [4361.55, 1416.0], [4361.5, 2000.0], [4361.45, 2721.0]], "asks": [[4363.65, 1000.0], [4364.0, 25000.0], [4364.2, 17587.0], [4364.3, 6000.0], [4364.35, 20000.0], [4364.45, 18.0], [4364.5, 5272.0], [4364.55, 17572.0], [4364.6, 62862.0], [4364.65, 2721.0], [4364.7, 212928.0], [4364.8, 33080.0], [4364.85, 19032.0], [4364.95, 49425.0], [4365.0, 58400.0], [4365.1, 17572.0], [4365.2, 11918.0], [4365.25, 2721.0], [4365.35, 28368.0], [4365.4, 116695.0]]}}}
{"jsonrpc": "2.0", "method": "subscription", "params": {"channel": "book.ETH-PERPETUAL.none.20.100ms", "data": {"timestamp": 1758501848632, "change_id": 87400427849, "instrument_name": "ETH-PERPETUAL", "bids": [[4364.25, 11852.0], [4363.95, 120.0], [4363.7, 98.0], [4363.5, 52833.0], [4363.45, 176110.0], [4363.4, 12207.0], [4363.35, 17572.0], [4363.3, 25000.0], [4363.2, 12860.0], [4363.15, 2721.0], [4363.0, 2547.0], [4362.95, 10990.0], [4362.8, 7776.0], [4362.75, 19986.0], [4362.7, 5934.0], [4362.55, 40653.0], [4362.5, 129571.0], [4362.4, 4018.0], [4362.2, 13394.0], [4362.0, 50.0]], "asks": [[4364.3, 36940.0], [4364.35, 25000.0], [4364.75, 2721.0], [4364.8, 408.0], [4364.95, 52831.0], [4365.0, 187917.0], [4365.1, 30966.0], [4365.2, 11918.0], [4365.25, 2721.0], [4365.35, 27010.0], [4365.4, 121837.0], [4365.55, 11925.0], [4365.6, 17572.0], [4365.7, 9485.0], [4365.75, 11925.0], [4365.8, 10623.0], [4365.85, 37236.0], [4366.0, 60245.0], [4366.05, 11925.0], [4366.15, 17775.0]]}}}
{"jsonrpc": "2.0", "method": "subscription", "params": {"channel": "book.ETH-PERPETUAL.none.20.100ms", "data": {"timestamp": 1758501848959, "change_id": 87400428377, "instrument_name": "ETH-PERPETUAL", "bids": [[4363.95, 11999.0], [4363.65, 50000.0], [4363.5, 52833.0], [4363.45, 176110.0], [4363.2, 11199.0], [4363.05, 35000.0], [4363.0, 6756.0], [4362.95, 11080.0], [4362.85, 12500.0], [4362.8, 6826.0], [4362.7, 5934.0], [4362.65, 17560.0], [4362.55, 60639.0], [4362.5, 129571.0], [4362.4, 4018.0], [4362.2, 13394.0], [4362.0, 50.0], [4361.95, 120.0], [4361.9, 2809.0], [4361.55, 1416.0]], "asks": [[4364.0, 103107.0], [4364.1, 4770.0], [4364.15, 23400.0], [4364.2, 8328.0], [4364.25, 25000.0], [4364.3, 2721.0], [4364.75, 2721.0], [4364.8, 390.0], [4364.95, 90331.0], [4365.0, 237917.0], [4365.1, 30966.0], [4365.2, 11918.0], [4365.25, 2721.0], [4365.3, 17560.0], [4365.35, 44958.0], [4365.4, 116695.0], [4365.55, 11925.0], [4365.6, 1065.0], [4365.7, 27260.0], [4365.75, 11925.0]]}}}
{"jsonrpc": "2.0", "method": "subscription", "params": {"channel": "book.ETH-PERPETUAL.none.20.100ms", "data": {"timestamp": 1758501849285, "change_id": 87400429105, "instrument_name": "ETH-PERPETUAL", "bids": [[4363.95, 146.0], [4363.65, 50000.0], [4363.35, 52923.0], [4363.3, 176051.0], [4363.2, 10383.0], [4363.05, 35000.0], [4363.0, 7074.0], [4362.95, 11080.0], [4362.85, 12500.0], [4362.8, 6826.0], [4362.7, 5934.0], [4362.65, 17560.0], [4362.55, 40653.0], [4362.5, 129571.0], [4362.45, 19986.0], [4362.4, 4018.0], [4362.2, 13394.0], [4362.0, 50.0], [4361.95, 120.0], [4361.9, 2809.0]], "asks": [[4364.0, 103107.0], [4364.1, 4770.0], [4364.15, 23400.0], [4364.2, 8328.0], [4364.25, 25000.0], [4364.3, 4121.0], [4364.45, 15000.0], [4364.5, 50000.0], [4364.75, 2721.0], [4364.8, 390.0], [4364.95, 90331.0], [4365.0, 187917.0], [4365.1, 30966.0], [4365.2, 11918.0], [4365.25, 2721.0], [4365.3, 17560.0], [4365.35, 44958.0], [4365.4, 116695.0], [4365.55, 11925.0], [4365.6, 1065.0]]}}}
{"jsonrpc": "2.0", "method": "subscription", "params": {"channel": "book.ETH-PERPETUAL.none.20.100ms", "data": {"timestamp": 1758501849623, "change_id": 87400429858, "instrument_name": "ETH-PERPETUAL", "bids": [[4363.95, 175.0], [4363.65, 69257.0], [4363.35, 52923.0], [4363.3, 176051.0], [4363.2, 360.0], [4363.0, 11906.0], [4362.9, 17560.0], [4362.8, 32075.0], [4362.7, 5934.0], [4362.65, 17650.0], [4362.55, 50653.0], [4362.5, 142071.0], [4362.4, 9512.0], [4362.25, 19986.0], [4362.2, 13394.0], [4362.0, 50.0], [4361.95, 120.0], [4361.9, 2809.0], [4361.55, 1416.0], [4361.5, 2000.0]], "asks": [[4364.0, 104507.0], [4364.05, 21400.0], [4364.2, 8328.0], [4364.25, 25000.0], [4364.3, 2721.0], [4364.75, 2721.0], [4364.8, 390.0], [4364.95, 90331.0], [4365.0, 237917.0], [4365.1, 30966.0], [4365.2, 11918.0], [4365.25, 2721.0], [4365.3, 17560.0], [4365.35, 44958.0], [4365.4, 116695.0], [4365.5, 17775.0], [4365.55, 11925.0], [4365.6, 1065.0], [4365.7, 9485.0], [4365.75, 11925.0]]}}}
{"jsonrpc": "2.0", "method": "subscription", "params": {"channel": "book.ETH-PERPETUAL.none.20.100ms", "data": {"timestamp": 1758501849949, "change_id": 87400430273, "instrument_name": "ETH-PERPETUAL", "bids": [[4363.95, 55.0], [4363.65, 69257.0], [4363.3, 176051.0], [4363.2, 360.0], [4362.8, 7075.0], [4362.7, 5934.0], [4362.65, 17650.0], [4362.55, 40653.0], [4362.5, 126850.0], [4362.45, 12500.0], [4362.4, 29018.0], [4362.2, 13394.0], [4362.0, 50.0], [4361.95, 20106.0], [4361.9, 2809.0], [4361.55, 1416.0], [4361.5, 2000.0], [4361.45, 2721.0], [4361.1, 1109.0], [4361.0, 2813.0]], "asks": [[4364.0, 104507.0], [4364.05, 21400.0], [4364.2, 8328.0], [4364.25, 25000.0], [4364.3, 2721.0], [4364.45, 15000.0], [4364.5, 50000.0], [4364.75, 2721.0], [4364.8, 390.0], [4364.95, 90331.0], [4365.0, 187917.0], [4365.1, 30966.0], [4365.2, 11918.0], [4365.25, 20496.0], [4365.3, 17560.0], [4365.35, 44958.0], [4365.4, 116695.0], [4365.55, 11925.0], [4365.6, 1065.0], [4365.7, 9485.0]]}}}
{"jsonrpc": "2.0", "method": "subscription", "params": {"channel": "book.ETH-PERPETUAL.none.20.100ms", "data": {"timestamp": 1758501850268, "change_id": 87400430725, "instrument_name": "ETH-PERPETUAL", "bids": [[4363.95, 55.0], [4363.3, 176051.0], [4363.2, 360.0], [4362.8, 7075.0], [4362.7, 5934.0], [4362.65, 17650.0], [4362.55, 40653.0], [4362.5, 136850.0], [4362.45, 12500.0], [4362.4, 33783.0], [4362.35, 17556.0], [4362.2, 13394.0], [4362.0, 50.0], [4361.95, 20106.0], [4361.9, 2809.0], [4361.55, 1416.0], [4361.5, 2000.0], [4361.45, 2721.0], [4361.1, 1109.0], [4361.0, 2813.0]], "asks": [[4364.0, 104507.0], [4364.05, 21400.0], [4364.2, 8328.0], [4364.25, 25000.0], [4364.3, 2721.0], [4364.45, 15000.0], [4364.5, 50000.0], [4364.75, 2721.0], [4364.8, 390.0], [4364.95, 90331.0], [4365.0, 187917.0], [4365.05, 1358.0], [4365.1, 30966.0], [4365.2, 11918.0], [4365.25, 20496.0], [4365.3, 17560.0], [4365.35, 44958.0], [4365.4, 116695.0], [4365.45, 25213.0], [4365.55, 11925.0]]}}}
