{"jsonrpc": "2.0", "id": 1, "result": ["book.ETH-PERPETUAL.none.20.100ms"], "usIn": 1756894090330491, "usOut": 1756894090330917, "usDiff": 426, "testnet": false}
{"jsonrpc": "2.0", "method": "subscription", "params": {"channel": "book.ETH-PERPETUAL.none.20.100ms", "data": {"timestamp": 1756894090329, "change_id": 85007954356, "instrument_name": "ETH-PERPETUAL", "bids": [[4347.95, 178440.0], [4347.9, 6438.0], [4347.75, 15000.0], [4347.7, 50000.0], [4347.55, 47103.0], [4347.5, 25339.0], [4347.45, 134900.0], [4347.4, 6908.0], [4347.35, 23000.0], [4347.25, 25.0], [4347.2, 7877.0], [4347.15, 2891.0], [4347.1, 19989.0], [4347.05, 4274.0], [4346.95, 989.0], [4346.9, 3548.0], [4346.85, 11826.0], [4346.8, 1773.0], [4346.75, 5938.0], [4346.65, 1299.0]], "asks": [[4348.0, 10554.0], [4348.45, 134900.0], [4348.5, 68.0], [4348.65, 18428.0], [4348.7, 54970.0], [4348.75, 6458.0], [4349.0, 3546.0], [4349.15, 11819.0], [4349.45, 4175.0], [4349.5, 11819.0], [4349.55, 2098.0], [4349.6, 15133.0], [4349.75, 50442.0], [4349.85, 9123.0], [4349.9, 11819.0], [4350.0, 15050.0], [4350.05, 3545.0], [4350.15, 11815.0], [4350.25, 3547.0], [4350.3, 15000.0]]}}}
{"jsonrpc": "2.0", "method": "subscription", "params": {"channel": "book.ETH-PERPETUAL.none.20.100ms", "data": {"timestamp": 1756894090426, "change_id": 85007954565, "instrument_name": "ETH-PERPETUAL", "bids": [[4347.95, 178450.0], [4347.9, 21438.0], [4347.85, 50000.0], [4347.55, 47103.0], [4347.5, 25339.0], [4347.45, 134900.0], [4347.4, 6908.0], [4347.35, 23000.0], [4347.25, 25.0], [4347.2, 7877.0], [4347.15, 2891.0], [4347.1, 19989.0], [4347.05, 4274.0], [4346.95, 989.0], [4346.9, 3548.0], [4346.85, 11826.0], [4346.8, 1773.0], [4346.75, 5938.0], [4346.65, 1299.0], [4346.6, 3539.0]], "asks": [[4348.0, 10554.0], [4348.35, 1000.0], [4348.45, 134900.0], [4348.5, 68.0], [4348.65, 126360.0], [4348.7, 54970.0], [4348.75, 6458.0], [4349.0, 10002.0], [4349.05, 23000.0], [4349.15, 11819.0], [4349.45, 7253.0], [4349.5, 11819.0], [4349.55, 14098.0], [4349.75, 442.0], [4349.85, 59123.0], [4349.9, 11819.0], [4350.0, 15050.0], [4350.05, 3545.0], [4350.15, 11815.0], [4350.25, 3547.0]]}}}
{"jsonrpc": "2.0", "method": "subscription", "params": {"channel": "book.ETH-PERPETUAL.none.20.100ms", "data": {"timestamp": 1756894090785, "change_id": 85007955346, "instrument_name": "ETH-PERPETUAL", "bids": [[4347.95, 178453.0], [4347.9, 21438.0], [4347.85, 50000.0], [4347.55, 47103.0], [4347.5, 25339.0], [4347.45, 134900.0], [4347.4, 23000.0], [4347.35, 6004.0], [4347.25, 25.0], [4347.2, 22139.0], [4347.15, 2891.0], [4347.05, 4274.0], [4346.95, 989.0], [4346.9, 3548.0], [4346.85, 11826.0], [4346.8, 1773.0], [4346.75, 5938.0], [4346.65, 1299.0], [4346.6, 3539.0], [4346.5, 4322.0]], "asks": [[4348.0, 10554.0], [4348.4, 1000.0], [4348.45, 139900.0], [4348.5, 68.0], [4348.65, 107932.0], [4348.7, 45000.0], [4348.75, 6458.0], [4349.0, 13208.0], [4349.1, 23000.0], [4349.15, 11819.0], [4349.45, 7253.0], [4349.5, 23819.0], [4349.55, 2098.0], [4349.75, 442.0], [4349.85, 51062.0], [4349.9, 11819.0], [4350.0, 15050.0], [4350.05, 3545.0], [4350.15, 11815.0], [4350.25, 3547.0]]}}}
{"jsonrpc": "2.0", "method": "subscription", "params": {"channel": "book.ETH-PERPETUAL.none.20.100ms", "data": {"timestamp": 1756894091123, "change_id": 85007955533, "instrument_name": "ETH-PERPETUAL", "bids": [[4347.95, 178453.0], [4347.9, 21438.0], [4347.85, 50000.0], [4347.55, 47103.0], [4347.5, 25339.0], [4347.45, 134900.0], [4347.4, 23000.0], [4347.25, 25.0], [4347.2, 7877.0], [4347.15, 2891.0], [4347.1, 19989.0], [4347.05, 4274.0], [4346.95, 989.0], [4346.9, 3548.0], [4346.85, 11826.0], [4346.8, 1773.0], [4346.75, 5938.0], [4346.65, 1299.0], [4346.6, 3539.0], [4346.5, 4322.0]], "asks": [[4348.0, 10554.0], [4348.4, 1000.0], [4348.45, 139900.0], [4348.5, 68.0], [4348.6, 32145.0], [4348.65, 107932.0], [4348.7, 45000.0], [4348.75, 6458.0], [4349.0, 13208.0], [4349.05, 23000.0], [4349.15, 23819.0], [4349.45, 4175.0], [4349.5, 11819.0], [4349.55, 2098.0], [4349.75, 442.0], [4349.85, 51062.0], [4349.9, 11819.0], [4350.0, 65050.0], [4350.05, 3545.0], [4350.15, 11815.0]]}}}
{"jsonrpc": "2.0", "method": "subscription", "params": {"channel": "book.ETH-PERPETUAL.none.20.100ms", "data": {"timestamp": 1756894091465, "change_id": 85007956180, "instrument_name": "ETH-PERPETUAL", "bids": [[4347.95, 189018.0], [4347.9, 56438.0], [4347.55, 47103.0], [4347.5, 25339.0], [4347.45, 134900.0], [4347.4, 23000.0], [4347.3, 6004.0], [4347.25, 20014.0], [4347.2, 2150.0], [4347.15, 2891.0], [4347.05, 4274.0], [4346.95, 989.0], [4346.9, 3548.0], [4346.85, 11826.0], [4346.8, 1773.0], [4346.75, 5938.0], [4346.65, 1299.0], [4346.6, 3539.0], [4346.5, 4322.0], [4346.45, 11826.0]], "asks": [[4348.0, 10554.0], [4348.45, 134900.0], [4348.5, 1068.0], [4348.55, 5000.0], [4348.7, 45000.0], [4348.75, 6458.0], [4349.0, 13208.0], [4349.15, 46819.0], [4349.45, 4175.0], [4349.5, 11819.0], [4349.55, 2098.0], [4349.75, 442.0], [4349.85, 1062.0], [4349.9, 11819.0], [4350.0, 65050.0], [4350.05, 3545.0], [4350.15, 11815.0], [4350.25, 3547.0], [4350.3, 15000.0], [4350.4, 11822.0]]}}}
{"jsonrpc": "2.0", "method": "subscription", "params": {"channel": "book.ETH-PERPETUAL.none.20.100ms", "data": {"timestamp": 1756894091795, "change_id": 85007956972, "instrument_name": "ETH-PERPETUAL", "bids": [[4347.95, 230456.0], [4347.9, 6438.0], [4347.55, 47103.0], [4347.5, 25339.0], [4347.45, 134900.0], [4347.3, 12154.0], [4347.25, 43014.0], [4347.2, 2150.0], [4347.15, 2891.0], [4347.05, 4274.0], [4346.95, 989.0], [4346.9, 3548.0], [4346.85, 11826.0], [4346.8, 1773.0], [4346.75, 5938.0], [4346.65, 1299.0], [4346.6, 3539.0], [4346.5, 4322.0], [4346.45, 11826.0], [4346.4, 3999.0]], "asks": [[4348.0, 10554.0], [4348.35, 1000.0], [4348.45, 134900.0], [4348.5, 68.0], [4348.65, 13500.0], [4348.7, 45000.0], [4349.0, 15159.0], [4349.05, 23000.0], [4349.1, 6438.0], [4349.15, 23819.0], [4349.45, 18653.0], [4349.5, 61819.0], [4349.55, 2098.0], [4349.75, 442.0], [4349.85, 51062.0], [4349.9, 11819.0], [4350.0, 15050.0], [4350.05, 3545.0], [4350.15, 11815.0], [4350.25, 3547.0]]}}}
{"jsonrpc": "2.0", "method": "subscription", "params": {"channel": "book.ETH-PERPETUAL.none.20.100ms", "data": {"timestamp": 1756894092068, "change_id": 85007957194, "instrument_name": "ETH-PERPETUAL", "bids": [[4347.95, 179465.0], [4347.9, 22438.0], [4347.85, 50000.0], [4347.55, 47103.0], [4347.5, 25339.0], [4347.45, 134900.0], [4347.3, 12154.0], [4347.25, 23025.0], [4347.2, 22139.0], [4347.15, 2891.0], [4347.05, 4274.0], [4346.95, 989.0], [4346.9, 3548.0], [4346.85, 11826.0], [4346.8, 1773.0], [4346.75, 5938.0], [4346.65, 1299.0], [4346.6, 3539.0], [4346.5, 4322.0], [4346.45, 11826.0]], "asks": [[4348.0, 10554.0], [4348.3, 1000.0], [4348.45, 134900.0], [4348.5, 68.0], [4348.65, 13500.0], [4348.7, 45000.0], [4348.85, 35001.0], [4348.9, 117899.0], [4348.95, 23000.0], [4349.0, 6722.0], [4349.1, 6438.0], [4349.15, 23819.0], [4349.45, 18653.0], [4349.5, 61819.0], [4349.55, 2098.0], [4349.75, 442.0], [4349.8, 50000.0], [4349.85, 1062.0], [4349.9, 11819.0], [4350.0, 15050.0]]}}}
{"jsonrpc": "2.0", "method": "subscription", "params": {"channel": "book.ETH-PERPETUAL.none.20.100ms", "data": {"timestamp": 1756894092380, "change_id": 85007957671, "instrument_name": "ETH-PERPETUAL", "bids": [[4347.95, 180566.0], [4347.9, 21438.0], [4347.85, 50000.0], [4347.55, 47103.0], [4347.5, 25339.0], [4347.45, 134900.0], [4347.35, 12904.0], [4347.3, 23000.0], [4347.25, 25.0], [4347.2, 22139.0], [4347.15, 2891.0], [4347.05, 4274.0], [4346.95, 989.0], [4346.9, 3548.0], [4346.85, 11826.0], [4346.8, 1773.0], [4346.75, 5938.0], [4346.65, 1299.0], [4346.6, 3539.0], [4346.5, 4322.0]], "asks": [[4348.0, 10554.0], [4348.4, 1000.0], [4348.45, 134900.0], [4348.5, 68.0], [4348.65, 13500.0], [4348.7, 45000.0], [4348.75, 20.0], [4348.85, 35001.0], [4348.9, 117899.0], [4348.95, 23000.0], [4349.0, 6702.0], [4349.1, 6438.0], [4349.15, 23819.0], [4349.45, 18653.0], [4349.5, 61819.0], [4349.55, 2098.0], [4349.75, 442.0], [4349.8, 50000.0], [4349.85, 1062.0], [4349.9, 11819.0]]}}}
{"jsonrpc": "2.0", "method": "subscription", "params": {"channel": "book.ETH-PERPETUAL.none.20.100ms", "data": {"timestamp": 1756894092705, "change_id": 85007958293, "instrument_name": "ETH-PERPETUAL", "bids": [[4347.95, 180781.0], [4347.9, 21438.0], [4347.85, 50000.0], [4347.55, 47103.0], [4347.5, 25339.0], [4347.45, 134900.0], [4347.35, 6908.0], [4347.3, 23000.0], [4347.25, 25.0], [4347.2, 7877.0], [4347.15, 2891.0], [4347.1, 19989.0], [4347.05, 4274.0], [4346.95, 989.0], [4346.9, 3548.0], [4346.85, 11826.0], [4346.8, 1773.0], [4346.75, 5937.0], [4346.65, 1299.0], [4346.6, 3539.0]], "asks": [[4348.0, 10554.0], [4348.35, 1000.0], [4348.45, 134900.0], [4348.5, 55.0], [4348.65, 13500.0], [4348.7, 45000.0], [4348.75, 20.0], [4348.85, 35001.0], [4348.9, 117899.0], [4348.95, 23000.0], [4349.0, 6702.0], [4349.1, 6438.0], [4349.15, 23819.0], [4349.45, 4175.0], [4349.5, 11819.0], [4349.55, 2098.0], [4349.75, 442.0], [4349.8, 50000.0], [4349.85, 1062.0], [4349.9, 11819.0]]}}}
{"jsonrpc": "2.0", "method": "subscription", "params": {"channel": "book.ETH-PERPETUAL.none.20.100ms", "data": {"timestamp": 1756894093010, "change_id": 85007958353, "instrument_name": "ETH-PERPETUAL", "bids": [[4347.95, 180548.0], [4347.9, 21438.0], [4347.85, 50000.0], [4347.55, 47103.0], [4347.5, 25339.0], [4347.45, 134900.0], [4347.35, 6908.0], [4347.3, 23000.0], [4347.25, 25.0], [4347.2, 7877.0], [4347.15, 2891.0], [4347.1, 19989.0], [4347.05, 4274.0], [4347.0, 7.0], [4346.95, 989.0], [4346.9, 3548.0], [4346.85, 11826.0], [4346.8, 1773.0], [4346.75, 5937.0], [4346.65, 1299.0]], "asks": [[4348.0, 10559.0], [4348.25, 7.0], [4348.3, 5000.0], [4348.35, 1000.0], [4348.45, 134900.0], [4348.5, 55.0], [4348.65, 13500.0], [4348.7, 45000.0], [4348.75, 26.0], [4348.8, 12000.0], [4348.85, 35001.0], [4348.9, 117899.0], [4348.95, 23000.0], [4349.0, 6702.0], [4349.1, 6438.0], [4349.15, 11819.0], [4349.45, 4175.0], [4349.5, 11832.0], [4349.55, 2098.0], [4349.75, 442.0]]}}}
{"jsonrpc": "2.0", "method": "subscription", "params": {"channel": "book.ETH-PERPETUAL.none.20.100ms", "data": {"timestamp": 1756894093437, "change_id": 85007958837, "instrument_name": "ETH-PERPETUAL", "bids": [[4347.95, 180547.0], [4347.9, 21438.0], [4347.85, 50000.0], [4347.55, 47103.0], [4347.5, 25339.0], [4347.45, 134900.0], [4347.35, 6908.0], [4347.3, 23000.0], [4347.25, 25.0], [4347.2, 7877.0], [4347.15, 2891.0], [4347.1, 19989.0], [4347.05, 4274.0], [4347.0, 7.0], [4346.95, 989.0], [4346.9, 3548.0], [4346.85, 11826.0], [4346.8, 1773.0], [4346.75, 5937.0], [4346.65, 1299.0]], "asks": [[4348.0, 10559.0], [4348.25, 7.0], [4348.3, 5000.0], [4348.35, 1000.0], [4348.45, 134900.0], [4348.5, 55.0], [4348.65, 13500.0], [4348.7, 45000.0], [4348.75, 26.0], [4348.8, 12000.0], [4348.85, 35001.0], [4348.9, 117899.0], [4349.0, 11539.0], [4349.05, 23000.0], [4349.1, 6438.0], [4349.15, 11819.0], [4349.45, 4175.0], [4349.5, 11832.0], [4349.55, 2098.0], [4349.75, 442.0]]}}}
{"jsonrpc": "2.0", "method": "subscription", "params": {"channel": "book.ETH-PERPETUAL.none.20.100ms", "data": {"timestamp": 1756894093779, "change_id": 85007959425, "instrument_name": "ETH-PERPETUAL", "bids": [[4347.95, 180333.0], [4347.9, 21438.0], [4347.85, 50000.0], [4347.55, 47103.0], [4347.5, 25339.0], [4347.45, 134900.0], [4347.35, 6908.0], [4347.3, 23000.0], [4347.25, 25.0], [4347.2, 7877.0], [4347.15, 2889.0], [4347.1, 19989.0], [4347.05, 4274.0], [4347.0, 7.0], [4346.95, 989.0], [4346.9, 3548.0], [4346.85, 11826.0], [4346.8, 1773.0], [4346.75, 5937.0], [4346.65, 1299.0]], "asks": [[4348.0, 10559.0], [4348.25, 7.0], [4348.4, 1000.0], [4348.45, 134900.0], [4348.5, 55.0], [4348.65, 13500.0], [4348.7, 45000.0], [4348.75, 26.0], [4348.8, 12000.0], [4348.85, 35001.0], [4348.9, 117899.0], [4349.0, 11539.0], [4349.05, 23000.0], [4349.1, 6438.0], [4349.15, 11819.0], [4349.45, 4175.0], [4349.5, 11832.0], [4349.55, 2098.0], [4349.75, 442.0], [4349.8, 50000.0]]}}}
{"jsonrpc": "2.0", "method": "subscription", "params": {"channel": "book.ETH-PERPETUAL.none.20.100ms", "data": {"timestamp": 1756894094085, "change_id": 85007959880, "instrument_name": "ETH-PERPETUAL", "bids": [[4347.95, 180508.0], [4347.9, 56438.0], [4347.55, 90092.0], [4347.5, 25339.0], [4347.45, 134900.0], [4347.25, 25.0], [4347.2, 2150.0], [4347.15, 2889.0], [4347.05, 4274.0], [4347.0, 7.0], [4346.95, 989.0], [4346.9, 3548.0], [4346.85, 11826.0], [4346.8, 1773.0], [4346.75, 5937.0], [4346.6, 3539.0], [4346.5, 4322.0], [4346.45, 11826.0], [4346.4, 3999.0], [4346.35, 12342.0]], "asks": [[4348.0, 555.0], [4348.25, 7.0], [4348.45, 134900.0], [4348.5, 55.0], [4348.7, 46000.0], [4348.75, 6.0], [4348.85, 32768.0], [4348.9, 117895.0], [4349.1, 1931.0], [4349.15, 6438.0], [4349.35, 6900.0], [4349.4, 27185.0], [4349.45, 20.0], [4349.5, 11832.0], [4349.55, 2098.0], [4349.65, 3733.0], [4349.7, 12000.0], [4349.75, 442.0], [4349.85, 4623.0], [4349.9, 11819.0]]}}}
{"jsonrpc": "2.0", "method": "subscription", "params": {"channel": "book.ETH-PERPETUAL.none.20.100ms", "data": {"timestamp": 1756894094358, "change_id": 85007960268, "instrument_name": "ETH-PERPETUAL", "bids": [[4347.95, 180522.0], [4347.9, 56438.0], [4347.55, 90092.0], [4347.5, 25339.0], [4347.45, 136199.0], [4347.25, 25.0], [4347.2, 2150.0], [4347.15, 2889.0], [4347.05, 4274.0], [4347.0, 7.0], [4346.95, 989.0], [4346.9, 3548.0], [4346.85, 11826.0], [4346.8, 1773.0], [4346.75, 5937.0], [4346.6, 3539.0], [4346.5, 4322.0], [4346.45, 11826.0], [4346.4, 3999.0], [4346.35, 12342.0]], "asks": [[4348.0, 555.0], [4348.25, 7.0], [4348.45, 134900.0], [4348.5, 55.0], [4348.65, 1000.0], [4348.7, 50000.0], [4348.75, 6.0], [4348.85, 32768.0], [4348.9, 117895.0], [4349.1, 1931.0], [4349.15, 6458.0], [4349.25, 9638.0], [4349.3, 23000.0], [4349.35, 12000.0], [4349.4, 4185.0], [4349.5, 11832.0], [4349.55, 2098.0], [4349.75, 442.0], [4349.85, 19178.0], [4349.9, 11819.0]]}}}
{"jsonrpc": "2.0", "method": "subscription", "params": {"channel": "book.ETH-PERPETUAL.none.20.100ms", "data": {"timestamp": 1756894094710, "change_id": 85007960989, "instrument_name": "ETH-PERPETUAL", "bids": [[4347.95, 180511.0], [4347.9, 56438.0], [4347.55, 90092.0], [4347.5, 25339.0], [4347.45, 136199.0], [4347.25, 25.0], [4347.2, 2150.0], [4347.15, 2889.0], [4347.1, 2.0], [4347.05, 4274.0], [4347.0, 7.0], [4346.95, 989.0], [4346.9, 3548.0], [4346.85, 11826.0], [4346.8, 1773.0], [4346.75, 5937.0], [4346.6, 3539.0], [4346.5, 4322.0], [4346.45, 11826.0], [4346.4, 24589.0]], "asks": [[4348.0, 555.0], [4348.25, 7.0], [4348.45, 134900.0], [4348.5, 55.0], [4348.65, 6000.0], [4348.7, 45000.0], [4348.75, 6.0], [4348.85, 32768.0], [4348.9, 117895.0], [4349.1, 1931.0], [4349.15, 6458.0], [4349.25, 9638.0], [4349.3, 23000.0], [4349.35, 12000.0], [4349.4, 4185.0], [4349.5, 11832.0], [4349.55, 2098.0], [4349.75, 442.0], [4349.85, 4623.0], [4349.9, 11819.0]]}}}
{"jsonrpc": "2.0", "method": "subscription", "params": {"channel": "book.ETH-PERPETUAL.none.20.100ms", "data": {"timestamp": 1756894095099, "change_id": 85007961117, "instrument_name": "ETH-PERPETUAL", "bids": [[4347.95, 180503.0], [4347.9, 56438.0], [4347.55, 70103.0], [4347.5, 25339.0], [4347.45, 136199.0], [4347.3, 6004.0], [4347.25, 20013.0], [4347.2, 2150.0], [4347.15, 2889.0], [4347.1, 2.0], [4347.05, 4274.0], [4347.0, 7.0], [4346.95, 989.0], [4346.9, 3548.0], [4346.85, 11826.0], [4346.8, 1773.0], [4346.75, 5937.0], [4346.6, 3539.0], [4346.5, 4322.0], [4346.45, 11826.0]], "asks": [[4348.0, 555.0], [4348.25, 7.0], [4348.45, 134900.0], [4348.5, 55.0], [4348.6, 1000.0], [4348.7, 45000.0], [4348.75, 6.0], [4348.85, 32768.0], [4348.9, 117895.0], [4349.1, 1931.0], [4349.15, 6458.0], [4349.25, 9638.0], [4349.3, 23000.0], [4349.35, 12000.0], [4349.4, 4185.0], [4349.5, 11832.0], [4349.55, 2098.0], [4349.75, 442.0], [4349.85, 4623.0], [4349.9, 11819.0]]}}}
{"jsonrpc": "2.0", "method": "subscription", "params": {"channel": "book.ETH-PERPETUAL.none.20.100ms", "data": {"timestamp": 1756894095415, "change_id": 85007961678, "instrument_name": "ETH-PERPETUAL", "bids": [[4347.95, 180545.0], [4347.9, 56438.0], [4347.55, 47103.0], [4347.5, 25339.0], [4347.45, 159199.0], [4347.25, 25.0], [4347.2, 7879.0], [4347.15, 2889.0], [4347.1, 19990.0], [4347.05, 4274.0], [4347.0, 7.0], [4346.95, 989.0], [4346.9, 3548.0], [4346.85, 11826.0], [4346.8, 1773.0], [4346.75, 5937.0], [4346.6, 3539.0], [4346.5, 4322.0], [4346.45, 11826.0], [4346.4, 24589.0]], "asks": [[4348.0, 555.0], [4348.25, 7.0], [4348.45, 134900.0], [4348.5, 5055.0], [4348.55, 1000.0], [4348.65, 13502.0], [4348.7, 45000.0], [4348.75, 6.0], [4348.85, 2991.0], [4348.9, 9990.0], [4349.1, 3300.0], [4349.15, 11806.0], [4349.2, 10500.0], [4349.25, 23000.0], [4349.35, 12000.0], [4349.4, 4185.0], [4349.5, 11832.0], [4349.55, 2098.0], [4349.75, 442.0], [4349.85, 4623.0]]}}}
{"jsonrpc": "2.0", "method": "subscription", "params": {"channel": "book.ETH-PERPETUAL.none.20.100ms", "data": {"timestamp": 1756894095764, "change_id": 85007962427, "instrument_name": "ETH-PERPETUAL", "bids": [[4347.95, 180500.0], [4347.9, 56438.0], [4347.55, 70103.0], [4347.5, 25339.0], [4347.45, 136199.0], [4347.3, 6004.0], [4347.25, 20013.0], [4347.2, 2150.0], [4347.15, 2889.0], [4347.1, 2.0], [4347.05, 4274.0], [4347.0, 7.0], [4346.95, 989.0], [4346.9, 3548.0], [4346.85, 11826.0], [4346.8, 1773.0], [4346.75, 5937.0], [4346.6, 3539.0], [4346.5, 4322.0], [4346.45, 11826.0]], "asks": [[4348.0, 555.0], [4348.25, 7.0], [4348.45, 134900.0], [4348.5, 55.0], [4348.7, 45000.0], [4348.75, 6.0], [4348.8, 1000.0], [4348.9, 41237.0], [4348.95, 107921.0], [4349.3, 20.0], [4349.4, 13772.0], [4349.45, 35000.0], [4349.5, 11832.0], [4349.55, 2098.0], [4349.85, 19178.0], [4349.9, 11819.0], [4350.0, 50050.0], [4350.15, 11815.0], [4350.25, 3547.0], [4350.3, 15000.0]]}}}
{"jsonrpc": "2.0", "method": "subscription", "params": {"channel": "book.ETH-PERPETUAL.none.20.100ms", "data": {"timestamp": 1756894096088, "change_id": 85007963430, "instrument_name": "ETH-PERPETUAL", "bids": [[4347.95, 234849.0], [4347.9, 6438.0], [4347.55, 70103.0], [4347.5, 24262.0], [4347.45, 136199.0], [4347.25, 25.0], [4347.2, 2150.0], [4347.15, 2889.0], [4347.1, 2.0], [4347.05, 4274.0], [4347.0, 7.0], [4346.95, 989.0], [4346.9, 3548.0], [4346.85, 11826.0], [4346.8, 1773.0], [4346.75, 5937.0], [4346.6, 3539.0], [4346.5, 4322.0], [4346.45, 11826.0], [4346.4, 24589.0]], "asks": [[4348.0, 555.0], [4348.25, 7.0], [4348.45, 500.0], [4348.5, 55.0], [4348.7, 45000.0], [4348.75, 6.0], [4348.95, 1000.0], [4349.05, 12053.0], [4349.1, 40176.0], [4349.2, 46764.0], [4349.25, 134400.0], [4349.4, 10557.0], [4349.5, 11832.0], [4349.55, 2098.0], [4349.6, 23000.0], [4349.7, 20.0], [4349.85, 4623.0], [4349.9, 11819.0], [4350.0, 50.0], [4350.05, 12000.0]]}}}
{"jsonrpc": "2.0", "method": "subscription", "params": {"channel": "book.ETH-PERPETUAL.none.20.100ms", "data": {"timestamp": 1756894096397, "change_id": 85007964444, "instrument_name": "ETH-PERPETUAL", "bids": [[4347.95, 236745.0], [4347.55, 70103.0], [4347.5, 24262.0], [4347.45, 136199.0], [4347.25, 25.0], [4347.2, 1285.0], [4347.1, 2.0], [4347.05, 4274.0], [4347.0, 7.0], [4346.95, 989.0], [4346.9, 3548.0], [4346.85, 11826.0], [4346.8, 1773.0], [4346.75, 5937.0], [4346.6, 3539.0], [4346.5, 4322.0], [4346.45, 11826.0], [4346.4, 42349.0], [4346.35, 12342.0], [4346.3, 53526.0]], "asks": [[4348.0, 555.0], [4348.25, 7.0], [4348.45, 500.0], [4348.5, 55.0], [4348.7, 45000.0], [4348.75, 6.0], [4348.85, 1000.0], [4349.05, 13984.0], [4349.1, 40176.0], [4349.2, 46764.0], [4349.25, 134400.0], [4349.4, 10557.0], [4349.5, 34832.0], [4349.55, 2098.0], [4349.7, 20.0], [4349.85, 4623.0], [4349.9, 11819.0], [4350.0, 50.0], [4350.1, 15545.0], [4350.15, 11815.0]]}}}
{"jsonrpc": "2.0", "method": "subscription", "params": {"channel": "book.ETH-PERPETUAL.none.20.100ms", "data": {"timestamp": 1756894096757, "change_id": 85007965684, "instrument_name": "ETH-PERPETUAL", "bids": [[4347.95, 243967.0], [4347.7, 8999.0], [4347.65, 29998.0], [4347.55, 70103.0], [4347.5, 24262.0], [4347.45, 136199.0], [4347.25, 25.0], [4347.2, 1285.0], [4347.1, 2.0], [4347.05, 4274.0], [4347.0, 7.0], [4346.95, 989.0], [4346.9, 3548.0], [4346.85, 11826.0], [4346.8, 1773.0], [4346.75, 5937.0], [4346.6, 3539.0], [4346.5, 4322.0], [4346.45, 11826.0], [4346.4, 42349.0]], "asks": [[4348.0, 555.0], [4348.25, 7.0], [4348.45, 500.0], [4348.5, 55.0], [4348.7, 45000.0], [4348.75, 6.0], [4348.85, 1000.0], [4349.15, 1931.0], [4349.2, 46764.0], [4349.25, 134400.0], [4349.35, 37939.0], [4349.4, 10557.0], [4349.45, 20.0], [4349.5, 11832.0], [4349.55, 24207.0], [4349.7, 3600.0], [4349.75, 12000.0], [4349.85, 3561.0], [4349.9, 11819.0], [4350.0, 50.0]]}}}
{"jsonrpc": "2.0", "method": "subscription", "params": {"channel": "book.ETH-PERPETUAL.none.20.100ms", "data": {"timestamp": 1756894097090, "change_id": 85007966105, "instrument_name": "ETH-PERPETUAL", "bids": [[4348.2, 313600.0], [4348.1, 134400.0], [4348.0, 10721.0], [4347.95, 15535.0], [4347.75, 14996.0], [4347.65, 52998.0], [4347.6, 23880.0], [4347.5, 4274.0], [4347.45, 1799.0], [4347.4, 6901.0], [4347.25, 25.0], [4347.2, 1285.0], [4347.1, 11793.0], [4347.05, 4274.0], [4347.0, 5905.0], [4346.95, 989.0], [4346.9, 3548.0], [4346.85, 11826.0], [4346.8, 1773.0], [4346.75, 5937.0]], "asks": [[4348.25, 7.0], [4348.45, 500.0], [4348.5, 55.0], [4348.7, 45000.0], [4348.75, 6.0], [4348.9, 5000.0], [4349.45, 23000.0], [4349.5, 11832.0], [4349.55, 1207.0], [4349.85, 3561.0], [4349.9, 11819.0], [4350.0, 50.0], [4350.1, 4437.0], [4350.15, 11815.0], [4350.2, 23047.0], [4350.25, 50000.0], [4350.3, 15000.0], [4350.4, 11822.0], [4350.5, 16020.0], [4350.55, 38400.0]]}}}
{"jsonrpc": "2.0", "method": "subscription", "params": {"channel": "book.ETH-PERPETUAL.none.20.100ms", "data": {"timestamp": 1756894097407, "change_id": 85007967838, "instrument_name": "ETH-PERPETUAL", "bids": [[4348.65, 211599.0], [4348.6, 1000.0], [4348.45, 50000.0], [4348.4, 97.0], [4348.25, 1291.0], [4348.2, 44626.0], [4348.1, 136877.0], [4348.0, 29523.0], [4347.95, 27060.0], [4347.85, 1046.0], [4347.7, 8999.0], [4347.65, 29998.0], [4347.55, 3892.0], [4347.5, 4274.0], [4347.45, 5899.0], [4347.4, 10446.0], [4347.35, 11791.0], [4347.25, 25.0], [4347.2, 4662.0], [4347.1, 11793.0]], "asks": [[4348.7, 63000.0], [4348.75, 6.0], [4349.5, 13.0], [4349.65, 30025.0], [4349.7, 42755.0], [4349.8, 67023.0], [4349.85, 134400.0], [4349.9, 11819.0], [4350.0, 50.0], [4350.1, 3545.0], [4350.15, 11815.0], [4350.2, 3547.0], [4350.25, 20.0], [4350.4, 11822.0], [4350.45, 19500.0], [4350.5, 50000.0], [4350.55, 12000.0], [4350.6, 22612.0], [4350.75, 26856.0], [4350.8, 20815.0]]}}}
{"jsonrpc": "2.0", "method": "subscription", "params": {"channel": "book.ETH-PERPETUAL.none.20.100ms", "data": {"timestamp": 1756894097708, "change_id": 85007968888, "instrument_name": "ETH-PERPETUAL", "bids": [[4348.65, 226688.0], [4348.45, 50000.0], [4348.2, 38822.0], [4348.1, 134400.0], [4348.05, 23000.0], [4348.0, 21192.0], [4347.95, 2527.0], [4347.85, 1046.0], [4347.55, 3892.0], [4347.5, 4274.0], [4347.45, 5899.0], [4347.4, 10446.0], [4347.35, 11791.0], [4347.25, 25.0], [4347.2, 4662.0], [4347.1, 11791.0], [4347.05, 4274.0], [4347.0, 7.0], [4346.95, 8876.0], [4346.9, 17760.0]], "asks": [[4348.7, 63000.0], [4348.75, 6.0], [4349.25, 1000.0], [4349.5, 13.0], [4349.6, 19891.0], [4349.75, 60671.0], [4349.8, 44023.0], [4349.85, 134400.0], [4349.9, 34819.0], [4350.0, 70.0], [4350.1, 6701.0], [4350.15, 11815.0], [4350.2, 15547.0], [4350.3, 1208.0], [4350.4, 11822.0], [4350.45, 19500.0], [4350.5, 50000.0], [4350.6, 3557.0], [4350.75, 11856.0], [4350.8, 20815.0]]}}}
{"jsonrpc": "2.0", "method": "subscription", "params": {"channel": "book.ETH-PERPETUAL.none.20.100ms", "data": {"timestamp": 1756894098081, "change_id": 85007969179, "instrument_name": "ETH-PERPETUAL", "bids": [[4348.65, 216638.0], [4348.45, 50000.0], [4348.4, 2788.0], [4348.25, 1313.0], [4348.2, 43198.0], [4348.1, 134400.0], [4348.0, 7821.0], [4347.95, 25527.0], [4347.85, 1046.0], [4347.75, 5996.0], [4347.7, 19988.0], [4347.55, 3892.0], [4347.5, 4274.0], [4347.45, 5899.0], [4347.4, 10446.0], [4347.35, 11791.0], [4347.25, 25.0], [4347.2, 4662.0], [4347.1, 11791.0], [4347.05, 4274.0]], "asks": [[4348.7, 63000.0], [4348.75, 6.0], [4349.15, 1000.0], [4349.5, 13.0], [4349.6, 19891.0], [4349.75, 60671.0], [4349.8, 60585.0], [4349.85, 134400.0], [4349.9, 11819.0], [4350.0, 70.0], [4350.1, 6701.0], [4350.15, 11815.0], [4350.2, 15547.0], [4350.3, 1208.0], [4350.4, 11822.0], [4350.55, 50000.0], [4350.6, 3557.0], [4350.75, 11856.0], [4350.8, 20815.0], [4350.85, 54135.0]]}}}
{"jsonrpc": "2.0", "method": "subscription", "params": {"channel": "book.ETH-PERPETUAL.none.20.100ms", "data": {"timestamp": 1756894098411, "change_id": 85007969724, "instrument_name": "ETH-PERPETUAL", "bids": [[4348.65, 216638.0], [4348.5, 15836.0], [4348.45, 50000.0], [4348.25, 1313.0], [4348.2, 43198.0], [4348.1, 134400.0], [4348.0, 27809.0], [4347.95, 25527.0], [4347.85, 1046.0], [4347.55, 3892.0], [4347.5, 4274.0], [4347.45, 5899.0], [4347.4, 10446.0], [4347.35, 11791.0], [4347.25, 25.0], [4347.2, 4662.0], [4347.1, 11791.0], [4347.05, 4274.0], [4347.0, 7.0], [4346.95, 3548.0]], "asks": [[4348.7, 63063.0], [4348.75, 6.0], [4349.15, 1000.0], [4349.5, 13.0], [4349.6, 19891.0], [4349.75, 67129.0], [4349.8, 60585.0], [4349.85, 146400.0], [4349.9, 11819.0], [4350.0, 50.0], [4350.1, 3545.0], [4350.15, 11815.0], [4350.2, 3547.0], [4350.3, 1208.0], [4350.4, 11822.0], [4350.5, 15000.0], [4350.55, 50000.0], [4350.6, 3557.0], [4350.75, 11856.0], [4350.85, 1063.0]]}}}
{"jsonrpc": "2.0", "method": "subscription", "params": {"channel": "book.ETH-PERPETUAL.none.20.100ms", "data": {"timestamp": 1756894098740, "change_id": 85007970350, "instrument_name": "ETH-PERPETUAL", "bids": [[4348.65, 216679.0], [4348.5, 15836.0], [4348.45, 50000.0], [4348.25, 1313.0], [4348.2, 60673.0], [4348.1, 134400.0], [4348.05, 49446.0], [4348.0, 1204.0], [4347.95, 2527.0], [4347.85, 1046.0], [4347.75, 5996.0], [4347.7, 19988.0], [4347.55, 3892.0], [4347.5, 4274.0], [4347.45, 5899.0], [4347.4, 10446.0], [4347.35, 11791.0], [4347.25, 25.0], [4347.2, 4662.0], [4347.1, 11791.0]], "asks": [[4348.7, 63063.0], [4348.75, 6.0], [4349.15, 1000.0], [4349.5, 140.0], [4349.6, 19891.0], [4349.75, 67129.0], [4349.8, 60585.0], [4349.85, 146400.0], [4349.9, 11819.0], [4350.0, 50.0], [4350.1, 3545.0], [4350.15, 11815.0], [4350.3, 1208.0], [4350.35, 18103.0], [4350.4, 61822.0], [4350.6, 3557.0], [4350.75, 11856.0], [4350.85, 1063.0], [4350.9, 4500.0], [4350.95, 15000.0]]}}}
{"jsonrpc": "2.0", "method": "subscription", "params": {"channel": "book.ETH-PERPETUAL.none.20.100ms", "data": {"timestamp": 1756894099023, "change_id": 85007970454, "instrument_name": "ETH-PERPETUAL", "bids": [[4348.65, 216669.0], [4348.5, 15836.0], [4348.45, 50000.0], [4348.25, 1313.0], [4348.2, 60673.0], [4348.1, 134400.0], [4348.05, 23000.0], [4348.0, 1204.0], [4347.95, 2527.0], [4347.85, 1046.0], [4347.65, 5997.0], [4347.6, 19989.0], [4347.55, 3892.0], [4347.5, 4274.0], [4347.45, 5899.0], [4347.4, 10446.0], [4347.35, 11791.0], [4347.25, 25.0], [4347.2, 4662.0], [4347.1, 11791.0]], "asks": [[4348.7, 63189.0], [4348.75, 6.0], [4349.15, 1000.0], [4349.5, 140.0], [4349.6, 19891.0], [4349.65, 9971.0], [4349.75, 67129.0], [4349.8, 60585.0], [4349.85, 146400.0], [4349.9, 11819.0], [4350.0, 50.0], [4350.1, 3545.0], [4350.15, 11815.0], [4350.3, 1208.0], [4350.35, 18103.0], [4350.4, 61822.0], [4350.6, 3557.0], [4350.75, 11856.0], [4350.85, 1063.0], [4350.9, 5335.0]]}}}
{"jsonrpc": "2.0", "method": "subscription", "params": {"channel": "book.ETH-PERPETUAL.none.20.100ms", "data": {"timestamp": 1756894099389, "change_id": 85007971021, "instrument_name": "ETH-PERPETUAL", "bids": [[4348.65, 216681.0], [4348.5, 15836.0], [4348.45, 50000.0], [4348.25, 1313.0], [4348.2, 60673.0], [4348.1, 134400.0], [4348.05, 23000.0], [4348.0, 1204.0], [4347.95, 2527.0], [4347.85, 1046.0], [4347.65, 5997.0], [4347.6, 19989.0], [4347.55, 3892.0], [4347.5, 4274.0], [4347.45, 5899.0], [4347.4, 10446.0], [4347.35, 11791.0], [4347.25, 25.0], [4347.2, 4662.0], [4347.1, 11791.0]], "asks": [[4348.7, 63189.0], [4348.75, 69.0], [4348.85, 10003.0], [4349.15, 5000.0], [4349.25, 1000.0], [4349.5, 160.0], [4349.6, 27544.0], [4349.65, 9971.0], [4349.75, 67109.0], [4349.8, 60585.0], [4349.85, 146400.0], [4349.9, 11819.0], [4350.0, 50.0], [4350.1, 3545.0], [4350.15, 11815.0], [4350.3, 1208.0], [4350.35, 18103.0], [4350.4, 61822.0], [4350.6, 3557.0], [4350.75, 11856.0]]}}}
{"jsonrpc": "2.0", "method": "subscription", "params": {"channel": "book.ETH-PERPETUAL.none.20.100ms", "data": {"timestamp": 1756894099735, "change_id": 85007971644, "instrument_name": "ETH-PERPETUAL", "bids": [[4348.65, 216869.0], [4348.5, 15836.0], [4348.45, 50000.0], [4348.3, 2749.0], [4348.25, 4786.0], [4348.2, 60673.0], [4348.1, 134400.0], [4348.05, 23000.0], [4348.0, 1204.0], [4347.95, 2527.0], [4347.85, 1046.0], [4347.65, 5997.0], [4347.6, 19989.0], [4347.55, 3892.0], [4347.5, 4274.0], [4347.45, 5899.0], [4347.4, 10446.0], [4347.35, 11791.0], [4347.25, 25.0], [4347.2, 4662.0]], "asks": [[4348.7, 63228.0], [4348.75, 69.0], [4348.85, 10003.0], [4349.15, 5000.0], [4349.5, 140.0], [4349.6, 11823.0], [4349.65, 9971.0], [4349.75, 6438.0], [4349.8, 60605.0], [4349.85, 146400.0], [4349.9, 11819.0], [4350.0, 50.0], [4350.1, 3545.0], [4350.15, 11815.0], [4350.3, 1208.0], [4350.35, 18103.0], [4350.4, 61822.0], [4350.6, 3557.0], [4350.75, 11856.0], [4350.85, 1063.0]]}}}
{"jsonrpc": "2.0", "method": "subscription", "params": {"channel": "book.ETH-PERPETUAL.none.20.100ms", "data": {"timestamp": 1756894100054, "change_id": 85007971791, "instrument_name": "ETH-PERPETUAL", "bids": [[4348.65, 216686.0], [4348.5, 15836.0], [4348.45, 50000.0], [4348.3, 2749.0], [4348.25, 4786.0], [4348.2, 60673.0], [4348.1, 134400.0], [4348.05, 23000.0], [4348.0, 21193.0], [4347.95, 2527.0], [4347.85, 1046.0], [4347.55, 3892.0], [4347.5, 4274.0], [4347.45, 5899.0], [4347.4, 10446.0], [4347.35, 11791.0], [4347.25, 25.0], [4347.2, 4662.0], [4347.1, 11791.0], [4347.05, 4274.0]], "asks": [[4348.7, 63228.0], [4348.75, 69.0], [4348.85, 10003.0], [4349.15, 5000.0], [4349.2, 1000.0], [4349.5, 140.0], [4349.6, 26737.0], [4349.65, 9971.0], [4349.75, 6438.0], [4349.8, 112352.0], [4349.85, 146400.0], [4349.9, 34819.0], [4350.0, 50.0], [4350.1, 3545.0], [4350.15, 11815.0], [4350.3, 1208.0], [4350.35, 18103.0], [4350.4, 61822.0], [4350.6, 3557.0], [4350.75, 11856.0]]}}}
{"jsonrpc": "2.0", "method": "subscription", "params": {"channel": "book.ETH-PERPETUAL.none.20.100ms", "data": {"timestamp": 1756894100381, "change_id": 85007972318, "instrument_name": "ETH-PERPETUAL", "bids": [[4348.65, 215693.0], [4348.55, 1000.0], [4348.5, 15836.0], [4348.45, 50000.0], [4348.3, 2749.0], [4348.25, 4786.0], [4348.2, 60673.0], [4348.1, 134400.0], [4348.0, 44193.0], [4347.95, 2527.0], [4347.85, 1046.0], [4347.55, 3892.0], [4347.5, 4274.0], [4347.45, 5899.0], [4347.4, 10446.0], [4347.35, 11791.0], [4347.2, 4662.0], [4347.1, 11791.0], [4347.05, 4274.0], [4347.0, 7.0]], "asks": [[4348.7, 63228.0], [4348.75, 69.0], [4348.85, 10003.0], [4349.15, 6000.0], [4349.5, 140.0], [4349.6, 26737.0], [4349.65, 9971.0], [4349.75, 6438.0], [4349.8, 135352.0], [4349.85, 146400.0], [4349.9, 11819.0], [4350.0, 50.0], [4350.1, 3545.0], [4350.15, 11815.0], [4350.3, 1208.0], [4350.35, 18103.0], [4350.4, 61822.0], [4350.6, 3557.0], [4350.75, 11856.0], [4350.85, 1063.0]]}}}
{"jsonrpc": "2.0", "method": "subscription", "params": {"channel": "book.ETH-PERPETUAL.none.20.100ms", "data": {"timestamp": 1756894100722, "change_id": 85007972902, "instrument_name": "ETH-PERPETUAL", "bids": [[4348.65, 216694.0], [4348.5, 15836.0], [4348.45, 50000.0], [4348.3, 2749.0], [4348.25, 4786.0], [4348.2, 60673.0], [4348.1, 134400.0], [4348.0, 44193.0], [4347.95, 2527.0], [4347.85, 1046.0], [4347.55, 3892.0], [4347.5, 4328.0], [4347.45, 5899.0], [4347.4, 10446.0], [4347.35, 11791.0], [4347.25, 27.0], [4347.2, 4662.0], [4347.1, 11791.0], [4347.05, 4274.0], [4347.0, 7.0]], "asks": [[4348.7, 63228.0], [4348.75, 69.0], [4348.85, 10003.0], [4349.2, 1000.0], [4349.5, 140.0], [4349.6, 26737.0], [4349.65, 9971.0], [4349.75, 6438.0], [4349.8, 112352.0], [4349.85, 146400.0], [4349.9, 34819.0], [4350.0, 50.0], [4350.1, 3545.0], [4350.15, 11815.0], [4350.3, 1208.0], [4350.35, 3547.0], [4350.4, 11822.0], [4350.45, 50000.0], [4350.6, 3557.0], [4350.75, 11856.0]]}}}
{"jsonrpc": "2.0", "method": "subscription", "params": {"channel": "book.ETH-PERPETUAL.none.20.100ms", "data": {"timestamp": 1756894101046, "change_id": 85007973106, "instrument_name": "ETH-PERPETUAL", "bids": [[4348.65, 216694.0], [4348.55, 15000.0], [4348.5, 50000.0], [4348.3, 2749.0], [4348.25, 4786.0], [4348.2, 60673.0], [4348.1, 134400.0], [4348.05, 23000.0], [4348.0, 21193.0], [4347.95, 2527.0], [4347.85, 1046.0], [4347.55, 3892.0], [4347.5, 4328.0], [4347.45, 5899.0], [4347.4, 10446.0], [4347.35, 11791.0], [4347.25, 27.0], [4347.2, 4662.0], [4347.1, 11791.0], [4347.05, 4274.0]], "asks": [[4348.7, 63228.0], [4348.75, 69.0], [4348.85, 10003.0], [4349.2, 1000.0], [4349.5, 140.0], [4349.6, 26737.0], [4349.65, 9971.0], [4349.75, 6438.0], [4349.8, 112352.0], [4349.85, 157400.0], [4349.9, 11819.0], [4350.0, 50.0], [4350.05, 7145.0], [4350.1, 12000.0], [4350.15, 11815.0], [4350.3, 1208.0], [4350.35, 3547.0], [4350.4, 11822.0], [4350.5, 53600.0], [4350.6, 3557.0]]}}}
{"jsonrpc": "2.0", "method": "subscription", "params": {"channel": "book.ETH-PERPETUAL.none.20.100ms", "data": {"timestamp": 1756894101373, "change_id": 85007973861, "instrument_name": "ETH-PERPETUAL", "bids": [[4348.65, 216881.0], [4348.55, 15000.0], [4348.5, 50000.0], [4348.3, 2749.0], [4348.25, 4786.0], [4348.2, 60673.0], [4348.1, 134400.0], [4348.05, 23000.0], [4348.0, 1204.0], [4347.95, 2527.0], [4347.85, 1046.0], [4347.65, 5997.0], [4347.6, 19989.0], [4347.55, 3892.0], [4347.5, 4328.0], [4347.45, 5899.0], [4347.4, 10446.0], [4347.35, 11791.0], [4347.25, 27.0], [4347.2, 4662.0]], "asks": [[4348.7, 63228.0], [4348.75, 69.0], [4348.85, 10003.0], [4349.15, 5000.0], [4349.2, 1000.0], [4349.5, 140.0], [4349.6, 26737.0], [4349.65, 9971.0], [4349.75, 18438.0], [4349.8, 112352.0], [4349.85, 157400.0], [4349.9, 11819.0], [4350.0, 50.0], [4350.05, 3545.0], [4350.15, 11815.0], [4350.3, 1208.0], [4350.35, 18103.0], [4350.4, 61822.0], [4350.6, 3557.0], [4350.75, 11856.0]]}}}
{"jsonrpc": "2.0", "method": "subscription", "params": {"channel": "book.ETH-PERPETUAL.none.20.100ms", "data": {"timestamp": 1756894101710, "change_id": 85007974560, "instrument_name": "ETH-PERPETUAL", "bids": [[4348.65, 216718.0], [4348.55, 15000.0], [4348.5, 50000.0], [4348.3, 2749.0], [4348.25, 4786.0], [4348.2, 60673.0], [4348.1, 134400.0], [4348.05, 23000.0], [4348.0, 1204.0], [4347.95, 2527.0], [4347.85, 1046.0], [4347.65, 5997.0], [4347.6, 19989.0], [4347.55, 3892.0], [4347.5, 4328.0], [4347.45, 5899.0], [4347.4, 10446.0], [4347.35, 11791.0], [4347.25, 27.0], [4347.2, 4662.0]], "asks": [[4348.7, 63228.0], [4348.75, 69.0], [4348.85, 10003.0], [4349.15, 5000.0], [4349.2, 1000.0], [4349.5, 140.0], [4349.55, 20.0], [4349.6, 26737.0], [4349.65, 9971.0], [4349.75, 18438.0], [4349.8, 112332.0], [4349.85, 157400.0], [4349.9, 11819.0], [4350.0, 50.0], [4350.05, 3545.0], [4350.15, 11815.0], [4350.3, 1208.0], [4350.35, 18103.0], [4350.4, 61822.0], [4350.6, 3557.0]]}}}
{"jsonrpc": "2.0", "method": "subscription", "params": {"channel": "book.ETH-PERPETUAL.none.20.100ms", "data": {"timestamp": 1756894101998, "change_id": 85007974728, "instrument_name": "ETH-PERPETUAL", "bids": [[4348.65, 216716.0], [4348.55, 15000.0], [4348.5, 50000.0], [4348.3, 2749.0], [4348.25, 4786.0], [4348.2, 60673.0], [4348.1, 134400.0], [4348.05, 23000.0], [4348.0, 1204.0], [4347.95, 2527.0], [4347.85, 1046.0], [4347.65, 5997.0], [4347.6, 19989.0], [4347.55, 3892.0], [4347.5, 4328.0], [4347.45, 5899.0], [4347.4, 10446.0], [4347.35, 11791.0], [4347.25, 27.0], [4347.2, 4662.0]], "asks": [[4348.7, 63228.0], [4348.75, 69.0], [4348.85, 10003.0], [4349.15, 5000.0], [4349.2, 1000.0], [4349.5, 140.0], [4349.55, 20.0], [4349.6, 26737.0], [4349.65, 9971.0], [4349.75, 18438.0], [4349.8, 112332.0], [4349.85, 157400.0], [4349.9, 11819.0], [4350.0, 50.0], [4350.05, 3545.0], [4350.15, 11815.0], [4350.3, 1208.0], [4350.35, 3547.0], [4350.4, 11822.0], [4350.5, 50000.0]]}}}
{"jsonrpc": "2.0", "method": "subscription", "params": {"channel": "book.ETH-PERPETUAL.none.20.100ms", "data": {"timestamp": 1756894102341, "change_id": 85007975321, "instrument_name": "ETH-PERPETUAL", "bids": [[4348.65, 216720.0], [4348.55, 15000.0], [4348.5, 50000.0], [4348.3, 2749.0], [4348.25, 4786.0], [4348.2, 43198.0], [4348.1, 157400.0], [4348.0, 1204.0], [4347.95, 2527.0], [4347.85, 1046.0], [4347.65, 5997.0], [4347.6, 19989.0], [4347.55, 3892.0], [4347.5, 4328.0], [4347.45, 5899.0], [4347.4, 10446.0], [4347.35, 11791.0], [4347.25, 27.0], [4347.2, 4662.0], [4347.1, 11791.0]], "asks": [[4348.7, 63228.0], [4348.75, 69.0], [4348.85, 10003.0], [4349.25, 6000.0], [4349.5, 140.0], [4349.55, 20.0], [4349.6, 26737.0], [4349.65, 9971.0], [4349.75, 18438.0], [4349.8, 112332.0], [4349.85, 157400.0], [4349.9, 11819.0], [4350.0, 50.0], [4350.05, 3545.0], [4350.15, 11815.0], [4350.3, 1208.0], [4350.35, 3547.0], [4350.4, 11822.0], [4350.5, 50000.0], [4350.6, 3557.0]]}}}
{"jsonrpc": "2.0", "method": "subscription", "params": {"channel": "book.ETH-PERPETUAL.none.20.100ms", "data": {"timestamp": 1756894102696, "change_id": 85007976261, "instrument_name": "ETH-PERPETUAL", "bids": [[4348.65, 216805.0], [4348.55, 15000.0], [4348.5, 50000.0], [4348.3, 2749.0], [4348.25, 4786.0], [4348.2, 43198.0], [4348.1, 157400.0], [4348.0, 1204.0], [4347.95, 2527.0], [4347.85, 1046.0], [4347.65, 5997.0], [4347.6, 19989.0], [4347.55, 3892.0], [4347.5, 4328.0], [4347.45, 5899.0], [4347.4, 10446.0], [4347.35, 11791.0], [4347.25, 27.0], [4347.2, 4662.0], [4347.15, 8.0]], "asks": [[4348.7, 63228.0], [4348.75, 69.0], [4348.85, 10003.0], [4349.25, 1000.0], [4349.5, 140.0], [4349.55, 20.0], [4349.6, 26737.0], [4349.65, 9971.0], [4349.75, 18438.0], [4349.8, 112332.0], [4349.85, 134400.0], [4349.9, 34819.0], [4350.0, 50.0], [4350.05, 3545.0], [4350.15, 11815.0], [4350.3, 1208.0], [4350.35, 3547.0], [4350.4, 11822.0], [4350.5, 50000.0], [4350.6, 3557.0]]}}}
{"jsonrpc": "2.0", "method": "subscription", "params": {"channel": "book.ETH-PERPETUAL.none.20.100ms", "data": {"timestamp": 1756894103012, "change_id": 85007976428, "instrument_name": "ETH-PERPETUAL", "bids": [[4348.65, 216805.0], [4348.55, 15000.0], [4348.5, 50000.0], [4348.3, 2749.0], [4348.25, 4786.0], [4348.2, 43198.0], [4348.1, 157400.0], [4348.0, 1204.0], [4347.95, 2527.0], [4347.85, 1046.0], [4347.65, 5997.0], [4347.6, 19989.0], [4347.55, 3892.0], [4347.5, 4328.0], [4347.45, 5899.0], [4347.4, 10446.0], [4347.35, 11791.0], [4347.25, 27.0], [4347.2, 4662.0], [4347.15, 8.0]], "asks": [[4348.7, 63228.0], [4348.75, 69.0], [4348.85, 10003.0], [4349.25, 1000.0], [4349.5, 140.0], [4349.55, 20.0], [4349.6, 26737.0], [4349.65, 9971.0], [4349.75, 18438.0], [4349.8, 112332.0], [4349.85, 134400.0], [4349.9, 34819.0], [4350.0, 50.0], [4350.05, 3545.0], [4350.15, 11815.0], [4350.3, 1208.0], [4350.35, 3547.0], [4350.4, 11822.0], [4350.5, 50000.0], [4350.6, 3557.0]]}}}
{"jsonrpc": "2.0", "method": "subscription", "params": {"channel": "book.ETH-PERPETUAL.none.20.100ms", "data": {"timestamp": 1756894103346, "change_id": 85007976799, "instrument_name": "ETH-PERPETUAL", "bids": [[4348.65, 216813.0], [4348.55, 15000.0], [4348.5, 50000.0], [4348.3, 2749.0], [4348.25, 4786.0], [4348.2, 43198.0], [4348.1, 157400.0], [4348.0, 1204.0], [4347.95, 2527.0], [4347.85, 1046.0], [4347.65, 5997.0], [4347.6, 19989.0], [4347.55, 3892.0], [4347.5, 4328.0], [4347.45, 5899.0], [4347.4, 10446.0], [4347.35, 11791.0], [4347.25, 27.0], [4347.2, 4662.0], [4347.15, 8.0]], "asks": [[4348.7, 63228.0], [4348.75, 69.0], [4348.85, 10003.0], [4349.25, 1000.0], [4349.5, 140.0], [4349.55, 20.0], [4349.6, 26737.0], [4349.65, 9971.0], [4349.75, 18438.0], [4349.8, 112332.0], [4349.85, 134400.0], [4349.9, 34819.0], [4350.0, 50.0], [4350.05, 3545.0], [4350.15, 11815.0], [4350.3, 1208.0], [4350.35, 3547.0], [4350.4, 11822.0], [4350.5, 50000.0], [4350.6, 3557.0]]}}}
{"jsonrpc": "2.0", "method": "subscription", "params": {"channel": "book.ETH-PERPETUAL.none.20.100ms", "data": {"timestamp": 1756894103616, "change_id": 85007977360, "instrument_name": "ETH-PERPETUAL", "bids": [[4348.65, 216641.0], [4348.55, 15000.0], [4348.5, 50000.0], [4348.3, 2749.0], [4348.25, 4786.0], [4348.2, 43198.0], [4348.1, 157400.0], [4348.0, 1209.0], [4347.95, 2527.0], [4347.85, 1046.0], [4347.65, 5997.0], [4347.6, 19989.0], [4347.55, 3892.0], [4347.5, 4328.0], [4347.45, 5899.0], [4347.4, 10446.0], [4347.35, 11791.0], [4347.25, 27.0], [4347.2, 4662.0], [4347.15, 8.0]], "asks": [[4348.7, 63228.0], [4348.75, 69.0], [4348.85, 10003.0], [4349.25, 1000.0], [4349.5, 140.0], [4349.55, 20.0], [4349.6, 26737.0], [4349.65, 9971.0], [4349.75, 18438.0], [4349.8, 112332.0], [4349.85, 134400.0], [4349.9, 34819.0], [4350.0, 50.0], [4350.05, 3545.0], [4350.15, 11815.0], [4350.3, 1208.0], [4350.35, 3547.0], [4350.4, 11822.0], [4350.5, 50000.0], [4350.6, 3557.0]]}}}
{"jsonrpc": "2.0", "method": "subscription", "params": {"channel": "book.ETH-PERPETUAL.none.20.100ms", "data": {"timestamp": 1756894104000, "change_id": 85007977721, "instrument_name": "ETH-PERPETUAL", "bids": [[4348.65, 216587.0], [4348.6, 50000.0], [4348.3, 9305.0], [4348.25, 27786.0], [4348.2, 43198.0], [4348.1, 134400.0], [4348.0, 21198.0], [4347.95, 2527.0], [4347.85, 1046.0], [4347.55, 3892.0], [4347.5, 4328.0], [4347.45, 5899.0], [4347.4, 10446.0], [4347.35, 11791.0], [4347.25, 27.0], [4347.2, 4662.0], [4347.15, 8.0], [4347.1, 11791.0], [4347.05, 4274.0], [4347.0, 18889.0]], "asks": [[4348.7, 63228.0], [4348.75, 69.0], [4348.85, 10003.0], [4349.4, 1000.0], [4349.5, 140.0], [4349.6, 26737.0], [4349.65, 9971.0], [4349.75, 6438.0], [4349.8, 112332.0], [4349.85, 134400.0], [4349.9, 11839.0], [4350.0, 23050.0], [4350.05, 6701.0], [4350.15, 23815.0], [4350.3, 1208.0], [4350.35, 3547.0], [4350.4, 11822.0], [4350.6, 3557.0], [4350.7, 50000.0], [4350.75, 11856.0]]}}}
{"jsonrpc": "2.0", "method": "subscription", "params": {"channel": "book.ETH-PERPETUAL.none.20.100ms", "data": {"timestamp": 1756894104296, "change_id": 85007978090, "instrument_name": "ETH-PERPETUAL", "bids": [[4348.65, 216842.0], [4348.6, 50000.0], [4348.3, 2749.0], [4348.25, 4786.0], [4348.2, 43198.0], [4348.1, 157400.0], [4348.0, 1209.0], [4347.95, 2527.0], [4347.85, 1046.0], [4347.65, 5997.0], [4347.6, 19989.0], [4347.55, 3892.0], [4347.5, 4328.0], [4347.45, 5899.0], [4347.4, 10446.0], [4347.35, 11791.0], [4347.25, 27.0], [4347.2, 4662.0], [4347.15, 8.0], [4347.1, 11791.0]], "asks": [[4348.7, 63228.0], [4348.75, 69.0], [4348.85, 10003.0], [4349.3, 1000.0], [4349.5, 140.0], [4349.6, 26757.0], [4349.65, 9971.0], [4349.75, 6438.0], [4349.8, 124332.0], [4349.85, 134400.0], [4349.9, 11819.0], [4349.95, 23000.0], [4350.0, 50.0], [4350.05, 3545.0], [4350.15, 11815.0], [4350.3, 1208.0], [4350.35, 3547.0], [4350.4, 11822.0], [4350.5, 50000.0], [4350.6, 3557.0]]}}}
{"jsonrpc": "2.0", "method": "subscription", "params": {"channel": "book.ETH-PERPETUAL.none.20.100ms", "data": {"timestamp": 1756894104590, "change_id": 85007978529, "instrument_name": "ETH-PERPETUAL", "bids": [[4348.65, 216832.0], [4348.6, 50000.0], [4348.3, 2749.0], [4348.25, 4786.0], [4348.2, 43198.0], [4348.1, 157400.0], [4348.0, 1209.0], [4347.95, 2527.0], [4347.85, 1046.0], [4347.75, 5997.0], [4347.7, 19989.0], [4347.55, 3892.0], [4347.5, 4328.0], [4347.45, 5899.0], [4347.4, 10446.0], [4347.35, 11791.0], [4347.25, 27.0], [4347.2, 4662.0], [4347.15, 8.0], [4347.1, 11791.0]], "asks": [[4348.7, 63228.0], [4348.75, 69.0], [4348.85, 10003.0], [4349.3, 1000.0], [4349.5, 140.0], [4349.6, 26757.0], [4349.65, 9971.0], [4349.75, 6438.0], [4349.8, 124332.0], [4349.85, 134400.0], [4349.9, 11819.0], [4349.95, 23000.0], [4350.0, 50.0], [4350.05, 3545.0], [4350.15, 11815.0], [4350.3, 1208.0], [4350.35, 3547.0], [4350.4, 11822.0], [4350.5, 50000.0], [4350.6, 3557.0]]}}}
{"jsonrpc": "2.0", "method": "subscription", "params": {"channel": "book.ETH-PERPETUAL.none.20.100ms", "data": {"timestamp": 1756894105000, "change_id": 85007978852, "instrument_name": "ETH-PERPETUAL", "bids": [[4348.65, 216636.0], [4348.6, 50000.0], [4348.3, 2749.0], [4348.25, 4786.0], [4348.2, 43198.0], [4348.1, 157400.0], [4348.0, 1209.0], [4347.95, 2527.0], [4347.85, 1046.0], [4347.65, 5997.0], [4347.6, 19989.0], [4347.55, 3892.0], [4347.5, 4328.0], [4347.45, 5899.0], [4347.4, 10446.0], [4347.35, 11791.0], [4347.25, 27.0], [4347.2, 4662.0], [4347.15, 8.0], [4347.1, 11791.0]], "asks": [[4348.7, 63228.0], [4348.75, 69.0], [4348.85, 10003.0], [4349.3, 1000.0], [4349.5, 140.0], [4349.6, 26757.0], [4349.65, 9971.0], [4349.75, 6438.0], [4349.8, 124332.0], [4349.85, 134400.0], [4349.9, 11819.0], [4349.95, 23000.0], [4350.0, 50.0], [4350.05, 3545.0], [4350.15, 11815.0], [4350.3, 1208.0], [4350.35, 18103.0], [4350.4, 61822.0], [4350.6, 3557.0], [4350.75, 11856.0]]}}}
{"jsonrpc": "2.0", "method": "subscription", "params": {"channel": "book.ETH-PERPETUAL.none.20.100ms", "data": {"timestamp": 1756894105337, "change_id": 85007979228, "instrument_name": "ETH-PERPETUAL", "bids": [[4348.65, 216636.0], [4348.6, 50000.0], [4348.3, 2749.0], [4348.25, 4786.0], [4348.2, 43198.0], [4348.1, 157400.0], [4348.0, 1209.0], [4347.95, 2527.0], [4347.85, 1046.0], [4347.65, 5997.0], [4347.6, 19989.0], [4347.55, 3892.0], [4347.5, 4328.0], [4347.45, 5899.0], [4347.4, 10446.0], [4347.35, 11791.0], [4347.25, 27.0], [4347.2, 4662.0], [4347.15, 8.0], [4347.1, 11791.0]], "asks": [[4348.7, 63228.0], [4348.75, 69.0], [4348.85, 10003.0], [4349.25, 1000.0], [4349.5, 140.0], [4349.6, 26757.0], [4349.65, 9971.0], [4349.75, 6438.0], [4349.8, 124332.0], [4349.85, 134400.0], [4349.9, 11819.0], [4349.95, 23000.0], [4350.0, 50.0], [4350.05, 3545.0], [4350.15, 11815.0], [4350.3, 1208.0], [4350.35, 18103.0], [4350.4, 61822.0], [4350.6, 3557.0], [4350.75, 11856.0]]}}}
{"jsonrpc": "2.0", "method": "subscription", "params": {"channel": "book.ETH-PERPETUAL.none.20.100ms", "data": {"timestamp": 1756894105675, "change_id": 85007979800, "instrument_name": "ETH-PERPETUAL", "bids": [[4348.65, 216739.0], [4348.6, 50000.0], [4348.3, 9305.0], [4348.25, 4786.0], [4348.2, 66198.0], [4348.1, 134400.0], [4348.0, 1209.0], [4347.95, 2527.0], [4347.85, 1046.0], [4347.65, 5997.0], [4347.6, 19989.0], [4347.55, 3892.0], [4347.5, 4328.0], [4347.45, 5899.0], [4347.4, 10446.0], [4347.35, 11791.0], [4347.25, 27.0], [4347.2, 4662.0], [4347.15, 8.0], [4347.1, 11791.0]], "asks": [[4348.7, 63228.0], [4348.75, 69.0], [4348.85, 10003.0], [4349.35, 1000.0], [4349.5, 140.0], [4349.6, 26757.0], [4349.65, 9971.0], [4349.75, 6438.0], [4349.8, 124332.0], [4349.85, 134400.0], [4349.9, 11819.0], [4349.95, 23000.0], [4350.0, 50.0], [4350.05, 3545.0], [4350.15, 11815.0], [4350.3, 1208.0], [4350.35, 18103.0], [4350.4, 61822.0], [4350.6, 3557.0], [4350.75, 11856.0]]}}}
{"jsonrpc": "2.0", "method": "subscription", "params": {"channel": "book.ETH-PERPETUAL.none.20.100ms", "data": {"timestamp": 1756894106000, "change_id": 85007979982, "instrument_name": "ETH-PERPETUAL", "bids": [[4348.65, 216731.0], [4348.6, 50000.0], [4348.3, 9305.0], [4348.25, 4786.0], [4348.2, 66198.0], [4348.1, 134400.0], [4348.0, 1209.0], [4347.95, 2527.0], [4347.85, 1046.0], [4347.65, 5997.0], [4347.6, 19989.0], [4347.55, 3892.0], [4347.5, 4328.0], [4347.45, 5899.0], [4347.4, 10446.0], [4347.35, 11791.0], [4347.25, 27.0], [4347.2, 4662.0], [4347.15, 8.0], [4347.1, 11791.0]], "asks": [[4348.7, 63228.0], [4348.75, 69.0], [4348.85, 10003.0], [4349.35, 1000.0], [4349.5, 140.0], [4349.6, 26757.0], [4349.65, 9971.0], [4349.75, 6438.0], [4349.8, 124332.0], [4349.85, 134400.0], [4349.9, 11819.0], [4349.95, 23000.0], [4350.0, 50.0], [4350.05, 3545.0], [4350.15, 11815.0], [4350.3, 1208.0], [4350.35, 18103.0], [4350.4, 61822.0], [4350.6, 3557.0], [4350.75, 11856.0]]}}}
{"jsonrpc": "2.0", "method": "subscription", "params": {"channel": "book.ETH-PERPETUAL.none.20.100ms", "data": {"timestamp": 1756894106307, "change_id": 85007980325, "instrument_name": "ETH-PERPETUAL", "bids": [[4348.65, 216720.0], [4348.6, 50000.0], [4348.3, 9305.0], [4348.25, 4786.0], [4348.2, 66198.0], [4348.1, 134400.0], [4348.0, 1209.0], [4347.95, 2527.0], [4347.85, 1046.0], [4347.65, 5997.0], [4347.6, 19989.0], [4347.55, 3892.0], [4347.5, 4328.0], [4347.45, 5899.0], [4347.4, 10446.0], [4347.35, 11791.0], [4347.25, 27.0], [4347.2, 4662.0], [4347.15, 8.0], [4347.1, 11791.0]], "asks": [[4348.7, 63228.0], [4348.75, 69.0], [4348.85, 10003.0], [4349.35, 1000.0], [4349.5, 140.0], [4349.6, 26757.0], [4349.65, 9971.0], [4349.75, 6438.0], [4349.8, 124332.0], [4349.85, 134400.0], [4349.9, 11819.0], [4349.95, 23000.0], [4350.0, 50.0], [4350.05, 3545.0], [4350.15, 11815.0], [4350.3, 1208.0], [4350.35, 3547.0], [4350.4, 11822.0], [4350.5, 50000.0], [4350.6, 3557.0]]}}}
{"jsonrpc": "2.0", "method": "subscription", "params": {"channel": "book.ETH-PERPETUAL.none.20.100ms", "data": {"timestamp": 1756894106657, "change_id": 85007981137, "instrument_name": "ETH-PERPETUAL", "bids": [[4348.65, 222160.0], [4348.6, 50000.0], [4348.35, 9649.0], [4348.3, 23000.0], [4348.25, 4786.0], [4348.2, 43198.0], [4348.15, 19988.0], [4348.1, 134400.0], [4348.0, 1209.0], [4347.95, 2527.0], [4347.85, 1046.0], [4347.55, 3892.0], [4347.5, 4328.0], [4347.45, 5899.0], [4347.4, 10446.0], [4347.35, 11791.0], [4347.25, 27.0], [4347.2, 4662.0], [4347.15, 8.0], [4347.1, 11791.0]], "asks": [[4348.7, 63228.0], [4348.75, 69.0], [4348.85, 10003.0], [4349.5, 1140.0], [4349.75, 25765.0], [4349.8, 124105.0], [4349.85, 134400.0], [4350.0, 11741.0], [4350.05, 6438.0], [4350.15, 34815.0], [4350.2, 7509.0], [4350.25, 12000.0], [4350.3, 1208.0], [4350.4, 11822.0], [4350.6, 3557.0], [4350.75, 61856.0], [4350.85, 1063.0], [4350.9, 5335.0], [4350.95, 15000.0], [4351.0, 50000.0]]}}}
{"jsonrpc": "2.0", "method": "subscription", "params": {"channel": "book.ETH-PERPETUAL.none.20.100ms", "data": {"timestamp": 1756894107001, "change_id": 85007981867, "instrument_name": "ETH-PERPETUAL", "bids": [[4348.65, 290297.0], [4348.6, 1200.0], [4348.55, 4001.0], [4348.35, 14439.0], [4348.3, 42989.0], [4348.25, 4786.0], [4348.2, 43198.0], [4348.1, 134400.0], [4348.0, 1209.0], [4347.95, 2527.0], [4347.85, 1046.0], [4347.55, 5138.0], [4347.5, 4328.0], [4347.45, 5899.0], [4347.4, 10446.0], [4347.35, 11791.0], [4347.25, 27.0], [4347.2, 4662.0], [4347.15, 8.0], [4347.1, 11791.0]], "asks": [[4348.7, 63228.0], [4348.75, 69.0], [4348.85, 10003.0], [4349.5, 140.0], [4349.85, 135400.0], [4350.0, 75273.0], [4350.05, 6438.0], [4350.15, 11835.0], [4350.2, 13470.0], [4350.25, 12000.0], [4350.3, 1208.0], [4350.4, 34822.0], [4350.6, 3557.0], [4350.75, 11856.0], [4350.85, 1063.0], [4350.9, 835.0], [4351.15, 11860.0], [4351.2, 15000.0], [4351.25, 50000.0], [4351.35, 42712.0]]}}}
{"jsonrpc": "2.0", "method": "subscription", "params": {"channel": "book.ETH-PERPETUAL.none.20.100ms", "data": {"timestamp": 1756894107330, "change_id": 85007983178, "instrument_name": "ETH-PERPETUAL", "bids": [[4349.45, 82605.0], [4349.35, 32367.0], [4349.3, 108891.0], [4349.15, 10571.0], [4349.1, 50000.0], [4348.75, 14981.0], [4348.65, 44068.0], [4348.6, 1.0], [4348.45, 5997.0], [4348.4, 26270.0], [4348.35, 11773.0], [4348.25, 10680.0], [4348.2, 43198.0], [4348.1, 134400.0], [4348.0, 4446.0], [4347.95, 14258.0], [4347.85, 1046.0], [4347.55, 3369.0], [4347.5, 4328.0], [4347.4, 10446.0]], "asks": [[4349.5, 140.0], [4349.85, 135400.0], [4350.0, 50.0], [4350.1, 20930.0], [4350.15, 69767.0], [4350.2, 7509.0], [4350.25, 12000.0], [4350.3, 1208.0], [4350.35, 6438.0], [4350.4, 11822.0], [4350.5, 6900.0], [4350.55, 23000.0], [4350.6, 3557.0], [4350.75, 11856.0], [4350.85, 1063.0], [4350.9, 835.0], [4351.05, 18558.0], [4351.1, 50000.0], [4351.15, 11860.0], [4351.3, 5794.0]]}}}
{"jsonrpc": "2.0", "method": "subscription", "params": {"channel": "book.ETH-PERPETUAL.none.20.100ms", "data": {"timestamp": 1756894107667, "change_id": 85007984171, "instrument_name": "ETH-PERPETUAL", "bids": [[4349.45, 43591.0], [4349.35, 32367.0], [4349.3, 107891.0], [4349.25, 1000.0], [4349.1, 75000.0], [4348.8, 51199.0], [4348.75, 134400.0], [4348.65, 10814.0], [4348.6, 6901.0], [4348.55, 23000.0], [4348.4, 13260.0], [4348.35, 11773.0], [4348.25, 30668.0], [4348.2, 4376.0], [4348.0, 7744.0], [4347.95, 14258.0], [4347.85, 13388.0], [4347.55, 3369.0], [4347.5, 4328.0], [4347.4, 10446.0]], "asks": [[4349.5, 5398.0], [4349.75, 7420.0], [4349.8, 59048.0], [4349.85, 134400.0], [4350.0, 50.0], [4350.1, 20930.0], [4350.15, 69767.0], [4350.2, 15402.0], [4350.25, 12000.0], [4350.3, 1208.0], [4350.35, 6438.0], [4350.4, 34822.0], [4350.6, 3557.0], [4350.75, 11856.0], [4350.8, 16632.0], [4350.85, 5384.0], [4350.9, 835.0], [4351.0, 50000.0], [4351.1, 3558.0], [4351.15, 11860.0]]}}}
{"jsonrpc": "2.0", "method": "subscription", "params": {"channel": "book.ETH-PERPETUAL.none.20.100ms", "data": {"timestamp": 1756894107988, "change_id": 85007984580, "instrument_name": "ETH-PERPETUAL", "bids": [[4349.45, 42049.0], [4349.35, 32367.0], [4349.3, 107891.0], [4349.15, 1000.0], [4349.1, 25002.0], [4348.85, 50000.0], [4348.8, 51197.0], [4348.75, 134400.0], [4348.65, 10814.0], [4348.6, 1.0], [4348.55, 6900.0], [4348.5, 23000.0], [4348.4, 6281.0], [4348.35, 12273.0], [4348.25, 10680.0], [4348.2, 4376.0], [4348.1, 5998.0], [4348.05, 19988.0], [4348.0, 7744.0], [4347.95, 14258.0]], "asks": [[4349.5, 5418.0], [4349.6, 1000.0], [4349.75, 6420.0], [4349.8, 59048.0], [4349.85, 134400.0], [4350.0, 50.0], [4350.05, 6438.0], [4350.1, 30901.0], [4350.15, 69747.0], [4350.2, 15402.0], [4350.25, 12000.0], [4350.3, 24208.0], [4350.4, 11822.0], [4350.6, 3557.0], [4350.75, 11856.0], [4350.8, 16632.0], [4350.85, 5384.0], [4350.9, 835.0], [4351.0, 50000.0], [4351.1, 3558.0]]}}}
{"jsonrpc": "2.0", "method": "subscription", "params": {"channel": "book.ETH-PERPETUAL.none.20.100ms", "data": {"timestamp": 1756894108315, "change_id": 85007985541, "instrument_name": "ETH-PERPETUAL", "bids": [[4349.45, 36414.0], [4349.35, 33367.0], [4349.3, 107891.0], [4349.15, 7501.0], [4349.1, 25002.0], [4348.9, 15000.0], [4348.85, 50000.0], [4348.8, 51197.0], [4348.75, 134400.0], [4348.65, 33814.0], [4348.6, 1.0], [4348.4, 13410.0], [4348.35, 12273.0], [4348.25, 30668.0], [4348.2, 4376.0], [4348.0, 7744.0], [4347.95, 14258.0], [4347.85, 13388.0], [4347.55, 3369.0], [4347.5, 4328.0]], "asks": [[4349.5, 14896.0], [4349.55, 5000.0], [4349.7, 1000.0], [4349.75, 6420.0], [4349.8, 59048.0], [4349.85, 134400.0], [4349.9, 12000.0], [4350.0, 50.0], [4350.05, 6438.0], [4350.1, 30901.0], [4350.15, 69747.0], [4350.2, 11167.0], [4350.3, 24208.0], [4350.4, 16143.0], [4350.6, 3557.0], [4350.75, 11856.0], [4350.8, 16632.0], [4350.85, 5384.0], [4350.9, 835.0], [4351.0, 50000.0]]}}}
{"jsonrpc": "2.0", "method": "subscription", "params": {"channel": "book.ETH-PERPETUAL.none.20.100ms", "data": {"timestamp": 1756894108647, "change_id": 85007986178, "instrument_name": "ETH-PERPETUAL", "bids": [[4349.45, 36414.0], [4349.4, 1000.0], [4349.35, 32367.0], [4349.3, 107891.0], [4349.1, 2.0], [4349.05, 7500.0], [4349.0, 25000.0], [4348.9, 15000.0], [4348.85, 50000.0], [4348.8, 51197.0], [4348.75, 134400.0], [4348.7, 23000.0], [4348.65, 10814.0], [4348.6, 1.0], [4348.4, 13410.0], [4348.35, 12273.0], [4348.25, 30668.0], [4348.2, 4376.0], [4348.0, 7744.0], [4347.95, 14258.0]], "asks": [[4349.5, 14896.0], [4349.55, 5000.0], [4349.7, 1000.0], [4349.75, 6420.0], [4349.8, 59048.0], [4349.85, 134400.0], [4349.9, 12000.0], [4350.0, 50.0], [4350.05, 6438.0], [4350.1, 30901.0], [4350.15, 69747.0], [4350.2, 11167.0], [4350.3, 24208.0], [4350.4, 16143.0], [4350.45, 15000.0], [4350.5, 50000.0], [4350.6, 3557.0], [4350.75, 11856.0], [4350.8, 16632.0], [4350.85, 5384.0]]}}}
{"jsonrpc": "2.0", "method": "subscription", "params": {"channel": "book.ETH-PERPETUAL.none.20.100ms", "data": {"timestamp": 1756894108990, "change_id": 85007986621, "instrument_name": "ETH-PERPETUAL", "bids": [[4349.45, 219.0], [4349.35, 32367.0], [4349.3, 107891.0], [4349.1, 2.0], [4348.8, 51297.0], [4348.75, 134400.0], [4348.65, 10814.0], [4348.6, 57501.0], [4348.55, 25000.0], [4348.4, 6281.0], [4348.35, 12273.0], [4348.25, 5894.0], [4348.2, 4376.0], [4348.0, 13328.0], [4347.95, 14258.0], [4347.9, 19988.0], [4347.85, 13388.0], [4347.55, 3369.0], [4347.5, 4328.0], [4347.4, 10446.0]], "asks": [[4349.5, 41801.0], [4349.55, 5000.0], [4349.7, 6438.0], [4349.75, 6420.0], [4349.8, 59048.0], [4349.85, 134400.0], [4349.9, 12000.0], [4349.95, 4321.0], [4350.0, 50.0], [4350.1, 30901.0], [4350.15, 69747.0], [4350.2, 3658.0], [4350.3, 1208.0], [4350.4, 16143.0], [4350.6, 3557.0], [4350.75, 11856.0], [4350.8, 1866.0], [4350.85, 5384.0], [4350.9, 835.0], [4350.95, 50000.0]]}}}
{"jsonrpc": "2.0", "method": "subscription", "params": {"channel": "book.ETH-PERPETUAL.none.20.100ms", "data": {"timestamp": 1756894109319, "change_id": 85007987488, "instrument_name": "ETH-PERPETUAL", "bids": [[4349.45, 141.0], [4349.15, 1000.0], [4349.1, 32366.0], [4349.05, 107886.0], [4348.8, 51197.0], [4348.75, 134400.0], [4348.6, 1.0], [4348.55, 12932.0], [4348.5, 23000.0], [4348.45, 20000.0], [4348.4, 21163.0], [4348.35, 56938.0], [4348.3, 11785.0], [4348.2, 13647.0], [4348.15, 25000.0], [4348.0, 13643.0], [4347.95, 12959.0], [4347.85, 13388.0], [4347.8, 9532.0], [4347.75, 19988.0]], "asks": [[4349.5, 58122.0], [4349.55, 6207.0], [4349.7, 6438.0], [4349.75, 6420.0], [4349.8, 59048.0], [4349.85, 134400.0], [4349.9, 23000.0], [4349.95, 4321.0], [4350.0, 50.0], [4350.1, 31963.0], [4350.15, 69747.0], [4350.2, 19748.0], [4350.35, 50000.0], [4350.4, 25148.0], [4350.45, 30018.0], [4350.6, 3557.0], [4350.75, 11856.0], [4350.8, 20599.0], [4350.85, 4321.0], [4350.9, 835.0]]}}}
{"jsonrpc": "2.0", "method": "subscription", "params": {"channel": "book.ETH-PERPETUAL.none.20.100ms", "data": {"timestamp": 1756894109649, "change_id": 85007988217, "instrument_name": "ETH-PERPETUAL", "bids": [[4349.45, 141.0], [4349.2, 1000.0], [4348.85, 2.0], [4348.8, 51197.0], [4348.75, 134400.0], [4348.65, 100.0], [4348.6, 1.0], [4348.55, 49314.0], [4348.45, 45000.0], [4348.4, 56930.0], [4348.35, 6938.0], [4348.3, 11785.0], [4348.2, 6147.0], [4348.0, 13643.0], [4347.95, 12959.0], [4347.85, 13388.0], [4347.8, 9532.0], [4347.7, 19988.0], [4347.65, 11785.0], [4347.55, 4668.0]], "asks": [[4349.5, 83722.0], [4349.55, 5000.0], [4349.6, 11231.0], [4349.65, 9600.0], [4349.7, 6438.0], [4349.8, 59048.0], [4349.85, 134400.0], [4349.95, 27321.0], [4350.0, 50.0], [4350.1, 31963.0], [4350.15, 69747.0], [4350.2, 19748.0], [4350.35, 50000.0], [4350.4, 25148.0], [4350.45, 30018.0], [4350.6, 3557.0], [4350.75, 11856.0], [4350.8, 20599.0], [4350.85, 4321.0], [4350.9, 835.0]]}}}
{"jsonrpc": "2.0", "method": "subscription", "params": {"channel": "book.ETH-PERPETUAL.none.20.100ms", "data": {"timestamp": 1756894109983, "change_id": 85007988504, "instrument_name": "ETH-PERPETUAL", "bids": [[4349.45, 141.0], [4349.25, 1000.0], [4349.05, 32365.0], [4349.0, 107884.0], [4348.85, 2.0], [4348.8, 51197.0], [4348.75, 134400.0], [4348.65, 100.0], [4348.6, 23001.0], [4348.55, 26314.0], [4348.45, 45000.0], [4348.4, 56930.0], [4348.35, 6938.0], [4348.3, 11785.0], [4348.25, 5902.0], [4348.2, 4376.0], [4348.0, 7744.0], [4347.95, 12959.0], [4347.85, 13388.0], [4347.8, 9532.0]], "asks": [[4349.5, 83722.0], [4349.55, 5000.0], [4349.6, 11231.0], [4349.65, 9600.0], [4349.7, 6438.0], [4349.8, 59048.0], [4349.85, 134400.0], [4349.95, 27321.0], [4350.0, 50.0], [4350.1, 30901.0], [4350.15, 70955.0], [4350.2, 19748.0], [4350.35, 50000.0], [4350.4, 25148.0], [4350.45, 30018.0], [4350.6, 3557.0], [4350.75, 11856.0], [4350.8, 20599.0], [4350.85, 4321.0], [4350.9, 835.0]]}}}
{"jsonrpc": "2.0", "method": "subscription", "params": {"channel": "book.ETH-PERPETUAL.none.20.100ms", "data": {"timestamp": 1756894110307, "change_id": 85007989057, "instrument_name": "ETH-PERPETUAL", "bids": [[4349.25, 222.0], [4349.05, 32365.0], [4349.0, 107884.0], [4348.85, 2.0], [4348.8, 47250.0], [4348.75, 134400.0], [4348.65, 100.0], [4348.55, 26314.0], [4348.5, 23000.0], [4348.45, 45000.0], [4348.4, 56930.0], [4348.35, 6938.0], [4348.3, 11785.0], [4348.25, 5902.0], [4348.2, 4376.0], [4348.0, 7744.0], [4347.95, 12959.0], [4347.85, 13388.0], [4347.8, 9532.0], [4347.65, 11785.0]], "asks": [[4349.3, 84510.0], [4349.35, 27800.0], [4349.45, 3139.0], [4349.5, 10145.0], [4349.6, 1931.0], [4349.7, 6438.0], [4349.8, 58825.0], [4349.85, 157400.0], [4349.95, 4321.0], [4350.0, 50050.0], [4350.1, 30901.0], [4350.15, 70955.0], [4350.2, 19748.0], [4350.35, 50000.0], [4350.4, 25148.0], [4350.45, 30018.0], [4350.6, 3557.0], [4350.65, 1062.0], [4350.75, 11856.0], [4350.85, 4321.0]]}}}
{"jsonrpc": "2.0", "method": "subscription", "params": {"channel": "book.ETH-PERPETUAL.none.20.100ms", "data": {"timestamp": 1756894110642, "change_id": 85007989645, "instrument_name": "ETH-PERPETUAL", "bids": [[4349.25, 17294.0], [4349.05, 32365.0], [4349.0, 107884.0], [4348.8, 47250.0], [4348.75, 134400.0], [4348.65, 100.0], [4348.6, 23000.0], [4348.55, 26314.0], [4348.5, 2.0], [4348.45, 45000.0], [4348.4, 56930.0], [4348.35, 6938.0], [4348.3, 11785.0], [4348.25, 5902.0], [4348.2, 4376.0], [4348.0, 7744.0], [4347.95, 12959.0], [4347.85, 13388.0], [4347.8, 9532.0], [4347.65, 11785.0]], "asks": [[4349.3, 84510.0], [4349.35, 500.0], [4349.45, 95.0], [4349.5, 140.0], [4349.6, 1931.0], [4349.7, 6438.0], [4349.8, 58825.0], [4349.85, 157400.0], [4349.95, 4321.0], [4350.0, 50.0], [4350.1, 30901.0], [4350.15, 70955.0], [4350.2, 19748.0], [4350.35, 50000.0], [4350.4, 25148.0], [4350.45, 30018.0], [4350.5, 50000.0], [4350.6, 3557.0], [4350.65, 1062.0], [4350.75, 11856.0]]}}}
{"jsonrpc": "2.0", "method": "subscription", "params": {"channel": "book.ETH-PERPETUAL.none.20.100ms", "data": {"timestamp": 1756894110899, "change_id": 85007989826, "instrument_name": "ETH-PERPETUAL", "bids": [[4349.25, 17294.0], [4349.05, 32365.0], [4349.0, 107884.0], [4348.8, 47250.0], [4348.75, 134400.0], [4348.65, 100.0], [4348.6, 23000.0], [4348.55, 26314.0], [4348.5, 2.0], [4348.45, 45000.0], [4348.4, 56930.0], [4348.35, 6938.0], [4348.3, 11785.0], [4348.25, 5902.0], [4348.2, 4376.0], [4348.0, 7744.0], [4347.95, 12959.0], [4347.85, 13388.0], [4347.8, 9532.0], [4347.65, 11785.0]], "asks": [[4349.3, 84510.0], [4349.35, 500.0], [4349.45, 95.0], [4349.5, 140.0], [4349.6, 1931.0], [4349.7, 6438.0], [4349.8, 41631.0], [4349.85, 134400.0], [4349.95, 27321.0], [4350.0, 50.0], [4350.1, 30901.0], [4350.15, 70955.0], [4350.2, 19748.0], [4350.35, 50000.0], [4350.4, 25148.0], [4350.45, 30018.0], [4350.5, 50000.0], [4350.6, 3557.0], [4350.65, 1062.0], [4350.75, 11856.0]]}}}
{"jsonrpc": "2.0", "method": "subscription", "params": {"channel": "book.ETH-PERPETUAL.none.20.100ms", "data": {"timestamp": 1756894111282, "change_id": 85007990232, "instrument_name": "ETH-PERPETUAL", "bids": [[4349.25, 17118.0], [4349.05, 32365.0], [4349.0, 107884.0], [4348.8, 47250.0], [4348.75, 134400.0], [4348.65, 100.0], [4348.6, 23000.0], [4348.55, 26314.0], [4348.5, 2.0], [4348.45, 45000.0], [4348.4, 56930.0], [4348.35, 6938.0], [4348.3, 11785.0], [4348.25, 5902.0], [4348.2, 4376.0], [4348.0, 7744.0], [4347.95, 12959.0], [4347.85, 13388.0], [4347.8, 9532.0], [4347.65, 11785.0]], "asks": [[4349.3, 80189.0], [4349.35, 500.0], [4349.45, 95.0], [4349.5, 140.0], [4349.6, 1931.0], [4349.7, 6438.0], [4349.8, 41631.0], [4349.85, 134400.0], [4349.95, 27321.0], [4350.0, 50.0], [4350.1, 30901.0], [4350.15, 70955.0], [4350.2, 19748.0], [4350.35, 50000.0], [4350.4, 39023.0], [4350.45, 30018.0], [4350.5, 50000.0], [4350.6, 3557.0], [4350.65, 1062.0], [4350.75, 26856.0]]}}}
{"jsonrpc": "2.0", "method": "subscription", "params": {"channel": "book.ETH-PERPETUAL.none.20.100ms", "data": {"timestamp": 1756894111596, "change_id": 85007990727, "instrument_name": "ETH-PERPETUAL", "bids": [[4349.25, 218.0], [4349.2, 1000.0], [4348.8, 47250.0], [4348.75, 134400.0], [4348.65, 100.0], [4348.6, 23000.0], [4348.55, 26314.0], [4348.45, 45000.0], [4348.4, 56930.0], [4348.35, 6938.0], [4348.3, 11785.0], [4348.25, 5902.0], [4348.2, 4376.0], [4348.0, 7744.0], [4347.95, 12959.0], [4347.85, 13388.0], [4347.8, 9532.0], [4347.65, 11785.0], [4347.6, 19988.0], [4347.55, 4668.0]], "asks": [[4349.3, 84510.0], [4349.35, 500.0], [4349.45, 95.0], [4349.5, 3680.0], [4349.55, 11800.0], [4349.6, 4301.0], [4349.65, 7900.0], [4349.7, 6438.0], [4349.8, 41631.0], [4349.85, 134400.0], [4349.9, 23000.0], [4349.95, 4321.0], [4350.0, 50.0], [4350.1, 30901.0], [4350.15, 70955.0], [4350.2, 19748.0], [4350.35, 50000.0], [4350.4, 25148.0], [4350.45, 30018.0], [4350.6, 3557.0]]}}}
{"jsonrpc": "2.0", "method": "subscription", "params": {"channel": "book.ETH-PERPETUAL.none.20.100ms", "data": {"timestamp": 1756894111964, "change_id": 85007991085, "instrument_name": "ETH-PERPETUAL", "bids": [[4349.25, 16119.0], [4349.2, 1000.0], [4349.0, 32364.0], [4348.95, 107879.0], [4348.8, 47250.0], [4348.75, 134400.0], [4348.65, 100.0], [4348.55, 49314.0], [4348.45, 45000.0], [4348.4, 56930.0], [4348.35, 6938.0], [4348.3, 11785.0], [4348.25, 5902.0], [4348.2, 4376.0], [4348.0, 7744.0], [4347.95, 12959.0], [4347.85, 13388.0], [4347.8, 9532.0], [4347.65, 11785.0], [4347.6, 19988.0]], "asks": [[4349.3, 76746.0], [4349.35, 500.0], [4349.45, 95.0], [4349.5, 3680.0], [4349.7, 6438.0], [4349.8, 58327.0], [4349.85, 134400.0], [4349.9, 23000.0], [4349.95, 4321.0], [4350.0, 50050.0], [4350.1, 30901.0], [4350.15, 70955.0], [4350.2, 19748.0], [4350.35, 50000.0], [4350.4, 25148.0], [4350.45, 30018.0], [4350.6, 3557.0], [4350.65, 1062.0], [4350.75, 26856.0], [4350.85, 4321.0]]}}}
{"jsonrpc": "2.0", "method": "subscription", "params": {"channel": "book.ETH-PERPETUAL.none.20.100ms", "data": {"timestamp": 1756894112294, "change_id": 85007991565, "instrument_name": "ETH-PERPETUAL", "bids": [[4349.25, 18309.0], [4349.0, 38363.0], [4348.95, 107877.0], [4348.8, 67250.0], [4348.75, 134400.0], [4348.65, 100.0], [4348.55, 49314.0], [4348.45, 75000.0], [4348.4, 6930.0], [4348.35, 6938.0], [4348.3, 11785.0], [4348.25, 5902.0], [4348.2, 4376.0], [4348.0, 7744.0], [4347.95, 11773.0], [4347.85, 13388.0], [4347.8, 9532.0], [4347.65, 11785.0], [4347.6, 19988.0], [4347.55, 4668.0]], "asks": [[4349.3, 101395.0], [4349.35, 5956.0], [4349.45, 95.0], [4349.5, 140.0], [4349.8, 58327.0], [4349.85, 134400.0], [4349.9, 23000.0], [4349.95, 4321.0], [4350.0, 50.0], [4350.1, 30901.0], [4350.15, 70955.0], [4350.2, 19748.0], [4350.35, 50000.0], [4350.4, 25148.0], [4350.45, 30018.0], [4350.6, 3557.0], [4350.65, 1062.0], [4350.75, 26856.0], [4350.85, 4321.0], [4350.9, 835.0]]}}}
{"jsonrpc": "2.0", "method": "subscription", "params": {"channel": "book.ETH-PERPETUAL.none.20.100ms", "data": {"timestamp": 1756894112609, "change_id": 85007993034, "instrument_name": "ETH-PERPETUAL", "bids": [[4348.35, 500.0], [4348.0, 18084.0], [4347.9, 50000.0], [4347.85, 13488.0], [4347.8, 43862.0], [4347.75, 137080.0], [4347.65, 11808.0], [4347.6, 2179.0], [4347.55, 7210.0], [4347.5, 54.0], [4347.4, 3545.0], [4347.35, 11791.0], [4347.25, 27.0], [4347.2, 4662.0], [4347.15, 208.0], [4347.1, 11791.0], [4347.05, 4274.0], [4347.0, 9558.0], [4346.95, 19988.0], [4346.85, 11826.0]], "asks": [[4348.4, 10305.0], [4348.6, 15900.0], [4348.65, 15900.0], [4348.75, 53583.0], [4348.8, 46867.0], [4349.0, 20.0], [4349.05, 5130.0], [4349.2, 1201.0], [4349.25, 42514.0], [4349.3, 22004.0], [4349.35, 5956.0], [4349.4, 32434.0], [4349.45, 107877.0], [4349.5, 140.0], [4349.65, 1.0], [4349.8, 41631.0], [4349.85, 134400.0], [4349.9, 61808.0], [4349.95, 4321.0], [4350.0, 50.0]]}}}
{"jsonrpc": "2.0", "method": "subscription", "params": {"channel": "book.ETH-PERPETUAL.none.20.100ms", "data": {"timestamp": 1756894112943, "change_id": 85007994151, "instrument_name": "ETH-PERPETUAL", "bids": [[4348.35, 23831.0], [4348.3, 23833.0], [4348.25, 107876.0], [4348.0, 6480.0], [4347.9, 4412.0], [4347.85, 12342.0], [4347.8, 49318.0], [4347.75, 177400.0], [4347.65, 11808.0], [4347.6, 17007.0], [4347.55, 5911.0], [4347.5, 54.0], [4347.4, 84102.0], [4347.35, 11791.0], [4347.25, 27.0], [4347.2, 4662.0], [4347.15, 208.0], [4347.1, 11791.0], [4347.05, 4274.0], [4347.0, 9558.0]], "asks": [[4348.4, 31012.0], [4348.7, 9977.0], [4348.75, 27395.0], [4348.85, 3600.0], [4348.9, 12000.0], [4349.05, 70220.0], [4349.1, 134400.0], [4349.2, 1824.0], [4349.25, 5580.0], [4349.35, 500.0], [4349.4, 32405.0], [4349.45, 109084.0], [4349.5, 11948.0], [4349.6, 15000.0], [4349.65, 50001.0], [4349.8, 19526.0], [4349.9, 12870.0], [4349.95, 4321.0], [4350.0, 50050.0], [4350.35, 4843.0]]}}}
{"jsonrpc": "2.0", "method": "subscription", "params": {"channel": "book.ETH-PERPETUAL.none.20.100ms", "data": {"timestamp": 1756894113283, "change_id": 85007994952, "instrument_name": "ETH-PERPETUAL", "bids": [[4348.35, 7931.0], [4348.3, 23833.0], [4348.25, 107876.0], [4348.0, 6480.0], [4347.85, 12342.0], [4347.8, 49318.0], [4347.75, 157400.0], [4347.65, 11808.0], [4347.6, 17007.0], [4347.55, 5911.0], [4347.5, 20054.0], [4347.4, 59102.0], [4347.35, 36791.0], [4347.25, 1326.0], [4347.2, 4662.0], [4347.15, 208.0], [4347.1, 11791.0], [4347.05, 4274.0], [4347.0, 9558.0], [4346.9, 19988.0]], "asks": [[4348.4, 48012.0], [4348.7, 9977.0], [4348.75, 27395.0], [4349.05, 70220.0], [4349.1, 134400.0], [4349.2, 1824.0], [4349.25, 5581.0], [4349.35, 500.0], [4349.4, 47259.0], [4349.45, 109084.0], [4349.5, 61948.0], [4349.6, 15000.0], [4349.65, 50000.0], [4349.8, 5172.0], [4349.9, 12870.0], [4349.95, 4321.0], [4350.0, 50.0], [4350.1, 834.0], [4350.15, 4500.0], [4350.2, 15000.0]]}}}
{"jsonrpc": "2.0", "method": "subscription", "params": {"channel": "book.ETH-PERPETUAL.none.20.100ms", "data": {"timestamp": 1756894113593, "change_id": 85007995605, "instrument_name": "ETH-PERPETUAL", "bids": [[4348.35, 23829.0], [4348.3, 23833.0], [4348.25, 107876.0], [4348.05, 1638.0], [4348.0, 21975.0], [4347.9, 27412.0], [4347.85, 32342.0], [4347.8, 60910.0], [4347.75, 134400.0], [4347.7, 50000.0], [4347.65, 36808.0], [4347.6, 1890.0], [4347.55, 5911.0], [4347.5, 54.0], [4347.4, 3545.0], [4347.35, 11791.0], [4347.25, 1326.0], [4347.2, 10614.0], [4347.15, 1254.0], [4347.1, 31779.0]], "asks": [[4348.4, 13568.0], [4348.55, 2637.0], [4348.6, 5456.0], [4348.75, 95.0], [4348.85, 3600.0], [4348.9, 12000.0], [4349.05, 47220.0], [4349.1, 134400.0], [4349.15, 23000.0], [4349.2, 1824.0], [4349.25, 4413.0], [4349.35, 500.0], [4349.4, 47259.0], [4349.45, 109084.0], [4349.5, 11948.0], [4349.6, 15000.0], [4349.65, 50000.0], [4349.8, 19526.0], [4349.9, 12870.0], [4349.95, 4321.0]]}}}
{"jsonrpc": "2.0", "method": "subscription", "params": {"channel": "book.ETH-PERPETUAL.none.20.100ms", "data": {"timestamp": 1756894113947, "change_id": 85007995981, "instrument_name": "ETH-PERPETUAL", "bids": [[4348.35, 23829.0], [4348.3, 23833.0], [4348.25, 107876.0], [4348.2, 5456.0], [4348.0, 11956.0], [4347.95, 20000.0], [4347.9, 4412.0], [4347.85, 12442.0], [4347.8, 60910.0], [4347.75, 157400.0], [4347.65, 36808.0], [4347.6, 51790.0], [4347.55, 5911.0], [4347.5, 54.0], [4347.4, 3545.0], [4347.35, 11791.0], [4347.25, 1326.0], [4347.2, 10614.0], [4347.15, 1254.0], [4347.1, 11791.0]], "asks": [[4348.4, 14810.0], [4348.5, 1000.0], [4348.55, 1637.0], [4348.6, 5456.0], [4348.75, 3086.0], [4348.8, 9970.0], [4348.85, 3600.0], [4348.9, 12000.0], [4349.05, 47220.0], [4349.1, 134400.0], [4349.15, 23000.0], [4349.2, 1824.0], [4349.25, 4413.0], [4349.35, 500.0], [4349.4, 47259.0], [4349.45, 109084.0], [4349.5, 61948.0], [4349.6, 15000.0], [4349.65, 50000.0], [4349.8, 5172.0]]}}}
{"jsonrpc": "2.0", "method": "subscription", "params": {"channel": "book.ETH-PERPETUAL.none.20.100ms", "data": {"timestamp": 1756894114227, "change_id": 85007996311, "instrument_name": "ETH-PERPETUAL", "bids": [[4348.35, 23829.0], [4348.3, 23833.0], [4348.25, 107880.0], [4348.2, 5456.0], [4348.0, 16469.0], [4347.95, 20000.0], [4347.9, 4412.0], [4347.85, 35442.0], [4347.8, 60910.0], [4347.75, 134400.0], [4347.7, 50000.0], [4347.65, 36808.0], [4347.6, 1790.0], [4347.55, 5911.0], [4347.5, 54.0], [4347.4, 3545.0], [4347.35, 11791.0], [4347.25, 1326.0], [4347.2, 10614.0], [4347.15, 1246.0]], "asks": [[4348.4, 24814.0], [4348.55, 1637.0], [4348.6, 6456.0], [4348.75, 6312.0], [4348.8, 21970.0], [4349.05, 47220.0], [4349.1, 134400.0], [4349.15, 23000.0], [4349.2, 1824.0], [4349.25, 4413.0], [4349.35, 500.0], [4349.4, 47259.0], [4349.45, 109084.0], [4349.5, 11948.0], [4349.6, 15000.0], [4349.65, 50000.0], [4349.8, 5172.0], [4349.9, 12870.0], [4349.95, 4321.0], [4350.0, 50.0]]}}}
{"jsonrpc": "2.0", "method": "subscription", "params": {"channel": "book.ETH-PERPETUAL.none.20.100ms", "data": {"timestamp": 1756894114583, "change_id": 85007996886, "instrument_name": "ETH-PERPETUAL", "bids": [[4348.35, 23829.0], [4348.3, 23833.0], [4348.25, 107936.0], [4348.2, 5456.0], [4348.0, 16469.0], [4347.95, 20000.0], [4347.9, 4412.0], [4347.85, 35442.0], [4347.8, 60910.0], [4347.75, 134400.0], [4347.65, 36808.0], [4347.6, 16566.0], [4347.55, 5911.0], [4347.5, 50054.0], [4347.4, 3545.0], [4347.35, 11791.0], [4347.25, 1326.0], [4347.2, 10614.0], [4347.15, 1246.0], [4347.1, 11791.0]], "asks": [[4348.4, 42683.0], [4348.5, 1000.0], [4348.55, 1637.0], [4348.6, 5456.0], [4348.7, 10340.0], [4348.75, 24495.0], [4348.8, 9970.0], [4349.05, 47220.0], [4349.1, 134400.0], [4349.15, 23000.0], [4349.2, 1824.0], [4349.25, 4413.0], [4349.35, 500.0], [4349.4, 47259.0], [4349.45, 107877.0], [4349.5, 61948.0], [4349.6, 15000.0], [4349.65, 50000.0], [4349.8, 5172.0], [4349.9, 12870.0]]}}}
{"jsonrpc": "2.0", "method": "subscription", "params": {"channel": "book.ETH-PERPETUAL.none.20.100ms", "data": {"timestamp": 1756894114901, "change_id": 85007997194, "instrument_name": "ETH-PERPETUAL", "bids": [[4348.35, 23829.0], [4348.3, 23833.0], [4348.25, 107936.0], [4348.2, 5456.0], [4348.0, 16532.0], [4347.95, 20000.0], [4347.9, 4412.0], [4347.85, 35442.0], [4347.8, 60910.0], [4347.75, 134400.0], [4347.65, 36808.0], [4347.6, 16566.0], [4347.55, 5911.0], [4347.5, 50054.0], [4347.4, 3545.0], [4347.35, 11791.0], [4347.25, 1326.0], [4347.2, 10614.0], [4347.15, 1246.0], [4347.1, 11791.0]], "asks": [[4348.4, 42683.0], [4348.5, 1000.0], [4348.55, 1637.0], [4348.6, 5456.0], [4348.7, 10340.0], [4348.75, 24495.0], [4348.8, 9970.0], [4348.85, 32363.0], [4348.9, 107875.0], [4349.05, 47220.0], [4349.1, 134400.0], [4349.15, 23000.0], [4349.2, 1824.0], [4349.25, 4413.0], [4349.35, 500.0], [4349.4, 14854.0], [4349.5, 61948.0], [4349.6, 15000.0], [4349.65, 50000.0], [4349.8, 5172.0]]}}}
{"jsonrpc": "2.0", "method": "subscription", "params": {"channel": "book.ETH-PERPETUAL.none.20.100ms", "data": {"timestamp": 1756894115264, "change_id": 85007997644, "instrument_name": "ETH-PERPETUAL", "bids": [[4348.35, 23829.0], [4348.3, 23833.0], [4348.25, 107936.0], [4348.2, 5456.0], [4348.0, 16532.0], [4347.95, 20000.0], [4347.9, 4412.0], [4347.85, 35442.0], [4347.8, 60910.0], [4347.75, 134400.0], [4347.65, 36808.0], [4347.6, 16566.0], [4347.55, 55911.0], [4347.5, 54.0], [4347.4, 3545.0], [4347.35, 11791.0], [4347.25, 1326.0], [4347.2, 10614.0], [4347.15, 1246.0], [4347.1, 11791.0]], "asks": [[4348.4, 32723.0], [4348.55, 2637.0], [4348.6, 5456.0], [4348.7, 6242.0], [4348.75, 95.0], [4348.8, 21970.0], [4348.85, 32363.0], [4348.9, 107875.0], [4349.05, 47220.0], [4349.1, 134400.0], [4349.2, 24824.0], [4349.25, 4413.0], [4349.35, 500.0], [4349.4, 3584.0], [4349.5, 11948.0], [4349.6, 15000.0], [4349.65, 50000.0], [4349.8, 5172.0], [4349.9, 12870.0], [4349.95, 5529.0]]}}}
{"jsonrpc": "2.0", "method": "subscription", "params": {"channel": "book.ETH-PERPETUAL.none.20.100ms", "data": {"timestamp": 1756894115603, "change_id": 85007998220, "instrument_name": "ETH-PERPETUAL", "bids": [[4348.35, 23829.0], [4348.3, 30133.0], [4348.25, 107936.0], [4348.1, 1658.0], [4348.05, 5456.0], [4348.0, 3803.0], [4347.85, 12442.0], [4347.8, 60910.0], [4347.75, 157400.0], [4347.65, 11808.0], [4347.6, 16566.0], [4347.55, 5911.0], [4347.5, 54.0], [4347.45, 50000.0], [4347.4, 9492.0], [4347.35, 11791.0], [4347.25, 1326.0], [4347.2, 30614.0], [4347.15, 1246.0], [4347.1, 11791.0]], "asks": [[4348.4, 46051.0], [4348.45, 1000.0], [4348.55, 1637.0], [4348.6, 5456.0], [4348.7, 7521.0], [4348.75, 27395.0], [4348.8, 9970.0], [4348.85, 32363.0], [4348.9, 107875.0], [4349.05, 47220.0], [4349.1, 157400.0], [4349.2, 1824.0], [4349.25, 4413.0], [4349.35, 500.0], [4349.4, 3584.0], [4349.5, 11948.0], [4349.6, 15000.0], [4349.65, 50000.0], [4349.8, 5172.0], [4349.9, 12870.0]]}}}
{"jsonrpc": "2.0", "method": "subscription", "params": {"channel": "book.ETH-PERPETUAL.none.20.100ms", "data": {"timestamp": 1756894115918, "change_id": 85007998559, "instrument_name": "ETH-PERPETUAL", "bids": [[4348.35, 23829.0], [4348.3, 30133.0], [4348.25, 113392.0], [4348.0, 15432.0], [4347.95, 20000.0], [4347.85, 12442.0], [4347.8, 66862.0], [4347.75, 134400.0], [4347.65, 11808.0], [4347.6, 16566.0], [4347.55, 5911.0], [4347.5, 25054.0], [4347.45, 50000.0], [4347.4, 3545.0], [4347.35, 11791.0], [4347.25, 1326.0], [4347.2, 10614.0], [4347.15, 1246.0], [4347.1, 11791.0], [4347.05, 4274.0]], "asks": [[4348.4, 40060.0], [4348.55, 2637.0], [4348.6, 5456.0], [4348.7, 7521.0], [4348.75, 27395.0], [4348.8, 9970.0], [4348.85, 32363.0], [4348.9, 107875.0], [4349.05, 47220.0], [4349.1, 157400.0], [4349.2, 1824.0], [4349.25, 4413.0], [4349.35, 500.0], [4349.4, 3584.0], [4349.5, 11948.0], [4349.6, 15000.0], [4349.65, 50000.0], [4349.8, 5172.0], [4349.9, 12870.0], [4349.95, 5529.0]]}}}
{"jsonrpc": "2.0", "method": "subscription", "params": {"channel": "book.ETH-PERPETUAL.none.20.100ms", "data": {"timestamp": 1756894116249, "change_id": 85007998855, "instrument_name": "ETH-PERPETUAL", "bids": [[4348.35, 22829.0], [4348.3, 30133.0], [4348.25, 113392.0], [4348.1, 1000.0], [4348.0, 9803.0], [4347.95, 20000.0], [4347.85, 12442.0], [4347.8, 43862.0], [4347.75, 134400.0], [4347.65, 11808.0], [4347.6, 29119.0], [4347.55, 5911.0], [4347.5, 25054.0], [4347.45, 73000.0], [4347.4, 3545.0], [4347.35, 11791.0], [4347.25, 1326.0], [4347.2, 10614.0], [4347.15, 1246.0], [4347.1, 11791.0]], "asks": [[4348.4, 36938.0], [4348.55, 1637.0], [4348.6, 5456.0], [4348.7, 17169.0], [4348.75, 27395.0], [4348.8, 32970.0], [4348.85, 32363.0], [4348.9, 107875.0], [4349.05, 47220.0], [4349.1, 134400.0], [4349.2, 1824.0], [4349.25, 4413.0], [4349.35, 500.0], [4349.4, 3584.0], [4349.5, 11948.0], [4349.6, 15000.0], [4349.65, 50000.0], [4349.8, 5172.0], [4349.9, 12870.0], [4349.95, 5529.0]]}}}
{"jsonrpc": "2.0", "method": "subscription", "params": {"channel": "book.ETH-PERPETUAL.none.20.100ms", "data": {"timestamp": 1756894116597, "change_id": 85007999717, "instrument_name": "ETH-PERPETUAL", "bids": [[4348.35, 500.0], [4348.25, 60.0], [4348.0, 3803.0], [4347.85, 13342.0], [4347.8, 43862.0], [4347.75, 134400.0], [4347.6, 6046.0], [4347.5, 154.0], [4347.45, 20000.0], [4347.35, 15398.0], [4347.3, 50000.0], [4347.25, 27.0], [4347.2, 35152.0], [4347.15, 1246.0], [4347.1, 11791.0], [4347.05, 25000.0], [4347.0, 139.0], [4346.95, 3548.0], [4346.85, 11826.0], [4346.75, 27.0]], "asks": [[4348.4, 74106.0], [4348.5, 6917.0], [4348.55, 17600.0], [4348.7, 9542.0], [4348.75, 95.0], [4348.8, 32970.0], [4348.85, 32363.0], [4348.9, 107875.0], [4349.05, 47220.0], [4349.1, 134400.0], [4349.2, 1824.0], [4349.25, 4413.0], [4349.35, 500.0], [4349.4, 3584.0], [4349.45, 50000.0], [4349.5, 11948.0], [4349.8, 5172.0], [4349.9, 12870.0], [4349.95, 5529.0], [4350.0, 50050.0]]}}}
{"jsonrpc": "2.0", "method": "subscription", "params": {"channel": "book.ETH-PERPETUAL.none.20.100ms", "data": {"timestamp": 1756894116908, "change_id": 85008001408, "instrument_name": "ETH-PERPETUAL", "bids": [[4348.0, 70.0], [4347.85, 12342.0], [4347.5, 54.0], [4347.3, 5031.0], [4347.25, 13436.0], [4347.05, 2.0], [4347.0, 16597.0], [4346.95, 5456.0], [4346.85, 100.0], [4346.8, 103455.0], [4346.75, 27.0], [4346.7, 134408.0], [4346.65, 43000.0], [4346.55, 5921.0], [4346.45, 36831.0], [4346.15, 4844.0], [4346.1, 31814.0], [4346.05, 4322.0], [4345.85, 11668.0], [4345.75, 54.0]], "asks": [[4348.05, 39989.0], [4348.3, 110469.0], [4348.35, 26915.0], [4348.4, 275268.0], [4348.45, 1324.0], [4348.5, 4412.0], [4348.7, 15000.0], [4348.75, 50000.0], [4349.05, 12789.0], [4349.15, 44110.0], [4349.2, 1824.0], [4349.25, 4412.0], [4349.35, 500.0], [4349.4, 3584.0], [4349.5, 61948.0], [4349.8, 5172.0], [4349.85, 17779.0], [4349.9, 11808.0], [4349.95, 19321.0], [4350.0, 50.0]]}}}
{"jsonrpc": "2.0", "method": "subscription", "params": {"channel": "book.ETH-PERPETUAL.none.20.100ms", "data": {"timestamp": 1756894117248, "change_id": 85008002016, "instrument_name": "ETH-PERPETUAL", "bids": [[4348.0, 70.0], [4347.5, 54.0], [4347.3, 5031.0], [4347.25, 13436.0], [4347.05, 2.0], [4347.0, 1806.0], [4346.95, 5456.0], [4346.85, 100.0], [4346.8, 53455.0], [4346.75, 5948.0], [4346.7, 134400.0], [4346.65, 23000.0], [4346.6, 60660.0], [4346.5, 25000.0], [4346.45, 11831.0], [4346.4, 32342.0], [4346.35, 1299.0], [4346.2, 12344.0], [4346.1, 31814.0], [4346.05, 4322.0]], "asks": [[4348.05, 39989.0], [4348.3, 110469.0], [4348.35, 26915.0], [4348.4, 265264.0], [4348.45, 1324.0], [4348.5, 4412.0], [4348.7, 15000.0], [4348.75, 50000.0], [4348.9, 1.0], [4348.95, 15000.0], [4349.0, 50000.0], [4349.05, 12789.0], [4349.15, 44109.0], [4349.2, 1824.0], [4349.25, 4412.0], [4349.35, 1334.0], [4349.4, 3584.0], [4349.5, 11948.0], [4349.8, 5172.0], [4349.85, 17779.0]]}}}
{"jsonrpc": "2.0", "method": "subscription", "params": {"channel": "book.ETH-PERPETUAL.none.20.100ms", "data": {"timestamp": 1756894117577, "change_id": 85008002995, "instrument_name": "ETH-PERPETUAL", "bids": [[4348.0, 70.0], [4347.5, 54.0], [4347.25, 27.0], [4347.05, 2.0], [4347.0, 20237.0], [4346.85, 20100.0], [4346.8, 103455.0], [4346.75, 27.0], [4346.7, 134400.0], [4346.65, 23000.0], [4346.6, 10660.0], [4346.5, 25000.0], [4346.45, 11831.0], [4346.4, 13388.0], [4346.35, 7222.0], [4346.1, 11826.0], [4346.05, 4322.0], [4345.9, 19988.0], [4345.85, 11668.0], [4345.75, 54.0]], "asks": [[4348.05, 44989.0], [4348.3, 110469.0], [4348.35, 26915.0], [4348.4, 265264.0], [4348.45, 1324.0], [4348.5, 4412.0], [4348.7, 15000.0], [4348.75, 50000.0], [4348.9, 1.0], [4349.05, 12789.0], [4349.15, 44109.0], [4349.2, 1824.0], [4349.25, 4412.0], [4349.35, 834.0], [4349.4, 18584.0], [4349.5, 11948.0], [4349.8, 5172.0], [4349.85, 17779.0], [4349.9, 11808.0], [4349.95, 4321.0]]}}}
{"jsonrpc": "2.0", "method": "subscription", "params": {"channel": "book.ETH-PERPETUAL.none.20.100ms", "data": {"timestamp": 1756894117901, "change_id": 85008003685, "instrument_name": "ETH-PERPETUAL", "bids": [[4348.0, 272.0], [4347.55, 1000.0], [4347.5, 54.0], [4347.4, 7439.0], [4347.35, 5456.0], [4347.25, 27.0], [4347.2, 20000.0], [4347.15, 1034.0], [4347.05, 2.0], [4347.0, 33057.0], [4346.95, 50000.0], [4346.9, 23000.0], [4346.8, 78455.0], [4346.75, 27.0], [4346.7, 134400.0], [4346.65, 4412.0], [4346.6, 5923.0], [4346.45, 11831.0], [4346.4, 13388.0], [4346.35, 1299.0]], "asks": [[4348.05, 44989.0], [4348.3, 110469.0], [4348.4, 265264.0], [4348.45, 1324.0], [4348.5, 4412.0], [4348.7, 15000.0], [4348.75, 50000.0], [4348.9, 1.0], [4349.05, 8286.0], [4349.15, 29100.0], [4349.2, 1824.0], [4349.25, 4412.0], [4349.35, 834.0], [4349.4, 18584.0], [4349.5, 11948.0], [4349.8, 5172.0], [4349.9, 11808.0], [4349.95, 22100.0], [4350.0, 50050.0], [4350.2, 56646.0]]}}}
{"jsonrpc": "2.0", "method": "subscription", "params": {"channel": "book.ETH-PERPETUAL.none.20.100ms", "data": {"timestamp": 1756894118251, "change_id": 85008004139, "instrument_name": "ETH-PERPETUAL", "bids": [[4348.0, 70.0], [4347.5, 54.0], [4347.4, 7439.0], [4347.35, 5456.0], [4347.25, 27.0], [4347.2, 20000.0], [4347.15, 1034.0], [4347.0, 20237.0], [4346.95, 50000.0], [4346.8, 101455.0], [4346.75, 27.0], [4346.7, 134400.0], [4346.65, 4412.0], [4346.6, 5923.0], [4346.45, 11831.0], [4346.4, 13388.0], [4346.35, 1299.0], [4346.15, 10841.0], [4346.1, 31814.0], [4346.05, 4322.0]], "asks": [[4348.05, 54959.0], [4348.3, 110469.0], [4348.4, 265264.0], [4348.45, 1324.0], [4348.5, 4412.0], [4348.7, 15000.0], [4348.75, 50000.0], [4348.9, 1.0], [4349.05, 8286.0], [4349.15, 29100.0], [4349.2, 1824.0], [4349.25, 4412.0], [4349.35, 834.0], [4349.4, 18584.0], [4349.5, 11948.0], [4349.8, 24541.0], [4349.9, 11808.0], [4349.95, 22100.0], [4350.0, 50050.0], [4350.2, 56646.0]]}}}
{"jsonrpc": "2.0", "method": "subscription", "params": {"channel": "book.ETH-PERPETUAL.none.20.100ms", "data": {"timestamp": 1756894118567, "change_id": 85008004785, "instrument_name": "ETH-PERPETUAL", "bids": [[4348.0, 70.0], [4347.5, 54.0], [4347.4, 7439.0], [4347.35, 5456.0], [4347.25, 27.0], [4347.2, 20000.0], [4347.15, 1034.0], [4347.0, 20237.0], [4346.95, 50000.0], [4346.9, 23000.0], [4346.8, 78455.0], [4346.75, 27.0], [4346.7, 134400.0], [4346.65, 4412.0], [4346.6, 5923.0], [4346.45, 11831.0], [4346.4, 13388.0], [4346.35, 1299.0], [4346.15, 10841.0], [4346.1, 31814.0]], "asks": [[4348.05, 64964.0], [4348.3, 83169.0], [4348.4, 265264.0], [4348.45, 1324.0], [4348.5, 4412.0], [4348.8, 24002.0], [4348.85, 50000.0], [4348.9, 1.0], [4349.0, 30007.0], [4349.05, 8286.0], [4349.15, 29100.0], [4349.2, 1824.0], [4349.25, 4412.0], [4349.35, 834.0], [4349.4, 18584.0], [4349.5, 61948.0], [4349.8, 5172.0], [4349.9, 11808.0], [4349.95, 22100.0], [4350.0, 50.0]]}}}
{"jsonrpc": "2.0", "method": "subscription", "params": {"channel": "book.ETH-PERPETUAL.none.20.100ms", "data": {"timestamp": 1756894118903, "change_id": 85008005259, "instrument_name": "ETH-PERPETUAL", "bids": [[4348.0, 70.0], [4347.6, 2653.0], [4347.55, 5456.0], [4347.5, 54.0], [4347.4, 7539.0], [4347.25, 27.0], [4347.2, 20000.0], [4347.15, 14433.0], [4347.1, 25000.0], [4347.0, 38139.0], [4346.95, 50000.0], [4346.8, 53455.0], [4346.75, 27.0], [4346.7, 146236.0], [4346.65, 4412.0], [4346.6, 5923.0], [4346.45, 11831.0], [4346.4, 13388.0], [4346.35, 1299.0], [4346.2, 19988.0]], "asks": [[4348.05, 64964.0], [4348.25, 27300.0], [4348.3, 83169.0], [4348.4, 265264.0], [4348.45, 1324.0], [4348.5, 4412.0], [4348.8, 24002.0], [4348.9, 1.0], [4348.95, 50000.0], [4349.0, 30007.0], [4349.05, 8286.0], [4349.15, 29100.0], [4349.2, 1824.0], [4349.25, 4412.0], [4349.35, 834.0], [4349.4, 18584.0], [4349.5, 61948.0], [4349.8, 5172.0], [4349.85, 17779.0], [4349.9, 11808.0]]}}}
{"jsonrpc": "2.0", "method": "subscription", "params": {"channel": "book.ETH-PERPETUAL.none.20.100ms", "data": {"timestamp": 1756894119234, "change_id": 85008005592, "instrument_name": "ETH-PERPETUAL", "bids": [[4348.0, 70.0], [4347.5, 1054.0], [4347.4, 7539.0], [4347.35, 5456.0], [4347.25, 27.0], [4347.2, 20000.0], [4347.15, 8476.0], [4347.1, 25000.0], [4347.0, 15139.0], [4346.9, 23000.0], [4346.8, 103455.0], [4346.75, 27.0], [4346.7, 146236.0], [4346.65, 4412.0], [4346.6, 5923.0], [4346.45, 11831.0], [4346.4, 13388.0], [4346.35, 1299.0], [4346.2, 10841.0], [4346.15, 19988.0]], "asks": [[4348.05, 90949.0], [4348.25, 27300.0], [4348.3, 83169.0], [4348.4, 265264.0], [4348.45, 1324.0], [4348.5, 4412.0], [4348.8, 24002.0], [4348.85, 50000.0], [4348.9, 1.0], [4349.0, 30007.0], [4349.05, 8286.0], [4349.15, 29100.0], [4349.2, 1824.0], [4349.25, 4412.0], [4349.35, 834.0], [4349.4, 18584.0], [4349.5, 61948.0], [4349.8, 5172.0], [4349.85, 17779.0], [4349.9, 11808.0]]}}}
{"jsonrpc": "2.0", "method": "subscription", "params": {"channel": "book.ETH-PERPETUAL.none.20.100ms", "data": {"timestamp": 1756894119509, "change_id": 85008006287, "instrument_name": "ETH-PERPETUAL", "bids": [[4348.0, 70.0], [4347.5, 54.0], [4347.45, 1000.0], [4347.3, 1645.0], [4347.25, 5483.0], [4347.1, 100.0], [4347.05, 6976.0], [4347.0, 20139.0], [4346.8, 53455.0], [4346.75, 48027.0], [4346.7, 184400.0], [4346.5, 7566.0], [4346.45, 11831.0], [4346.4, 13388.0], [4346.35, 7223.0], [4346.1, 11826.0], [4346.05, 4322.0], [4345.9, 19988.0], [4345.85, 11668.0], [4345.75, 54.0]], "asks": [[4348.05, 90949.0], [4348.25, 27300.0], [4348.3, 83169.0], [4348.4, 265264.0], [4348.45, 16158.0], [4348.5, 4412.0], [4348.55, 50000.0], [4348.9, 1.0], [4348.95, 9002.0], [4349.0, 30007.0], [4349.05, 8286.0], [4349.15, 29100.0], [4349.2, 1824.0], [4349.25, 4412.0], [4349.35, 834.0], [4349.4, 18584.0], [4349.5, 61948.0], [4349.8, 5172.0], [4349.85, 17779.0], [4349.9, 11808.0]]}}}
{"jsonrpc": "2.0", "method": "subscription", "params": {"channel": "book.ETH-PERPETUAL.none.20.100ms", "data": {"timestamp": 1756894119902, "change_id": 85008007225, "instrument_name": "ETH-PERPETUAL", "bids": [[4348.0, 70.0], [4347.5, 54.0], [4347.35, 1000.0], [4347.3, 1645.0], [4347.25, 5483.0], [4347.05, 6976.0], [4347.0, 20139.0], [4346.85, 2.0], [4346.8, 53455.0], [4346.75, 48027.0], [4346.7, 184400.0], [4346.65, 100.0], [4346.5, 7566.0], [4346.45, 11831.0], [4346.4, 13388.0], [4346.35, 7223.0], [4346.1, 11826.0], [4346.05, 4322.0], [4345.85, 11668.0], [4345.75, 54.0]], "asks": [[4348.05, 90949.0], [4348.25, 27300.0], [4348.3, 83169.0], [4348.4, 265264.0], [4348.45, 16324.0], [4348.5, 4412.0], [4348.55, 50000.0], [4348.9, 1.0], [4348.95, 9002.0], [4349.0, 30007.0], [4349.05, 8286.0], [4349.15, 29100.0], [4349.2, 1824.0], [4349.25, 4412.0], [4349.35, 834.0], [4349.4, 18584.0], [4349.45, 17779.0], [4349.5, 61948.0], [4349.8, 5172.0], [4349.9, 11808.0]]}}}
{"jsonrpc": "2.0", "method": "subscription", "params": {"channel": "book.ETH-PERPETUAL.none.20.100ms", "data": {"timestamp": 1756894120233, "change_id": 85008007721, "instrument_name": "ETH-PERPETUAL", "bids": [[4348.0, 70.0], [4347.75, 500.0], [4347.5, 54.0], [4347.3, 1645.0], [4347.25, 6483.0], [4347.05, 934.0], [4347.0, 139.0], [4346.85, 2.0], [4346.8, 53455.0], [4346.75, 27.0], [4346.7, 184400.0], [4346.65, 100.0], [4346.6, 43000.0], [4346.5, 13490.0], [4346.45, 11831.0], [4346.4, 13388.0], [4346.35, 26299.0], [4346.1, 11826.0], [4346.05, 4322.0], [4345.95, 9497.0]], "asks": [[4348.05, 90949.0], [4348.25, 27300.0], [4348.3, 83169.0], [4348.4, 265264.0], [4348.45, 16324.0], [4348.5, 4412.0], [4348.55, 50000.0], [4348.75, 500.0], [4348.9, 1.0], [4348.95, 9002.0], [4349.0, 30007.0], [4349.05, 8286.0], [4349.15, 29100.0], [4349.2, 1824.0], [4349.25, 4412.0], [4349.35, 834.0], [4349.4, 33136.0], [4349.5, 61948.0], [4349.75, 17779.0], [4349.8, 5172.0]]}}}
{"jsonrpc": "2.0", "method": "subscription", "params": {"channel": "book.ETH-PERPETUAL.none.20.100ms", "data": {"timestamp": 1756894120550, "change_id": 85008008340, "instrument_name": "ETH-PERPETUAL", "bids": [[4348.0, 70.0], [4347.75, 500.0], [4347.5, 54.0], [4347.25, 27.0], [4347.15, 1000.0], [4347.05, 2613.0], [4347.0, 5595.0], [4346.85, 2.0], [4346.8, 53455.0], [4346.75, 27.0], [4346.7, 134400.0], [4346.65, 100.0], [4346.6, 20000.0], [4346.5, 27544.0], [4346.45, 34831.0], [4346.4, 71278.0], [4346.35, 26299.0], [4346.1, 11826.0], [4346.05, 4322.0], [4345.85, 11668.0]], "asks": [[4348.05, 118249.0], [4348.25, 27300.0], [4348.3, 83169.0], [4348.4, 265264.0], [4348.45, 16324.0], [4348.5, 4412.0], [4348.55, 50000.0], [4348.75, 500.0], [4348.9, 1.0], [4348.95, 9002.0], [4349.0, 30007.0], [4349.05, 8286.0], [4349.15, 27893.0], [4349.2, 1824.0], [4349.25, 4412.0], [4349.35, 834.0], [4349.4, 33136.0], [4349.5, 61948.0], [4349.75, 17779.0], [4349.8, 5172.0]]}}}
{"jsonrpc": "2.0", "method": "subscription", "params": {"channel": "book.ETH-PERPETUAL.none.20.100ms", "data": {"timestamp": 1756894120811, "change_id": 85008008837, "instrument_name": "ETH-PERPETUAL", "bids": [[4348.0, 70.0], [4347.75, 500.0], [4347.5, 54.0], [4347.45, 1000.0], [4347.25, 1664.0], [4347.2, 5456.0], [4347.05, 934.0], [4347.0, 13070.0], [4346.95, 20000.0], [4346.9, 100.0], [4346.85, 2.0], [4346.8, 76455.0], [4346.75, 27.0], [4346.7, 184400.0], [4346.65, 25000.0], [4346.5, 13490.0], [4346.45, 11831.0], [4346.4, 13388.0], [4346.35, 1299.0], [4346.1, 31814.0]], "asks": [[4348.05, 90949.0], [4348.25, 27300.0], [4348.3, 83169.0], [4348.4, 266471.0], [4348.45, 1324.0], [4348.5, 4412.0], [4348.65, 15150.0], [4348.75, 500.0], [4348.8, 50000.0], [4348.9, 1.0], [4348.95, 22877.0], [4349.0, 80007.0], [4349.05, 8286.0], [4349.15, 27893.0], [4349.2, 1824.0], [4349.25, 4412.0], [4349.35, 834.0], [4349.4, 18584.0], [4349.5, 11948.0], [4349.75, 17779.0]]}}}
{"jsonrpc": "2.0", "method": "subscription", "params": {"channel": "book.ETH-PERPETUAL.none.20.100ms", "data": {"timestamp": 1756894121203, "change_id": 85008009120, "instrument_name": "ETH-PERPETUAL", "bids": [[4348.0, 70.0], [4347.75, 500.0], [4347.5, 1054.0], [4347.45, 1637.0], [4347.4, 5456.0], [4347.25, 27.0], [4347.15, 100.0], [4347.05, 934.0], [4347.0, 18923.0], [4346.95, 45000.0], [4346.85, 2.0], [4346.8, 76455.0], [4346.75, 5953.0], [4346.7, 184400.0], [4346.5, 7566.0], [4346.45, 11831.0], [4346.4, 13388.0], [4346.35, 1299.0], [4346.1, 11826.0], [4346.05, 4322.0]], "asks": [[4348.05, 90949.0], [4348.25, 27300.0], [4348.3, 83169.0], [4348.4, 266471.0], [4348.45, 1324.0], [4348.5, 4412.0], [4348.65, 15150.0], [4348.75, 500.0], [4348.8, 50000.0], [4348.9, 1.0], [4348.95, 22877.0], [4349.0, 80007.0], [4349.05, 8286.0], [4349.15, 27893.0], [4349.2, 1824.0], [4349.25, 4412.0], [4349.35, 834.0], [4349.4, 18584.0], [4349.5, 11948.0], [4349.7, 5334.0]]}}}
{"jsonrpc": "2.0", "method": "subscription", "params": {"channel": "book.ETH-PERPETUAL.none.20.100ms", "data": {"timestamp": 1756894121520, "change_id": 85008009640, "instrument_name": "ETH-PERPETUAL", "bids": [[4348.0, 70.0], [4347.75, 500.0], [4347.5, 54.0], [4347.45, 2637.0], [4347.4, 5456.0], [4347.25, 27.0], [4347.15, 100.0], [4347.05, 936.0], [4347.0, 18923.0], [4346.95, 45000.0], [4346.8, 76455.0], [4346.75, 5953.0], [4346.7, 184400.0], [4346.5, 7566.0], [4346.45, 11831.0], [4346.4, 13388.0], [4346.35, 1299.0], [4346.1, 31814.0], [4346.05, 4322.0], [4345.85, 11668.0]], "asks": [[4348.05, 85493.0], [4348.25, 27300.0], [4348.3, 83169.0], [4348.4, 266471.0], [4348.45, 1324.0], [4348.5, 4412.0], [4348.75, 500.0], [4348.85, 39002.0], [4348.9, 1.0], [4349.0, 130007.0], [4349.05, 8286.0], [4349.15, 27893.0], [4349.2, 1824.0], [4349.25, 4412.0], [4349.35, 834.0], [4349.4, 18584.0], [4349.5, 11948.0], [4349.8, 5172.0], [4349.85, 17779.0], [4349.9, 11808.0]]}}}
{"jsonrpc": "2.0", "method": "subscription", "params": {"channel": "book.ETH-PERPETUAL.none.20.100ms", "data": {"timestamp": 1756894121761, "change_id": 85008010163, "instrument_name": "ETH-PERPETUAL", "bids": [[4348.0, 70.0], [4347.75, 500.0], [4347.5, 54.0], [4347.45, 2637.0], [4347.4, 5456.0], [4347.25, 27.0], [4347.15, 100.0], [4347.05, 936.0], [4347.0, 18923.0], [4346.95, 45000.0], [4346.8, 76455.0], [4346.75, 5953.0], [4346.7, 184400.0], [4346.5, 7566.0], [4346.45, 11831.0], [4346.4, 13388.0], [4346.35, 1299.0], [4346.1, 11826.0], [4346.05, 4322.0], [4345.9, 19988.0]], "asks": [[4348.05, 90949.0], [4348.25, 27300.0], [4348.3, 83169.0], [4348.4, 266471.0], [4348.45, 1324.0], [4348.5, 4412.0], [4348.7, 15150.0], [4348.75, 50500.0], [4348.9, 1.0], [4348.95, 24002.0], [4349.0, 80007.0], [4349.05, 8286.0], [4349.15, 27893.0], [4349.2, 1824.0], [4349.25, 4412.0], [4349.35, 834.0], [4349.4, 18584.0], [4349.5, 11948.0], [4349.8, 5172.0], [4349.85, 17779.0]]}}}
{"jsonrpc": "2.0", "method": "subscription", "params": {"channel": "book.ETH-PERPETUAL.none.20.100ms", "data": {"timestamp": 1756894122201, "change_id": 85008010489, "instrument_name": "ETH-PERPETUAL", "bids": [[4348.0, 70.0], [4347.75, 500.0], [4347.5, 54.0], [4347.45, 1637.0], [4347.4, 6456.0], [4347.25, 27.0], [4347.15, 100.0], [4347.05, 936.0], [4347.0, 13070.0], [4346.95, 45000.0], [4346.8, 53455.0], [4346.75, 5953.0], [4346.7, 207400.0], [4346.5, 7566.0], [4346.45, 11831.0], [4346.4, 13388.0], [4346.35, 1299.0], [4346.1, 11826.0], [4346.05, 4322.0], [4345.95, 9497.0]], "asks": [[4348.05, 198798.0], [4348.3, 48978.0], [4348.4, 158607.0], [4348.45, 1324.0], [4348.5, 4412.0], [4348.6, 15150.0], [4348.65, 50000.0], [4348.75, 500.0], [4348.9, 1.0], [4348.95, 24002.0], [4349.0, 80007.0], [4349.05, 8286.0], [4349.15, 27893.0], [4349.2, 1824.0], [4349.25, 4412.0], [4349.35, 834.0], [4349.4, 18584.0], [4349.5, 11948.0], [4349.8, 9541.0], [4349.85, 17779.0]]}}}
{"jsonrpc": "2.0", "method": "subscription", "params": {"channel": "book.ETH-PERPETUAL.none.20.100ms", "data": {"timestamp": 1756894122513, "change_id": 85008010961, "instrument_name": "ETH-PERPETUAL", "bids": [[4348.0, 70.0], [4347.75, 500.0], [4347.5, 54.0], [4347.45, 1637.0], [4347.4, 6456.0], [4347.25, 27.0], [4347.15, 100.0], [4347.05, 936.0], [4347.0, 13070.0], [4346.95, 45000.0], [4346.8, 53455.0], [4346.75, 5953.0], [4346.7, 207400.0], [4346.5, 7566.0], [4346.45, 11831.0], [4346.4, 13388.0], [4346.35, 1299.0], [4346.1, 11826.0], [4346.05, 4322.0], [4345.95, 9497.0]], "asks": [[4348.05, 198798.0], [4348.3, 48978.0], [4348.4, 158607.0], [4348.45, 1324.0], [4348.5, 4412.0], [4348.6, 15150.0], [4348.65, 50000.0], [4348.75, 500.0], [4348.9, 1.0], [4348.95, 24002.0], [4349.0, 80007.0], [4349.05, 8286.0], [4349.15, 27893.0], [4349.2, 1824.0], [4349.25, 4412.0], [4349.35, 834.0], [4349.4, 18584.0], [4349.5, 11948.0], [4349.8, 9541.0], [4349.85, 17779.0]]}}}
{"jsonrpc": "2.0", "method": "subscription", "params": {"channel": "book.ETH-PERPETUAL.none.20.100ms", "data": {"timestamp": 1756894122699, "change_id": 85008011347, "instrument_name": "ETH-PERPETUAL", "bids": [[4348.0, 70.0], [4347.75, 500.0], [4347.5, 54.0], [4347.45, 1637.0], [4347.4, 6456.0], [4347.25, 27.0], [4347.15, 100.0], [4347.05, 936.0], [4347.0, 13070.0], [4346.95, 45000.0], [4346.8, 53455.0], [4346.75, 28953.0], [4346.7, 184400.0], [4346.5, 7566.0], [4346.45, 11831.0], [4346.4, 13388.0], [4346.35, 1299.0], [4346.1, 11826.0], [4346.05, 4322.0], [4345.95, 9497.0]], "asks": [[4348.05, 198798.0], [4348.3, 48978.0], [4348.4, 158607.0], [4348.45, 1324.0], [4348.5, 4412.0], [4348.6, 15150.0], [4348.65, 50000.0], [4348.75, 500.0], [4348.9, 1.0], [4348.95, 24002.0], [4349.0, 80007.0], [4349.05, 8286.0], [4349.15, 27893.0], [4349.2, 1824.0], [4349.25, 4412.0], [4349.35, 834.0], [4349.4, 18584.0], [4349.5, 11948.0], [4349.8, 9541.0], [4349.85, 17779.0]]}}}
{"jsonrpc": "2.0", "method": "subscription", "params": {"channel": "book.ETH-PERPETUAL.none.20.100ms", "data": {"timestamp": 1756894123006, "change_id": 85008011478, "instrument_name": "ETH-PERPETUAL", "bids": [[4348.0, 70.0], [4347.75, 500.0], [4347.5, 54.0], [4347.45, 2637.0], [4347.4, 5456.0], [4347.25, 27.0], [4347.15, 100.0], [4347.05, 936.0], [4347.0, 18923.0], [4346.95, 45000.0], [4346.8, 76455.0], [4346.75, 5953.0], [4346.7, 184400.0], [4346.5, 7566.0], [4346.45, 11831.0], [4346.4, 13388.0], [4346.35, 1299.0], [4346.1, 11826.0], [4346.05, 4322.0], [4345.95, 9497.0]], "asks": [[4348.05, 198798.0], [4348.3, 48978.0], [4348.4, 158607.0], [4348.45, 1324.0], [4348.5, 4412.0], [4348.6, 15150.0], [4348.65, 50000.0], [4348.75, 500.0], [4348.9, 1.0], [4348.95, 24002.0], [4349.0, 80007.0], [4349.05, 8286.0], [4349.15, 27893.0], [4349.2, 1824.0], [4349.25, 4412.0], [4349.35, 834.0], [4349.4, 18584.0], [4349.5, 11948.0], [4349.8, 9541.0], [4349.85, 17779.0]]}}}
{"jsonrpc": "2.0", "method": "subscription", "params": {"channel": "book.ETH-PERPETUAL.none.20.100ms", "data": {"timestamp": 1756894123515, "change_id": 85008012089, "instrument_name": "ETH-PERPETUAL", "bids": [[4348.0, 70.0], [4347.75, 500.0], [4347.5, 54.0], [4347.45, 2637.0], [4347.4, 5456.0], [4347.25, 27.0], [4347.15, 100.0], [4347.05, 936.0], [4347.0, 18923.0], [4346.95, 45000.0], [4346.8, 76455.0], [4346.75, 5953.0], [4346.7, 184400.0], [4346.5, 7566.0], [4346.45, 11831.0], [4346.4, 13388.0], [4346.35, 1299.0], [4346.1, 11826.0], [4346.05, 4322.0], [4345.95, 9497.0]], "asks": [[4348.05, 198798.0], [4348.3, 48978.0], [4348.4, 158607.0], [4348.45, 1324.0], [4348.5, 4412.0], [4348.6, 15150.0], [4348.65, 50000.0], [4348.75, 500.0], [4348.9, 1.0], [4348.95, 24002.0], [4349.0, 80007.0], [4349.05, 8286.0], [4349.15, 27893.0], [4349.2, 1824.0], [4349.25, 4412.0], [4349.35, 834.0], [4349.4, 18584.0], [4349.5, 11948.0], [4349.8, 9541.0], [4349.85, 17779.0]]}}}
