{"jsonrpc": "2.0", "id": 1, "result": ["book.ETH-PERPETUAL.none.20.100ms"], "usIn": 1756480019185247, "usOut": 1756480019185848, "usDiff": 601, "testnet": false}
{"jsonrpc": "2.0", "method": "subscription", "params": {"channel": "book.ETH-PERPETUAL.none.20.100ms", "data": {"timestamp": 1756480019184, "change_id": 84247963346, "instrument_name": "ETH-PERPETUAL", "bids": [[4310.7, 74506.0], [4310.6, 5330.0], [4310.55, 17766.0], [4310.4, 1346.0], [4310.35, 5623.0], [4310.2, 10721.0], [4310.1, 7100.0], [4310.0, 14300.0], [4309.95, 36110.0], [4309.9, 7100.0], [4309.8, 1643.0], [4309.7, 7100.0], [4309.6, 1577.0], [4309.55, 5256.0], [4309.2, 3577.0], [4309.15, 5256.0], [4308.9, 1174.0], [4308.85, 1577.0], [4308.8, 7881.0], [4308.7, 8742.0]], "asks": [[4310.75, 89.0], [4311.2, 8742.0], [4311.3, 3731.0], [4311.7, 2629.0], [4311.75, 13871.0], [4311.85, 2628.0], [4312.0, 7965.0], [4312.15, 2589.0], [4312.2, 10243.0], [4312.25, 5312.0], [4312.5, 1592.0], [4312.55, 5306.0], [4312.6, 4246.0], [4312.65, 8822.0], [4312.8, 7270.0], [4313.0, 23858.0], [4313.1, 8904.0], [4313.2, 56016.0], [4313.25, 5303.0], [4313.4, 3444.0]]}}}
{"jsonrpc": "2.0", "method": "subscription", "params": {"channel": "book.ETH-PERPETUAL.none.20.100ms", "data": {"timestamp": 1756480019317, "change_id": 84247963830, "instrument_name": "ETH-PERPETUAL", "bids": [[4310.7, 75283.0], [4310.65, 10984.0], [4310.6, 6000.0], [4310.4, 14346.0], [4310.35, 5623.0], [4310.2, 18079.0], [4310.1, 7100.0], [4310.05, 54050.0], [4310.0, 14300.0], [4309.95, 30972.0], [4309.9, 7100.0], [4309.8, 1643.0], [4309.75, 12116.0], [4309.7, 7100.0], [4309.6, 1577.0], [4309.55, 5256.0], [4309.2, 3577.0], [4309.15, 5256.0], [4308.9, 1174.0], [4308.85, 1577.0]], "asks": [[4310.75, 89.0], [4311.2, 8742.0], [4311.3, 3731.0], [4311.7, 2629.0], [4311.75, 13871.0], [4311.85, 2628.0], [4311.9, 3000.0], [4312.0, 7965.0], [4312.1, 6000.0], [4312.15, 2589.0], [4312.2, 10243.0], [4312.25, 5312.0], [4312.45, 1592.0], [4312.55, 5306.0], [4312.6, 4246.0], [4312.65, 8822.0], [4312.8, 7270.0], [4313.0, 23858.0], [4313.1, 8904.0], [4313.2, 56016.0]]}}}
{"jsonrpc": "2.0", "method": "subscription", "params": {"channel": "book.ETH-PERPETUAL.none.20.100ms", "data": {"timestamp": 1756480019651, "change_id": 84247965506, "instrument_name": "ETH-PERPETUAL", "bids": [[4310.4, 17766.0], [4310.25, 29990.0], [4310.15, 19257.0], [4310.0, 5777.0], [4309.65, 6000.0], [4309.6, 21577.0], [4309.55, 5256.0], [4309.3, 6597.0], [4309.25, 19989.0], [4309.2, 19595.0], [4309.15, 5256.0], [4309.05, 54050.0], [4308.9, 1174.0], [4308.85, 1577.0], [4308.8, 5258.0], [4308.35, 8515.0], [4308.3, 5258.0], [4308.2, 17709.0], [4308.0, 6241.0], [4307.8, 1577.0]], "asks": [[4310.45, 32145.0], [4310.65, 15842.0], [4310.7, 7205.0], [4310.75, 89.0], [4311.0, 2623.0], [4311.2, 8742.0], [4311.25, 1130.0], [4311.3, 3766.0], [4311.4, 8700.0], [4311.45, 16000.0], [4311.7, 6790.0], [4311.75, 13871.0], [4311.8, 3178.0], [4311.85, 2688.0], [4312.0, 5358.0], [4312.05, 2589.0], [4312.2, 30466.0], [4312.25, 5312.0], [4312.4, 54050.0], [4312.45, 1592.0]]}}}
{"jsonrpc": "2.0", "method": "subscription", "params": {"channel": "book.ETH-PERPETUAL.none.20.100ms", "data": {"timestamp": 1756480019979, "change_id": 84247966350, "instrument_name": "ETH-PERPETUAL", "bids": [[4310.4, 10000.0], [4310.15, 22257.0], [4309.95, 25320.0], [4309.9, 17766.0], [4309.75, 9900.0], [4309.65, 13000.0], [4309.6, 21577.0], [4309.55, 5256.0], [4309.3, 5997.0], [4309.25, 19989.0], [4309.2, 17595.0], [4309.15, 5256.0], [4309.05, 54050.0], [4308.85, 3561.0], [4308.8, 12526.0], [4308.45, 2000.0], [4308.35, 8515.0], [4308.3, 5258.0], [4308.2, 20430.0], [4308.15, 8742.0]], "asks": [[4310.45, 32145.0], [4310.6, 7100.0], [4310.65, 15842.0], [4310.7, 7195.0], [4310.75, 89.0], [4311.0, 7423.0], [4311.05, 16000.0], [4311.2, 8742.0], [4311.25, 1130.0], [4311.3, 3766.0], [4311.6, 60.0], [4311.65, 6520.0], [4311.7, 7862.0], [4311.75, 13871.0], [4311.8, 1625.0], [4312.0, 5358.0], [4312.05, 2589.0], [4312.1, 1124.0], [4312.2, 30466.0], [4312.25, 5312.0]]}}}
{"jsonrpc": "2.0", "method": "subscription", "params": {"channel": "book.ETH-PERPETUAL.none.20.100ms", "data": {"timestamp": 1756480020310, "change_id": 84247968175, "instrument_name": "ETH-PERPETUAL", "bids": [[4309.25, 29990.0], [4309.2, 13286.0], [4309.0, 19989.0], [4308.7, 54050.0], [4308.6, 25251.0], [4308.45, 2000.0], [4308.3, 5258.0], [4308.2, 1577.0], [4308.0, 5255.0], [4307.8, 1577.0], [4307.75, 21390.0], [4307.6, 4002.0], [4307.55, 8742.0], [4307.4, 5256.0], [4307.25, 7369.0], [4307.2, 5255.0], [4307.15, 2623.0], [4307.1, 8742.0], [4306.8, 5266.0], [4306.65, 2975.0]], "asks": [[4309.3, 10704.0], [4309.5, 1201.0], [4309.55, 7334.0], [4309.75, 95.0], [4310.4, 7334.0], [4310.45, 5251.0], [4310.55, 6930.0], [4310.6, 30009.0], [4310.65, 15842.0], [4310.7, 7100.0], [4310.75, 89.0], [4310.9, 2363.0], [4310.95, 5251.0], [4311.0, 2625.0], [4311.15, 2623.0], [4311.2, 8742.0], [4311.25, 2564.0], [4311.3, 3766.0], [4311.35, 5311.0], [4311.55, 21750.0]]}}}
{"jsonrpc": "2.0", "method": "subscription", "params": {"channel": "book.ETH-PERPETUAL.none.20.100ms", "data": {"timestamp": 1756480020633, "change_id": 84247970150, "instrument_name": "ETH-PERPETUAL", "bids": [[4309.3, 10000.0], [4309.25, 1566.0], [4309.1, 8342.0], [4309.05, 19990.0], [4309.0, 25422.0], [4308.95, 25520.0], [4308.75, 6000.0], [4308.7, 20000.0], [4308.5, 5777.0], [4308.45, 19257.0], [4308.35, 16018.0], [4308.25, 54050.0], [4308.2, 4002.0], [4308.05, 8742.0], [4308.0, 5255.0], [4307.8, 1577.0], [4307.75, 7258.0], [4307.65, 1174.0], [4307.6, 4002.0], [4307.55, 8742.0]], "asks": [[4309.35, 3370.0], [4309.65, 95.0], [4309.75, 1201.0], [4310.4, 3667.0], [4310.45, 5251.0], [4310.55, 10050.0], [4310.6, 20779.0], [4310.65, 8742.0], [4310.7, 7100.0], [4310.75, 89.0], [4310.9, 1575.0], [4310.95, 5251.0], [4311.05, 18856.0], [4311.1, 54110.0], [4311.2, 8742.0], [4311.25, 2564.0], [4311.3, 3766.0], [4311.35, 5251.0], [4311.55, 21750.0], [4311.6, 72500.0]]}}}
{"jsonrpc": "2.0", "method": "subscription", "params": {"channel": "book.ETH-PERPETUAL.none.20.100ms", "data": {"timestamp": 1756480020967, "change_id": 84247971646, "instrument_name": "ETH-PERPETUAL", "bids": [[4310.1, 10000.0], [4309.75, 37093.0], [4309.7, 19257.0], [4309.6, 37756.0], [4309.4, 9283.0], [4309.35, 7100.0], [4309.3, 22281.0], [4309.25, 3842.0], [4309.0, 20195.0], [4308.95, 12090.0], [4308.85, 54050.0], [4308.5, 1574.0], [4308.45, 5247.0], [4308.2, 4002.0], [4308.05, 8742.0], [4308.0, 5255.0], [4307.8, 1577.0], [4307.75, 7258.0], [4307.6, 4002.0], [4307.55, 8742.0]], "asks": [[4310.15, 14341.0], [4310.55, 7195.0], [4310.6, 7100.0], [4310.65, 8742.0], [4310.7, 7100.0], [4310.75, 89.0], [4310.85, 7100.0], [4310.9, 100000.0], [4311.2, 13352.0], [4311.25, 3728.0], [4311.3, 3766.0], [4311.35, 7874.0], [4311.4, 2623.0], [4311.55, 21750.0], [4311.6, 72500.0], [4311.65, 19856.0], [4311.75, 67921.0], [4311.8, 1625.0], [4311.85, 60.0], [4312.0, 6161.0]]}}}
{"jsonrpc": "2.0", "method": "subscription", "params": {"channel": "book.ETH-PERPETUAL.none.20.100ms", "data": {"timestamp": 1756480021300, "change_id": 84247973512, "instrument_name": "ETH-PERPETUAL", "bids": [[4310.7, 4628.0], [4310.5, 42397.0], [4310.3, 19990.0], [4310.15, 19989.0], [4310.1, 20000.0], [4310.0, 5330.0], [4309.95, 17766.0], [4309.5, 16215.0], [4309.45, 54050.0], [4309.4, 4037.0], [4309.35, 12347.0], [4309.05, 11893.0], [4309.0, 41217.0], [4308.95, 5247.0], [4308.75, 2623.0], [4308.7, 8742.0], [4308.5, 1574.0], [4308.45, 5247.0], [4308.2, 4002.0], [4308.05, 8742.0]], "asks": [[4310.75, 89.0], [4311.3, 19766.0], [4311.75, 13871.0], [4311.8, 1625.0], [4312.0, 5358.0], [4312.05, 2589.0], [4312.1, 2605.0], [4312.2, 23923.0], [4312.25, 5312.0], [4312.3, 45460.0], [4312.45, 1592.0], [4312.55, 5306.0], [4312.6, 4246.0], [4312.65, 8762.0], [4312.8, 7270.0], [4313.0, 7977.0], [4313.1, 8904.0], [4313.2, 1966.0], [4313.25, 5303.0], [4313.4, 3444.0]]}}}
{"jsonrpc": "2.0", "method": "subscription", "params": {"channel": "book.ETH-PERPETUAL.none.20.100ms", "data": {"timestamp": 1756480021617, "change_id": 84247975553, "instrument_name": "ETH-PERPETUAL", "bids": [[4311.2, 9700.0], [4310.75, 7100.0], [4310.7, 81642.0], [4310.65, 19989.0], [4310.1, 1589.0], [4310.05, 5247.0], [4310.0, 50.0], [4309.75, 1574.0], [4309.7, 5247.0], [4309.5, 16215.0], [4309.45, 54050.0], [4309.4, 8040.0], [4309.35, 21089.0], [4309.3, 7394.0], [4309.05, 11893.0], [4309.0, 41217.0], [4308.95, 5247.0], [4308.8, 4197.0], [4308.75, 5247.0], [4308.7, 8742.0]], "asks": [[4311.25, 24811.0], [4311.3, 3497.0], [4311.7, 8742.0], [4312.0, 5358.0], [4312.1, 2605.0], [4312.15, 8443.0], [4312.2, 31471.0], [4312.25, 5312.0], [4312.45, 1592.0], [4312.55, 5306.0], [4312.6, 20013.0], [4312.65, 8822.0], [4312.8, 61320.0], [4313.0, 7977.0], [4313.1, 8904.0], [4313.2, 1966.0], [4313.25, 5303.0], [4313.4, 3444.0], [4313.55, 8678.0], [4313.65, 5303.0]]}}}
{"jsonrpc": "2.0", "method": "subscription", "params": {"channel": "book.ETH-PERPETUAL.none.20.100ms", "data": {"timestamp": 1756480021961, "change_id": 84247976631, "instrument_name": "ETH-PERPETUAL", "bids": [[4310.7, 25267.0], [4310.3, 19257.0], [4310.15, 19990.0], [4310.1, 21578.0], [4310.05, 5247.0], [4310.0, 50.0], [4309.8, 1574.0], [4309.7, 5247.0], [4309.5, 16215.0], [4309.45, 54050.0], [4309.4, 5922.0], [4309.35, 12347.0], [4309.3, 7394.0], [4309.0, 4000.0], [4308.95, 5247.0], [4308.9, 8742.0], [4308.8, 1574.0], [4308.75, 5247.0], [4308.5, 1574.0], [4308.45, 5247.0]], "asks": [[4310.75, 25049.0], [4311.2, 8837.0], [4311.6, 16000.0], [4311.65, 2623.0], [4311.7, 8742.0], [4311.8, 2975.0], [4311.95, 5227.0], [4312.0, 7980.0], [4312.15, 2589.0], [4312.2, 10225.0], [4312.25, 5312.0], [4312.4, 60.0], [4312.45, 1592.0], [4312.55, 5306.0], [4312.6, 20013.0], [4312.65, 8762.0], [4312.8, 61320.0], [4312.9, 1124.0], [4313.0, 7977.0], [4313.05, 3497.0]]}}}
{"jsonrpc": "2.0", "method": "subscription", "params": {"channel": "book.ETH-PERPETUAL.none.20.100ms", "data": {"timestamp": 1756480022289, "change_id": 84247978205, "instrument_name": "ETH-PERPETUAL", "bids": [[4310.7, 108312.0], [4310.6, 5700.0], [4310.55, 6000.0], [4310.4, 13000.0], [4310.2, 17605.0], [4310.1, 54050.0], [4310.05, 5247.0], [4310.0, 50.0], [4309.85, 2623.0], [4309.8, 10316.0], [4309.7, 5247.0], [4309.4, 5922.0], [4309.35, 21089.0], [4309.3, 7394.0], [4309.0, 4000.0], [4308.95, 5247.0], [4308.9, 8742.0], [4308.8, 1574.0], [4308.75, 5247.0], [4308.5, 1574.0]], "asks": [[4310.75, 4.0], [4312.0, 50.0], [4312.2, 8631.0], [4312.55, 7928.0], [4312.6, 4328.0], [4312.65, 13988.0], [4312.8, 7270.0], [4312.9, 1124.0], [4313.0, 9011.0], [4313.05, 3497.0], [4313.1, 8904.0], [4313.2, 1966.0], [4313.25, 5303.0], [4313.4, 19191.0], [4313.5, 54050.0], [4313.55, 8678.0], [4313.65, 5303.0], [4313.7, 21750.0], [4313.75, 72500.0], [4313.85, 12179.0]]}}}
{"jsonrpc": "2.0", "method": "subscription", "params": {"channel": "book.ETH-PERPETUAL.none.20.100ms", "data": {"timestamp": 1756480022626, "change_id": 84247979682, "instrument_name": "ETH-PERPETUAL", "bids": [[4311.15, 7100.0], [4311.1, 7100.0], [4310.75, 77142.0], [4310.7, 146216.0], [4310.35, 1573.0], [4310.3, 5244.0], [4310.2, 1589.0], [4310.05, 5247.0], [4310.0, 50.0], [4309.8, 1574.0], [4309.7, 5247.0], [4309.4, 8157.0], [4309.35, 13989.0], [4309.3, 7394.0], [4309.25, 1174.0], [4309.0, 4000.0], [4308.95, 5247.0], [4308.9, 8742.0], [4308.8, 1574.0], [4308.75, 5247.0]], "asks": [[4311.8, 17804.0], [4311.85, 7100.0], [4311.9, 20335.0], [4311.95, 8301.0], [4312.0, 50.0], [4312.65, 13988.0], [4312.8, 7270.0], [4313.0, 9011.0], [4313.05, 3497.0], [4313.1, 8904.0], [4313.2, 4588.0], [4313.25, 5303.0], [4313.4, 19191.0], [4313.5, 54050.0], [4313.55, 8678.0], [4313.65, 5303.0], [4313.7, 21750.0], [4313.75, 72500.0], [4313.85, 4576.0], [4314.0, 14586.0]]}}}
{"jsonrpc": "2.0", "method": "subscription", "params": {"channel": "book.ETH-PERPETUAL.none.20.100ms", "data": {"timestamp": 1756480022956, "change_id": 84247980940, "instrument_name": "ETH-PERPETUAL", "bids": [[4311.75, 7500.0], [4311.7, 3000.0], [4311.45, 5997.0], [4311.4, 39247.0], [4311.35, 6000.0], [4311.3, 20000.0], [4311.2, 5330.0], [4311.15, 17766.0], [4310.95, 5997.0], [4310.9, 19989.0], [4310.75, 27633.0], [4310.7, 63199.0], [4310.6, 5244.0], [4310.35, 1573.0], [4310.3, 5244.0], [4310.2, 1589.0], [4310.05, 5247.0], [4310.0, 50.0], [4309.8, 1574.0], [4309.7, 5247.0]], "asks": [[4311.8, 32145.0], [4311.85, 7100.0], [4311.9, 7195.0], [4311.95, 7100.0], [4312.0, 50.0], [4312.15, 7100.0], [4312.45, 8700.0], [4312.5, 16000.0], [4312.55, 13000.0], [4312.6, 5896.0], [4312.65, 13988.0], [4312.8, 7270.0], [4313.0, 9829.0], [4313.05, 6119.0], [4313.1, 8904.0], [4313.2, 2020.0], [4313.25, 5303.0], [4313.4, 18388.0], [4313.5, 54050.0], [4313.55, 8678.0]]}}}
{"jsonrpc": "2.0", "method": "subscription", "params": {"channel": "book.ETH-PERPETUAL.none.20.100ms", "data": {"timestamp": 1756480023244, "change_id": 84247981679, "instrument_name": "ETH-PERPETUAL", "bids": [[4311.75, 7500.0], [4311.7, 4800.0], [4311.65, 6000.0], [4311.5, 9677.0], [4311.45, 13000.0], [4311.4, 31254.0], [4311.35, 19990.0], [4311.3, 20000.0], [4311.2, 5330.0], [4311.15, 17766.0], [4310.95, 5997.0], [4310.8, 19989.0], [4310.75, 27633.0], [4310.7, 55542.0], [4310.6, 5244.0], [4310.4, 4374.0], [4310.35, 9335.0], [4310.3, 5244.0], [4310.2, 1589.0], [4310.05, 5247.0]], "asks": [[4311.8, 25045.0], [4311.9, 95.0], [4311.95, 7100.0], [4312.0, 50.0], [4312.15, 7100.0], [4312.5, 16000.0], [4312.65, 13988.0], [4312.75, 13000.0], [4312.8, 7270.0], [4313.0, 9829.0], [4313.05, 6154.0], [4313.1, 8904.0], [4313.2, 2020.0], [4313.25, 5303.0], [4313.4, 18388.0], [4313.5, 54050.0], [4313.55, 9802.0], [4313.65, 5303.0], [4313.7, 21750.0], [4313.75, 72500.0]]}}}
{"jsonrpc": "2.0", "method": "subscription", "params": {"channel": "book.ETH-PERPETUAL.none.20.100ms", "data": {"timestamp": 1756480023617, "change_id": 84247983975, "instrument_name": "ETH-PERPETUAL", "bids": [[4311.95, 62897.0], [4311.85, 6000.0], [4311.75, 37798.0], [4311.7, 19990.0], [4311.65, 13000.0], [4311.6, 7223.0], [4311.4, 54050.0], [4310.8, 4082.0], [4310.75, 7100.0], [4310.7, 1262.0], [4310.6, 7867.0], [4310.55, 8742.0], [4310.4, 4374.0], [4310.35, 9335.0], [4310.3, 5244.0], [4310.2, 1589.0], [4310.05, 5247.0], [4310.0, 2673.0], [4309.95, 8742.0], [4309.8, 1574.0]], "asks": [[4312.0, 50.0], [4312.8, 360.0], [4313.05, 3532.0], [4313.45, 2603.0], [4313.55, 9802.0], [4313.6, 5244.0], [4313.65, 5303.0], [4313.8, 9494.0], [4313.85, 16000.0], [4314.0, 15648.0], [4314.05, 1591.0], [4314.1, 100.0], [4314.2, 5303.0], [4314.3, 54.0], [4314.4, 19956.0], [4314.45, 68300.0], [4314.6, 1590.0], [4314.75, 5300.0], [4314.85, 11182.0], [4314.9, 8754.0]]}}}
{"jsonrpc": "2.0", "method": "subscription", "params": {"channel": "book.ETH-PERPETUAL.none.20.100ms", "data": {"timestamp": 1756480023946, "change_id": 84247985765, "instrument_name": "ETH-PERPETUAL", "bids": [[4312.75, 28266.0], [4312.65, 6000.0], [4312.45, 13000.0], [4312.3, 39257.0], [4312.05, 39979.0], [4312.0, 7100.0], [4311.95, 7100.0], [4311.9, 7100.0], [4311.75, 42.0], [4311.6, 12465.0], [4311.4, 54050.0], [4311.2, 5242.0], [4310.8, 1952.0], [4310.6, 7867.0], [4310.55, 8742.0], [4310.4, 1573.0], [4310.3, 5244.0], [4310.2, 1589.0], [4310.15, 1175.0], [4310.05, 5247.0]], "asks": [[4312.8, 21868.0], [4313.25, 8742.0], [4313.6, 2623.0], [4313.95, 5157.0], [4314.0, 17189.0], [4314.05, 2477.0], [4314.1, 2621.0], [4314.2, 5303.0], [4314.3, 4800.0], [4314.35, 16000.0], [4314.4, 4275.0], [4314.45, 14304.0], [4314.6, 21138.0], [4314.7, 54050.0], [4314.75, 5300.0], [4314.85, 5079.0], [4314.9, 8754.0], [4315.0, 5291.0], [4315.05, 1583.0], [4315.2, 21714.0]]}}}
{"jsonrpc": "2.0", "method": "subscription", "params": {"channel": "book.ETH-PERPETUAL.none.20.100ms", "data": {"timestamp": 1756480024278, "change_id": 84247987164, "instrument_name": "ETH-PERPETUAL", "bids": [[4312.75, 3000.0], [4312.6, 6000.0], [4312.4, 17766.0], [4312.35, 19990.0], [4312.3, 19257.0], [4312.0, 7100.0], [4311.95, 7100.0], [4311.9, 7100.0], [4311.75, 42.0], [4311.65, 19989.0], [4311.6, 5242.0], [4311.5, 6251.0], [4311.4, 54050.0], [4311.2, 5242.0], [4310.8, 1952.0], [4310.6, 9642.0], [4310.55, 8742.0], [4310.45, 7010.0], [4310.4, 1573.0], [4310.3, 5244.0]], "asks": [[4312.8, 14793.0], [4313.25, 8742.0], [4313.6, 2623.0], [4313.95, 5157.0], [4314.0, 17189.0], [4314.05, 2477.0], [4314.1, 2621.0], [4314.2, 5303.0], [4314.4, 4275.0], [4314.45, 15375.0], [4314.6, 21138.0], [4314.7, 54050.0], [4314.75, 5300.0], [4314.85, 5079.0], [4314.9, 8754.0], [4314.95, 1063.0], [4315.0, 5291.0], [4315.05, 1583.0], [4315.2, 21714.0], [4315.25, 47187.0]]}}}
{"jsonrpc": "2.0", "method": "subscription", "params": {"channel": "book.ETH-PERPETUAL.none.20.100ms", "data": {"timestamp": 1756480024608, "change_id": 84247988170, "instrument_name": "ETH-PERPETUAL", "bids": [[4312.75, 69747.0], [4312.65, 7130.0], [4312.6, 23766.0], [4312.55, 3900.0], [4312.5, 13000.0], [4312.35, 19989.0], [4312.2, 7860.0], [4312.0, 11360.0], [4311.95, 7100.0], [4311.9, 7100.0], [4311.75, 42.0], [4311.7, 1573.0], [4311.6, 5242.0], [4311.45, 16215.0], [4311.4, 54050.0], [4311.25, 1573.0], [4311.2, 5242.0], [4310.8, 1952.0], [4310.6, 9642.0], [4310.55, 8742.0]], "asks": [[4312.8, 452.0], [4313.25, 8742.0], [4313.6, 2623.0], [4313.95, 5157.0], [4314.0, 17189.0], [4314.05, 2377.0], [4314.1, 2621.0], [4314.2, 5303.0], [4314.35, 16215.0], [4314.4, 58325.0], [4314.45, 15435.0], [4314.6, 5122.0], [4314.75, 5300.0], [4314.85, 5079.0], [4314.9, 8754.0], [4314.95, 1063.0], [4315.0, 5291.0], [4315.05, 1583.0], [4315.2, 7998.0], [4315.35, 8698.0]]}}}
{"jsonrpc": "2.0", "method": "subscription", "params": {"channel": "book.ETH-PERPETUAL.none.20.100ms", "data": {"timestamp": 1756480024937, "change_id": 84247989431, "instrument_name": "ETH-PERPETUAL", "bids": [[4312.75, 7500.0], [4312.6, 25257.0], [4312.5, 19990.0], [4312.35, 11777.0], [4312.25, 37766.0], [4311.8, 7582.0], [4311.75, 42.0], [4311.65, 19989.0], [4311.6, 5242.0], [4311.25, 1573.0], [4311.2, 5242.0], [4311.1, 16215.0], [4311.05, 54050.0], [4310.8, 1952.0], [4310.6, 9642.0], [4310.55, 8742.0], [4310.45, 7010.0], [4310.4, 1573.0], [4310.3, 5244.0], [4310.2, 1589.0]], "asks": [[4312.8, 21891.0], [4313.2, 7100.0], [4313.25, 8742.0], [4313.6, 2623.0], [4313.7, 4800.0], [4313.75, 16000.0], [4313.95, 5157.0], [4314.0, 17189.0], [4314.05, 18311.0], [4314.1, 2621.0], [4314.2, 59413.0], [4314.4, 4275.0], [4314.45, 15375.0], [4314.6, 5122.0], [4314.75, 5300.0], [4314.85, 5079.0], [4314.9, 8754.0], [4314.95, 1063.0], [4315.0, 5291.0], [4315.05, 15394.0]]}}}
{"jsonrpc": "2.0", "method": "subscription", "params": {"channel": "book.ETH-PERPETUAL.none.20.100ms", "data": {"timestamp": 1756480025270, "change_id": 84247990747, "instrument_name": "ETH-PERPETUAL", "bids": [[4312.75, 90772.0], [4312.7, 4800.0], [4312.6, 14742.0], [4312.5, 13000.0], [4312.45, 17766.0], [4312.3, 90.0], [4311.8, 17602.0], [4311.75, 42.0], [4311.6, 59292.0], [4311.45, 2623.0], [4311.4, 8742.0], [4311.25, 1573.0], [4311.2, 5242.0], [4310.8, 1952.0], [4310.6, 9642.0], [4310.55, 8742.0], [4310.45, 7010.0], [4310.4, 1573.0], [4310.3, 5244.0], [4310.2, 1589.0]], "asks": [[4312.8, 450.0], [4314.0, 17189.0], [4314.1, 2621.0], [4314.2, 5303.0], [4314.45, 14250.0], [4314.55, 2620.0], [4314.6, 21138.0], [4314.7, 54050.0], [4314.75, 5300.0], [4314.85, 5079.0], [4314.9, 8754.0], [4315.0, 5391.0], [4315.05, 1583.0], [4315.1, 60.0], [4315.2, 7898.0], [4315.35, 8698.0], [4315.45, 27062.0], [4315.5, 72709.0], [4315.6, 4439.0], [4315.65, 5278.0]]}}}
{"jsonrpc": "2.0", "method": "subscription", "params": {"channel": "book.ETH-PERPETUAL.none.20.100ms", "data": {"timestamp": 1756480025595, "change_id": 84247992034, "instrument_name": "ETH-PERPETUAL", "bids": [[4312.75, 108537.0], [4312.7, 4800.0], [4312.6, 9900.0], [4312.5, 13000.0], [4312.3, 16305.0], [4312.25, 54050.0], [4311.9, 2623.0], [4311.85, 8742.0], [4311.8, 6584.0], [4311.75, 17366.0], [4311.6, 5242.0], [4311.45, 2623.0], [4311.4, 8742.0], [4311.25, 1573.0], [4311.2, 5242.0], [4311.0, 1175.0], [4310.8, 1952.0], [4310.6, 16242.0], [4310.55, 8742.0], [4310.45, 7010.0]], "asks": [[4312.8, 450.0], [4314.0, 362.0], [4314.4, 2620.0], [4314.45, 14250.0], [4314.6, 6687.0], [4314.65, 5217.0], [4314.75, 5300.0], [4314.85, 7869.0], [4314.9, 8754.0], [4315.0, 19391.0], [4315.05, 17600.0], [4315.15, 54050.0], [4315.2, 7898.0], [4315.35, 8698.0], [4315.45, 27062.0], [4315.5, 72709.0], [4315.6, 4439.0], [4315.65, 5278.0], [4315.8, 8631.0], [4316.0, 1633.0]]}}}
{"jsonrpc": "2.0", "method": "subscription", "params": {"channel": "book.ETH-PERPETUAL.none.20.100ms", "data": {"timestamp": 1756480025930, "change_id": 84247993027, "instrument_name": "ETH-PERPETUAL", "bids": [[4312.75, 52738.0], [4312.7, 3000.0], [4312.65, 1800.0], [4312.6, 9900.0], [4312.5, 13000.0], [4312.4, 2157.0], [4312.35, 7100.0], [4312.3, 90.0], [4312.1, 5997.0], [4312.05, 19989.0], [4312.0, 2623.0], [4311.85, 8742.0], [4311.8, 17589.0], [4311.6, 59292.0], [4311.45, 2623.0], [4311.4, 8742.0], [4311.25, 1573.0], [4311.2, 5242.0], [4311.0, 1175.0], [4310.8, 1952.0]], "asks": [[4312.8, 16958.0], [4313.9, 2465.0], [4313.95, 5235.0], [4314.0, 8551.0], [4314.05, 19217.0], [4314.4, 20901.0], [4314.45, 14250.0], [4314.5, 54050.0], [4314.55, 60.0], [4314.6, 5122.0], [4314.75, 5300.0], [4314.85, 5079.0], [4314.9, 8754.0], [4314.95, 1125.0], [4315.0, 5291.0], [4315.05, 1583.0], [4315.15, 100.0], [4315.2, 7898.0], [4315.35, 8698.0], [4315.45, 27062.0]]}}}
{"jsonrpc": "2.0", "method": "subscription", "params": {"channel": "book.ETH-PERPETUAL.none.20.100ms", "data": {"timestamp": 1756480026253, "change_id": 84247994126, "instrument_name": "ETH-PERPETUAL", "bids": [[4312.75, 10318.0], [4312.45, 10577.0], [4312.4, 37756.0], [4312.3, 90.0], [4312.05, 3900.0], [4312.0, 13000.0], [4311.8, 7371.0], [4311.65, 19989.0], [4311.6, 7559.0], [4311.55, 7722.0], [4311.4, 17788.0], [4311.35, 54050.0], [4311.2, 5242.0], [4310.8, 1952.0], [4310.6, 15117.0], [4310.55, 9728.0], [4310.45, 7010.0], [4310.4, 20565.0], [4310.3, 5244.0], [4310.2, 1589.0]], "asks": [[4312.8, 18159.0], [4313.65, 2623.0], [4313.7, 8742.0], [4313.9, 6357.0], [4313.95, 5235.0], [4314.0, 18547.0], [4314.05, 5277.0], [4314.4, 20901.0], [4314.45, 14250.0], [4314.5, 54050.0], [4314.6, 5122.0], [4314.75, 5300.0], [4314.85, 10158.0], [4314.9, 8754.0], [4314.95, 21931.0], [4315.0, 5291.0], [4315.05, 1583.0], [4315.15, 100.0], [4315.2, 7898.0], [4315.35, 8698.0]]}}}
{"jsonrpc": "2.0", "method": "subscription", "params": {"channel": "book.ETH-PERPETUAL.none.20.100ms", "data": {"timestamp": 1756480026562, "change_id": 84247995752, "instrument_name": "ETH-PERPETUAL", "bids": [[4312.3, 90.0], [4312.15, 17766.0], [4311.85, 19990.0], [4311.45, 3900.0], [4311.4, 13000.0], [4311.3, 5997.0], [4311.0, 1569.0], [4310.95, 5231.0], [4310.8, 17544.0], [4310.75, 54050.0], [4310.65, 19989.0], [4310.6, 7347.0], [4310.45, 7010.0], [4310.4, 1573.0], [4310.3, 5244.0], [4310.2, 1589.0], [4310.05, 5247.0], [4310.0, 50.0], [4309.85, 5698.0], [4309.8, 20566.0]], "asks": [[4312.35, 32745.0], [4312.45, 1201.0], [4312.55, 2670.0], [4312.75, 6562.0], [4312.8, 21558.0], [4313.1, 7100.0], [4313.25, 8742.0], [4313.55, 60.0], [4313.6, 5231.0], [4313.65, 5219.0], [4313.7, 11357.0], [4313.85, 18680.0], [4313.9, 54050.0], [4313.95, 5235.0], [4314.0, 4547.0], [4314.05, 5217.0], [4314.4, 5335.0], [4314.45, 14250.0], [4314.6, 3532.0], [4314.75, 5300.0]]}}}
{"jsonrpc": "2.0", "method": "subscription", "params": {"channel": "book.ETH-PERPETUAL.none.20.100ms", "data": {"timestamp": 1756480026919, "change_id": 84247997701, "instrument_name": "ETH-PERPETUAL", "bids": [[4311.15, 58113.0], [4311.1, 3000.0], [4311.0, 3150.0], [4310.9, 13000.0], [4310.8, 5997.0], [4310.65, 19988.0], [4310.4, 1573.0], [4310.3, 5244.0], [4310.2, 17605.0], [4310.15, 54050.0], [4310.05, 5247.0], [4310.0, 50.0], [4309.85, 2670.0], [4309.8, 10475.0], [4309.7, 5247.0], [4309.45, 2144.0], [4309.4, 11345.0], [4309.35, 13989.0], [4309.0, 4197.0], [4308.95, 5247.0]], "asks": [[4311.2, 17711.0], [4311.3, 95.0], [4311.95, 6000.0], [4312.3, 8901.0], [4312.35, 23704.0], [4312.45, 1569.0], [4312.5, 5231.0], [4312.75, 9568.0], [4312.8, 14448.0], [4312.95, 1060.0], [4313.0, 3532.0], [4313.05, 60.0], [4313.1, 1569.0], [4313.15, 5231.0], [4313.2, 18510.0], [4313.25, 8742.0], [4313.3, 54050.0], [4313.55, 1569.0], [4313.6, 8640.0], [4313.7, 8742.0]]}}}
{"jsonrpc": "2.0", "method": "subscription", "params": {"channel": "book.ETH-PERPETUAL.none.20.100ms", "data": {"timestamp": 1756480027241, "change_id": 84247998848, "instrument_name": "ETH-PERPETUAL", "bids": [[4311.15, 83214.0], [4311.1, 3000.0], [4311.0, 3150.0], [4310.9, 13000.0], [4310.4, 7373.0], [4310.35, 19989.0], [4310.3, 5244.0], [4310.2, 1589.0], [4310.05, 5247.0], [4310.0, 50.0], [4309.85, 2670.0], [4309.8, 10475.0], [4309.7, 5247.0], [4309.55, 1175.0], [4309.45, 2144.0], [4309.4, 11345.0], [4309.35, 13989.0], [4309.05, 1125.0], [4309.0, 4197.0], [4308.95, 5247.0]], "asks": [[4311.2, 3370.0], [4311.3, 95.0], [4312.3, 8901.0], [4312.35, 26704.0], [4312.45, 14569.0], [4312.5, 5231.0], [4312.7, 1704.0], [4312.75, 5231.0], [4312.8, 448.0], [4312.95, 1060.0], [4313.0, 3532.0], [4313.05, 60.0], [4313.1, 1569.0], [4313.15, 5231.0], [4313.2, 18510.0], [4313.25, 8742.0], [4313.3, 54050.0], [4313.55, 1569.0], [4313.6, 8640.0], [4313.7, 8742.0]]}}}
{"jsonrpc": "2.0", "method": "subscription", "params": {"channel": "book.ETH-PERPETUAL.none.20.100ms", "data": {"timestamp": 1756480027574, "change_id": 84247999801, "instrument_name": "ETH-PERPETUAL", "bids": [[4311.15, 85982.0], [4311.1, 3000.0], [4311.0, 9503.0], [4310.95, 19989.0], [4310.9, 13000.0], [4310.4, 22863.0], [4310.35, 54050.0], [4310.3, 5244.0], [4310.2, 4577.0], [4310.1, 10621.0], [4310.05, 5247.0], [4310.0, 50.0], [4309.85, 2670.0], [4309.8, 10475.0], [4309.7, 5247.0], [4309.55, 1175.0], [4309.45, 2144.0], [4309.4, 11345.0], [4309.35, 13989.0], [4309.15, 6331.0]], "asks": [[4311.2, 3370.0], [4311.3, 95.0], [4311.8, 3000.0], [4311.95, 6000.0], [4312.3, 8901.0], [4312.35, 39704.0], [4312.45, 1569.0], [4312.5, 5231.0], [4312.7, 1704.0], [4312.75, 5231.0], [4312.8, 508.0], [4312.95, 1060.0], [4313.0, 3532.0], [4313.1, 1569.0], [4313.15, 5231.0], [4313.2, 18510.0], [4313.25, 8742.0], [4313.3, 54050.0], [4313.55, 1569.0], [4313.6, 8640.0]]}}}
{"jsonrpc": "2.0", "method": "subscription", "params": {"channel": "book.ETH-PERPETUAL.none.20.100ms", "data": {"timestamp": 1756480027903, "change_id": 84248000580, "instrument_name": "ETH-PERPETUAL", "bids": [[4311.15, 78113.0], [4311.1, 3000.0], [4311.0, 6030.0], [4310.95, 7100.0], [4310.9, 13000.0], [4310.6, 5997.0], [4310.55, 19989.0], [4310.4, 22863.0], [4310.35, 54050.0], [4310.3, 5244.0], [4310.2, 4577.0], [4310.1, 10621.0], [4310.05, 5247.0], [4310.0, 50.0], [4309.85, 2670.0], [4309.8, 10475.0], [4309.7, 5247.0], [4309.55, 1175.0], [4309.45, 2144.0], [4309.4, 11345.0]], "asks": [[4311.2, 3370.0], [4312.25, 10682.0], [4312.3, 8901.0], [4312.35, 26704.0], [4312.45, 1569.0], [4312.5, 5231.0], [4312.7, 1704.0], [4312.75, 5231.0], [4312.8, 508.0], [4312.95, 1060.0], [4313.0, 3532.0], [4313.1, 1569.0], [4313.15, 5231.0], [4313.2, 18510.0], [4313.25, 8742.0], [4313.3, 54050.0], [4313.55, 1569.0], [4313.6, 8640.0], [4313.7, 8742.0], [4313.85, 1679.0]]}}}
{"jsonrpc": "2.0", "method": "subscription", "params": {"channel": "book.ETH-PERPETUAL.none.20.100ms", "data": {"timestamp": 1756480028242, "change_id": 84248001548, "instrument_name": "ETH-PERPETUAL", "bids": [[4311.15, 76689.0], [4311.05, 1800.0], [4311.0, 6000.0], [4310.8, 5997.0], [4310.65, 19989.0], [4310.4, 22863.0], [4310.35, 54050.0], [4310.3, 5244.0], [4310.2, 1589.0], [4310.05, 5247.0], [4310.0, 50.0], [4309.85, 2670.0], [4309.8, 10475.0], [4309.7, 5247.0], [4309.55, 1175.0], [4309.45, 2144.0], [4309.4, 11345.0], [4309.35, 13989.0], [4309.15, 6331.0], [4309.1, 18992.0]], "asks": [[4311.2, 3370.0], [4312.0, 16000.0], [4312.25, 5882.0], [4312.3, 8901.0], [4312.35, 10704.0], [4312.45, 1569.0], [4312.5, 5231.0], [4312.7, 1704.0], [4312.75, 5231.0], [4312.8, 508.0], [4312.95, 1060.0], [4313.0, 3532.0], [4313.1, 1569.0], [4313.15, 5231.0], [4313.2, 18510.0], [4313.25, 8742.0], [4313.3, 54050.0], [4313.55, 1569.0], [4313.6, 8640.0], [4313.7, 8742.0]]}}}
{"jsonrpc": "2.0", "method": "subscription", "params": {"channel": "book.ETH-PERPETUAL.none.20.100ms", "data": {"timestamp": 1756480028574, "change_id": 84248003855, "instrument_name": "ETH-PERPETUAL", "bids": [[4312.75, 7638.0], [4312.7, 12700.0], [4312.65, 4681.0], [4312.6, 3336.0], [4312.4, 16215.0], [4312.35, 54050.0], [4311.7, 19989.0], [4311.65, 45705.0], [4311.4, 7137.0], [4311.35, 14122.0], [4311.2, 29768.0], [4311.15, 58712.0], [4310.9, 3903.0], [4310.85, 8901.0], [4310.8, 5221.0], [4310.6, 1566.0], [4310.55, 5221.0], [4310.4, 4244.0], [4310.3, 5244.0], [4310.25, 8901.0]], "asks": [[4312.8, 448.0], [4313.0, 3532.0], [4313.7, 5221.0], [4313.75, 5210.0], [4313.8, 2610.0], [4313.95, 5221.0], [4314.0, 362.0], [4314.15, 1566.0], [4314.2, 5221.0], [4314.4, 5335.0], [4314.45, 14250.0], [4314.7, 1590.0], [4314.75, 5300.0], [4314.85, 10477.0], [4314.9, 8754.0], [4314.95, 20806.0], [4315.0, 5291.0], [4315.15, 1583.0], [4315.2, 5280.0], [4315.3, 2609.0]]}}}
{"jsonrpc": "2.0", "method": "subscription", "params": {"channel": "book.ETH-PERPETUAL.none.20.100ms", "data": {"timestamp": 1756480028892, "change_id": 84248005809, "instrument_name": "ETH-PERPETUAL", "bids": [[4312.75, 94328.0], [4312.7, 1895.0], [4312.65, 6000.0], [4312.45, 3900.0], [4312.4, 29215.0], [4312.35, 54050.0], [4312.25, 465.0], [4311.75, 5893.0], [4311.65, 14423.0], [4311.6, 5221.0], [4311.4, 4237.0], [4311.35, 14122.0], [4311.15, 956.0], [4310.9, 3903.0], [4310.85, 8901.0], [4310.8, 5221.0], [4310.6, 1566.0], [4310.55, 5221.0], [4310.45, 1175.0], [4310.4, 4244.0]], "asks": [[4312.8, 448.0], [4313.75, 2615.0], [4313.8, 2610.0], [4313.95, 5221.0], [4314.0, 362.0], [4314.05, 3000.0], [4314.2, 11221.0], [4314.4, 11163.0], [4314.45, 14250.0], [4314.5, 13000.0], [4314.6, 9922.0], [4314.65, 16000.0], [4314.75, 5300.0], [4314.85, 10477.0], [4314.9, 8808.0], [4314.95, 20806.0], [4315.0, 5291.0], [4315.15, 1583.0], [4315.2, 5280.0], [4315.3, 18498.0]]}}}
{"jsonrpc": "2.0", "method": "subscription", "params": {"channel": "book.ETH-PERPETUAL.none.20.100ms", "data": {"timestamp": 1756480029236, "change_id": 84248006824, "instrument_name": "ETH-PERPETUAL", "bids": [[4312.75, 74339.0], [4312.7, 21883.0], [4312.65, 6000.0], [4312.45, 3900.0], [4312.4, 29215.0], [4312.35, 54050.0], [4312.1, 2840.0], [4312.05, 9465.0], [4311.75, 5893.0], [4311.65, 14423.0], [4311.6, 5221.0], [4311.4, 4237.0], [4311.35, 14122.0], [4311.15, 956.0], [4310.9, 3903.0], [4310.85, 8901.0], [4310.8, 5221.0], [4310.75, 986.0], [4310.6, 1566.0], [4310.55, 5221.0]], "asks": [[4312.8, 448.0], [4313.75, 2615.0], [4313.8, 2610.0], [4313.95, 5221.0], [4314.0, 362.0], [4314.2, 11221.0], [4314.25, 16000.0], [4314.4, 7930.0], [4314.45, 14250.0], [4314.6, 5122.0], [4314.65, 54.0], [4314.75, 5300.0], [4314.85, 10477.0], [4314.9, 8754.0], [4314.95, 20806.0], [4315.0, 5291.0], [4315.15, 1583.0], [4315.2, 5280.0], [4315.3, 18498.0], [4315.35, 62748.0]]}}}
{"jsonrpc": "2.0", "method": "subscription", "params": {"channel": "book.ETH-PERPETUAL.none.20.100ms", "data": {"timestamp": 1756480029567, "change_id": 84248008160, "instrument_name": "ETH-PERPETUAL", "bids": [[4313.9, 3000.0], [4313.3, 3675.0], [4312.95, 3331.0], [4312.8, 42392.0], [4312.75, 100072.0], [4312.6, 7100.0], [4312.55, 1643.0], [4312.45, 7100.0], [4312.4, 16215.0], [4312.35, 59277.0], [4311.75, 3763.0], [4311.65, 7323.0], [4311.6, 5221.0], [4311.4, 4237.0], [4311.35, 14122.0], [4311.15, 956.0], [4310.9, 3903.0], [4310.85, 8901.0], [4310.8, 5221.0], [4310.75, 986.0]], "asks": [[4313.95, 24811.0], [4314.0, 362.0], [4314.4, 8901.0], [4314.6, 3532.0], [4314.75, 5300.0], [4314.85, 10477.0], [4314.9, 8754.0], [4314.95, 23424.0], [4315.0, 7904.0], [4315.15, 1583.0], [4315.2, 7875.0], [4315.3, 18498.0], [4315.35, 62748.0], [4315.4, 1700.0], [4315.45, 5278.0], [4315.5, 209.0], [4315.6, 4439.0], [4315.65, 5278.0], [4315.8, 8631.0], [4316.0, 1711.0]]}}}
{"jsonrpc": "2.0", "method": "subscription", "params": {"channel": "book.ETH-PERPETUAL.none.20.100ms", "data": {"timestamp": 1756480029896, "change_id": 84248009741, "instrument_name": "ETH-PERPETUAL", "bids": [[4313.9, 13701.0], [4313.8, 3000.0], [4313.4, 13000.0], [4313.35, 37756.0], [4313.3, 20000.0], [4313.25, 19989.0], [4313.0, 2130.0], [4312.8, 10798.0], [4312.75, 5227.0], [4312.6, 7100.0], [4312.55, 1643.0], [4312.45, 7100.0], [4312.4, 16215.0], [4312.35, 59277.0], [4312.2, 18917.0], [4312.0, 1568.0], [4311.95, 5227.0], [4311.75, 3763.0], [4311.65, 7323.0], [4311.6, 5221.0]], "asks": [[4313.95, 24811.0], [4314.0, 362.0], [4314.3, 7100.0], [4314.4, 8901.0], [4314.6, 4764.0], [4314.7, 16000.0], [4314.75, 5300.0], [4314.85, 14615.0], [4314.9, 8754.0], [4314.95, 23424.0], [4315.0, 7904.0], [4315.15, 5436.0], [4315.2, 18781.0], [4315.3, 18498.0], [4315.35, 62748.0], [4315.4, 1700.0], [4315.45, 5278.0], [4315.5, 209.0], [4315.6, 4439.0], [4315.65, 5278.0]]}}}
{"jsonrpc": "2.0", "method": "subscription", "params": {"channel": "book.ETH-PERPETUAL.none.20.100ms", "data": {"timestamp": 1756480030228, "change_id": 84248011587, "instrument_name": "ETH-PERPETUAL", "bids": [[4313.05, 32489.0], [4312.95, 6000.0], [4312.75, 17766.0], [4312.5, 6000.0], [4312.45, 20000.0], [4312.4, 7369.0], [4312.35, 5227.0], [4312.0, 17587.0], [4311.95, 5227.0], [4311.8, 54050.0], [4311.75, 3763.0], [4311.65, 7323.0], [4311.6, 5221.0], [4311.4, 1566.0], [4311.35, 5221.0], [4311.2, 1855.0], [4311.15, 6183.0], [4311.0, 10154.0], [4310.95, 19725.0], [4310.85, 8901.0]], "asks": [[4313.1, 25045.0], [4313.3, 7100.0], [4313.35, 7195.0], [4313.85, 9095.0], [4313.9, 8901.0], [4313.95, 23100.0], [4314.0, 362.0], [4314.2, 6054.0], [4314.25, 5223.0], [4314.35, 7821.0], [4314.4, 8901.0], [4314.55, 1483.0], [4314.6, 4764.0], [4314.65, 21822.0], [4314.75, 59350.0], [4314.85, 10455.0], [4314.9, 8754.0], [4314.95, 20806.0], [4315.0, 5291.0], [4315.15, 5436.0]]}}}
{"jsonrpc": "2.0", "method": "subscription", "params": {"channel": "book.ETH-PERPETUAL.none.20.100ms", "data": {"timestamp": 1756480030555, "change_id": 84248012707, "instrument_name": "ETH-PERPETUAL", "bids": [[4313.05, 16701.0], [4313.0, 19989.0], [4312.95, 6000.0], [4312.85, 17766.0], [4312.65, 3900.0], [4312.6, 13000.0], [4312.5, 11247.0], [4312.45, 20000.0], [4312.4, 21557.0], [4312.35, 5227.0], [4311.95, 5227.0], [4311.85, 16215.0], [4311.8, 54050.0], [4311.7, 3763.0], [4311.65, 7323.0], [4311.6, 5221.0], [4311.4, 1566.0], [4311.35, 5221.0], [4311.2, 1855.0], [4311.15, 6183.0]], "asks": [[4313.1, 25045.0], [4313.3, 7100.0], [4313.35, 7195.0], [4313.85, 9709.0], [4313.9, 8901.0], [4313.95, 23100.0], [4314.0, 362.0], [4314.2, 6054.0], [4314.25, 5223.0], [4314.3, 54.0], [4314.35, 7821.0], [4314.4, 8901.0], [4314.55, 1429.0], [4314.6, 4764.0], [4314.65, 21822.0], [4314.75, 59350.0], [4314.85, 10455.0], [4314.9, 8754.0], [4314.95, 20806.0], [4315.0, 5291.0]]}}}
{"jsonrpc": "2.0", "method": "subscription", "params": {"channel": "book.ETH-PERPETUAL.none.20.100ms", "data": {"timestamp": 1756480030866, "change_id": 84248013386, "instrument_name": "ETH-PERPETUAL", "bids": [[4313.05, 13701.0], [4312.9, 19989.0], [4312.7, 5330.0], [4312.65, 17766.0], [4312.45, 5997.0], [4312.4, 27361.0], [4312.35, 5227.0], [4312.3, 20000.0], [4311.95, 5227.0], [4311.85, 16215.0], [4311.8, 54050.0], [4311.7, 1566.0], [4311.6, 5221.0], [4311.4, 1566.0], [4311.35, 5221.0], [4311.2, 1855.0], [4311.15, 6183.0], [4311.0, 10154.0], [4310.95, 19725.0], [4310.85, 8901.0]], "asks": [[4313.1, 32144.0], [4313.3, 7100.0], [4313.35, 95.0], [4313.6, 16000.0], [4313.9, 8901.0], [4313.95, 7100.0], [4314.0, 362.0], [4314.2, 6054.0], [4314.25, 5223.0], [4314.3, 54.0], [4314.35, 7821.0], [4314.4, 8901.0], [4314.55, 1429.0], [4314.6, 4764.0], [4314.65, 21822.0], [4314.75, 59350.0], [4314.85, 10455.0], [4314.9, 9879.0], [4314.95, 20806.0], [4315.0, 5291.0]]}}}
{"jsonrpc": "2.0", "method": "subscription", "params": {"channel": "book.ETH-PERPETUAL.none.20.100ms", "data": {"timestamp": 1756480031210, "change_id": 84248014141, "instrument_name": "ETH-PERPETUAL", "bids": [[4313.05, 13701.0], [4313.0, 3000.0], [4312.85, 19990.0], [4312.7, 10580.0], [4312.65, 17766.0], [4312.6, 25997.0], [4312.4, 21557.0], [4312.35, 5227.0], [4311.95, 5227.0], [4311.85, 26782.0], [4311.8, 54050.0], [4311.7, 1566.0], [4311.6, 5221.0], [4311.4, 1566.0], [4311.35, 5221.0], [4311.2, 3783.0], [4311.15, 6183.0], [4311.0, 17354.0], [4310.95, 19725.0], [4310.85, 8901.0]], "asks": [[4313.1, 32144.0], [4313.3, 7100.0], [4313.35, 95.0], [4313.6, 16000.0], [4313.85, 8195.0], [4313.9, 8901.0], [4313.95, 20100.0], [4314.0, 362.0], [4314.2, 6054.0], [4314.25, 5223.0], [4314.3, 54.0], [4314.35, 7821.0], [4314.4, 8901.0], [4314.55, 1429.0], [4314.6, 4764.0], [4314.65, 21822.0], [4314.75, 59350.0], [4314.85, 10455.0], [4314.9, 9879.0], [4314.95, 20806.0]]}}}
{"jsonrpc": "2.0", "method": "subscription", "params": {"channel": "book.ETH-PERPETUAL.none.20.100ms", "data": {"timestamp": 1756480031550, "change_id": 84248015188, "instrument_name": "ETH-PERPETUAL", "bids": [[4312.7, 19701.0], [4312.5, 5330.0], [4312.45, 17766.0], [4312.3, 5997.0], [4312.25, 19989.0], [4311.95, 5227.0], [4311.85, 26782.0], [4311.8, 54050.0], [4311.7, 1566.0], [4311.6, 5221.0], [4311.4, 1566.0], [4311.35, 5221.0], [4311.2, 3783.0], [4311.15, 6183.0], [4311.0, 17354.0], [4310.95, 19725.0], [4310.85, 8901.0], [4310.8, 5221.0], [4310.75, 988.0], [4310.6, 1566.0]], "asks": [[4312.75, 30944.0], [4312.9, 8301.0], [4312.95, 7100.0], [4313.05, 7195.0], [4313.1, 16000.0], [4313.3, 7100.0], [4313.8, 7429.0], [4313.9, 14121.0], [4313.95, 9715.0], [4314.0, 2972.0], [4314.2, 6054.0], [4314.25, 5223.0], [4314.3, 54.0], [4314.35, 7821.0], [4314.4, 8901.0], [4314.55, 1429.0], [4314.6, 4764.0], [4314.65, 21822.0], [4314.75, 59350.0], [4314.85, 10455.0]]}}}
{"jsonrpc": "2.0", "method": "subscription", "params": {"channel": "book.ETH-PERPETUAL.none.20.100ms", "data": {"timestamp": 1756480031876, "change_id": 84248016284, "instrument_name": "ETH-PERPETUAL", "bids": [[4312.7, 18967.0], [4312.55, 19990.0], [4312.25, 19988.0], [4312.15, 12500.0], [4311.7, 1566.0], [4311.6, 5221.0], [4311.55, 16215.0], [4311.5, 54050.0], [4311.4, 1566.0], [4311.35, 5221.0], [4311.2, 3783.0], [4311.15, 6183.0], [4311.0, 8766.0], [4310.8, 5221.0], [4310.75, 988.0], [4310.6, 7288.0], [4310.55, 5221.0], [4310.45, 19725.0], [4310.4, 4244.0], [4310.3, 5244.0]], "asks": [[4312.75, 32145.0], [4312.9, 7100.0], [4313.05, 7195.0], [4313.2, 8901.0], [4313.45, 4200.0], [4313.5, 14000.0], [4313.8, 7429.0], [4313.9, 14121.0], [4313.95, 2615.0], [4314.0, 5564.0], [4314.15, 54050.0], [4314.2, 4237.0], [4314.25, 5223.0], [4314.3, 54.0], [4314.4, 8901.0], [4314.55, 1429.0], [4314.6, 4764.0], [4314.65, 1590.0], [4314.75, 5300.0], [4314.85, 10455.0]]}}}
{"jsonrpc": "2.0", "method": "subscription", "params": {"channel": "book.ETH-PERPETUAL.none.20.100ms", "data": {"timestamp": 1756480032210, "change_id": 84248017525, "instrument_name": "ETH-PERPETUAL", "bids": [[4312.55, 1622.0], [4312.2, 17766.0], [4312.15, 12500.0], [4311.85, 19990.0], [4311.8, 13563.0], [4311.75, 20000.0], [4311.65, 19989.0], [4311.6, 5221.0], [4311.4, 1566.0], [4311.35, 5221.0], [4311.2, 3783.0], [4311.15, 6183.0], [4311.0, 24786.0], [4310.9, 54050.0], [4310.8, 5221.0], [4310.75, 2.0], [4310.6, 1566.0], [4310.55, 5221.0], [4310.4, 4244.0], [4310.3, 5244.0]], "asks": [[4312.6, 32255.0], [4312.65, 3000.0], [4312.7, 95.0], [4313.1, 9912.0], [4313.15, 14000.0], [4313.2, 8901.0], [4313.8, 10096.0], [4313.85, 5200.0], [4313.9, 14121.0], [4314.0, 362.0], [4314.1, 16215.0], [4314.15, 54050.0], [4314.2, 4237.0], [4314.25, 5223.0], [4314.4, 8901.0], [4314.55, 1429.0], [4314.6, 4764.0], [4314.65, 1590.0], [4314.75, 5300.0], [4314.85, 10455.0]]}}}
{"jsonrpc": "2.0", "method": "subscription", "params": {"channel": "book.ETH-PERPETUAL.none.20.100ms", "data": {"timestamp": 1756480032531, "change_id": 84248020245, "instrument_name": "ETH-PERPETUAL", "bids": [[4313.5, 12500.0], [4313.35, 4951.0], [4313.05, 2086.0], [4313.0, 1448.0], [4312.9, 4827.0], [4312.75, 13680.0], [4312.7, 7200.0], [4312.65, 7200.0], [4312.6, 55928.0], [4312.55, 31939.0], [4312.5, 19990.0], [4312.3, 5997.0], [4312.2, 5330.0], [4312.15, 8901.0], [4311.95, 1565.0], [4311.9, 5216.0], [4311.8, 7566.0], [4311.75, 20000.0], [4311.7, 8901.0], [4311.6, 5221.0]], "asks": [[4313.85, 3370.0], [4313.9, 10570.0], [4313.95, 10570.0], [4314.0, 362.0], [4314.6, 4764.0], [4314.65, 5216.0], [4314.9, 804.0], [4315.05, 5216.0], [4315.2, 4415.0], [4315.25, 7812.0], [4315.3, 1075.0], [4315.35, 8901.0], [4315.4, 1646.0], [4315.45, 5278.0], [4315.5, 209.0], [4315.6, 4439.0], [4315.65, 5278.0], [4315.8, 8631.0], [4316.0, 1711.0], [4316.05, 5278.0]]}}}
{"jsonrpc": "2.0", "method": "subscription", "params": {"channel": "book.ETH-PERPETUAL.none.20.100ms", "data": {"timestamp": 1756480032868, "change_id": 84248023264, "instrument_name": "ETH-PERPETUAL", "bids": [[4313.8, 54467.0], [4313.75, 1800.0], [4313.7, 6000.0], [4313.6, 12284.0], [4313.55, 43939.0], [4312.85, 16215.0], [4312.8, 54050.0], [4312.75, 7200.0], [4312.65, 5216.0], [4312.55, 3215.0], [4312.35, 5216.0], [4312.15, 8901.0], [4311.9, 5216.0], [4311.7, 8901.0], [4311.6, 5221.0], [4311.35, 5221.0], [4311.2, 8901.0], [4311.15, 6183.0], [4311.0, 7200.0], [4310.8, 5221.0]], "asks": [[4313.85, 16510.0], [4314.0, 362.0], [4314.6, 4764.0], [4314.65, 5216.0], [4314.75, 8901.0], [4314.95, 3900.0], [4315.0, 20620.0], [4315.05, 5216.0], [4315.1, 21812.0], [4315.2, 2674.0], [4315.3, 12.0], [4315.35, 8901.0], [4315.4, 1646.0], [4315.45, 5278.0], [4315.5, 209.0], [4315.55, 54.0], [4315.6, 4439.0], [4315.65, 5278.0], [4315.8, 8631.0], [4316.0, 1711.0]]}}}
{"jsonrpc": "2.0", "method": "subscription", "params": {"channel": "book.ETH-PERPETUAL.none.20.100ms", "data": {"timestamp": 1756480033202, "change_id": 84248025706, "instrument_name": "ETH-PERPETUAL", "bids": [[4313.8, 54456.0], [4313.75, 1800.0], [4313.7, 6000.0], [4313.6, 4940.0], [4313.55, 13000.0], [4312.9, 19988.0], [4312.85, 16215.0], [4312.8, 54050.0], [4312.75, 7200.0], [4312.65, 5216.0], [4312.35, 5216.0], [4312.15, 8901.0], [4311.9, 5216.0], [4311.7, 8901.0], [4311.6, 5221.0], [4311.35, 5221.0], [4311.2, 8901.0], [4311.15, 6183.0], [4311.0, 7200.0], [4310.8, 5221.0]], "asks": [[4313.85, 16536.0], [4314.0, 362.0], [4314.6, 4764.0], [4314.65, 5216.0], [4314.75, 8901.0], [4315.0, 7620.0], [4315.05, 5216.0], [4315.1, 21812.0], [4315.2, 2674.0], [4315.3, 66.0], [4315.35, 8901.0], [4315.4, 1646.0], [4315.45, 5278.0], [4315.5, 209.0], [4315.6, 19833.0], [4315.65, 5278.0], [4315.75, 1125.0], [4315.8, 62681.0], [4316.0, 1711.0], [4316.05, 6341.0]]}}}
{"jsonrpc": "2.0", "method": "subscription", "params": {"channel": "book.ETH-PERPETUAL.none.20.100ms", "data": {"timestamp": 1756480033534, "change_id": 84248026914, "instrument_name": "ETH-PERPETUAL", "bids": [[4313.8, 94446.0], [4313.75, 1800.0], [4313.7, 6000.0], [4313.6, 4940.0], [4313.55, 13000.0], [4312.85, 16215.0], [4312.8, 54050.0], [4312.75, 7200.0], [4312.65, 5216.0], [4312.35, 5216.0], [4312.15, 8901.0], [4311.9, 5216.0], [4311.7, 9888.0], [4311.65, 1175.0], [4311.6, 5221.0], [4311.35, 5221.0], [4311.2, 12916.0], [4311.15, 6183.0], [4311.0, 7200.0], [4310.8, 5221.0]], "asks": [[4313.85, 26.0], [4314.0, 362.0], [4314.6, 4764.0], [4315.05, 5216.0], [4315.1, 13812.0], [4315.25, 6874.0], [4315.3, 14012.0], [4315.35, 8901.0], [4315.4, 5340.0], [4315.45, 18278.0], [4315.5, 209.0], [4315.6, 19833.0], [4315.65, 5332.0], [4315.8, 62681.0], [4316.0, 1711.0], [4316.05, 6341.0], [4316.2, 11315.0], [4316.25, 8861.0], [4316.3, 30623.0], [4316.5, 100.0]]}}}
{"jsonrpc": "2.0", "method": "subscription", "params": {"channel": "book.ETH-PERPETUAL.none.20.100ms", "data": {"timestamp": 1756480033848, "change_id": 84248028248, "instrument_name": "ETH-PERPETUAL", "bids": [[4313.8, 74496.0], [4313.75, 1800.0], [4313.7, 6000.0], [4313.6, 4940.0], [4313.55, 13000.0], [4312.9, 19989.0], [4312.85, 16215.0], [4312.8, 54050.0], [4312.65, 5216.0], [4312.35, 5216.0], [4312.15, 8901.0], [4311.9, 5216.0], [4311.7, 11014.0], [4311.65, 1175.0], [4311.6, 5221.0], [4311.35, 5221.0], [4311.2, 12916.0], [4311.15, 6183.0], [4311.0, 7200.0], [4310.8, 5221.0]], "asks": [[4313.85, 20365.0], [4314.0, 362.0], [4314.5, 3000.0], [4314.6, 10764.0], [4314.75, 8901.0], [4314.9, 7575.0], [4314.95, 14000.0], [4315.0, 16908.0], [4315.05, 5216.0], [4315.1, 7812.0], [4315.25, 2674.0], [4315.3, 12.0], [4315.35, 8955.0], [4315.4, 1646.0], [4315.45, 5278.0], [4315.5, 209.0], [4315.6, 19833.0], [4315.65, 5278.0], [4315.8, 62681.0], [4316.0, 1711.0]]}}}
{"jsonrpc": "2.0", "method": "subscription", "params": {"channel": "book.ETH-PERPETUAL.none.20.100ms", "data": {"timestamp": 1756480034194, "change_id": 84248030049, "instrument_name": "ETH-PERPETUAL", "bids": [[4313.8, 13741.0], [4313.2, 11244.0], [4313.05, 19989.0], [4313.0, 19989.0], [4312.95, 5330.0], [4312.9, 17766.0], [4312.65, 5216.0], [4312.4, 54050.0], [4312.35, 5216.0], [4312.15, 5205.0], [4311.9, 5216.0], [4311.7, 8901.0], [4311.6, 5221.0], [4311.55, 16100.0], [4311.35, 5221.0], [4311.2, 12916.0], [4311.15, 6183.0], [4311.0, 7200.0], [4310.8, 5221.0], [4310.75, 8903.0]], "asks": [[4313.85, 21566.0], [4314.0, 362.0], [4314.3, 8901.0], [4314.35, 14000.0], [4314.6, 4764.0], [4314.7, 6237.0], [4314.75, 8901.0], [4314.85, 54.0], [4315.0, 19635.0], [4315.05, 5216.0], [4315.1, 61862.0], [4315.25, 2674.0], [4315.3, 12.0], [4315.35, 8901.0], [4315.4, 1646.0], [4315.45, 5278.0], [4315.5, 209.0], [4315.6, 4439.0], [4315.65, 5278.0], [4315.8, 8631.0]]}}}
{"jsonrpc": "2.0", "method": "subscription", "params": {"channel": "book.ETH-PERPETUAL.none.20.100ms", "data": {"timestamp": 1756480034522, "change_id": 84248031099, "instrument_name": "ETH-PERPETUAL", "bids": [[4313.8, 76509.0], [4313.75, 4800.0], [4313.7, 6000.0], [4313.65, 19989.0], [4313.6, 3900.0], [4313.45, 13000.0], [4312.65, 5216.0], [4312.45, 25116.0], [4312.4, 54050.0], [4312.35, 5216.0], [4312.15, 5205.0], [4311.9, 5216.0], [4311.7, 10027.0], [4311.6, 5221.0], [4311.55, 16100.0], [4311.4, 4237.0], [4311.35, 5221.0], [4311.2, 8901.0], [4311.15, 5227.0], [4311.0, 7200.0]], "asks": [[4313.85, 1226.0], [4314.0, 362.0], [4314.6, 4764.0], [4314.75, 8901.0], [4314.85, 12000.0], [4315.0, 3908.0], [4315.05, 5216.0], [4315.1, 7812.0], [4315.25, 2674.0], [4315.3, 12.0], [4315.35, 8937.0], [4315.4, 1646.0], [4315.45, 5278.0], [4315.5, 209.0], [4315.6, 19833.0], [4315.65, 5278.0], [4315.7, 54050.0], [4315.8, 8631.0], [4316.0, 1711.0], [4316.05, 6341.0]]}}}
{"jsonrpc": "2.0", "method": "subscription", "params": {"channel": "book.ETH-PERPETUAL.none.20.100ms", "data": {"timestamp": 1756480034835, "change_id": 84248031968, "instrument_name": "ETH-PERPETUAL", "bids": [[4313.8, 92442.0], [4313.75, 4800.0], [4313.7, 6000.0], [4313.6, 3900.0], [4313.45, 13000.0], [4312.65, 5216.0], [4312.45, 25116.0], [4312.4, 54050.0], [4312.35, 5216.0], [4312.15, 5205.0], [4311.9, 5216.0], [4311.7, 8901.0], [4311.6, 6396.0], [4311.55, 16100.0], [4311.4, 4237.0], [4311.35, 5221.0], [4311.2, 8901.0], [4311.15, 5227.0], [4311.0, 7200.0], [4310.8, 5221.0]], "asks": [[4313.85, 1225.0], [4314.0, 362.0], [4314.6, 4764.0], [4314.75, 8901.0], [4315.0, 3908.0], [4315.05, 5216.0], [4315.1, 7848.0], [4315.2, 2685.0], [4315.3, 12.0], [4315.35, 8901.0], [4315.4, 1646.0], [4315.45, 5278.0], [4315.5, 209.0], [4315.6, 19833.0], [4315.65, 5278.0], [4315.7, 54050.0], [4315.8, 8631.0], [4316.0, 1711.0], [4316.05, 6341.0], [4316.2, 11315.0]]}}}
{"jsonrpc": "2.0", "method": "subscription", "params": {"channel": "book.ETH-PERPETUAL.none.20.100ms", "data": {"timestamp": 1756480035186, "change_id": 84248033244, "instrument_name": "ETH-PERPETUAL", "bids": [[4313.8, 93281.0], [4313.75, 4800.0], [4313.7, 6000.0], [4313.6, 3900.0], [4313.45, 13000.0], [4313.1, 16215.0], [4313.05, 54050.0], [4312.95, 2670.0], [4312.9, 8901.0], [4312.65, 5216.0], [4312.6, 23377.0], [4312.45, 8901.0], [4312.35, 5216.0], [4312.15, 5205.0], [4311.9, 5216.0], [4311.7, 10027.0], [4311.6, 7383.0], [4311.55, 16100.0], [4311.4, 4237.0], [4311.35, 5221.0]], "asks": [[4313.85, 24.0], [4314.0, 362.0], [4314.6, 4764.0], [4315.1, 2613.0], [4315.3, 12.0], [4315.35, 8901.0], [4315.5, 209.0], [4315.6, 7038.0], [4315.65, 5278.0], [4315.7, 36.0], [4315.8, 8631.0], [4315.85, 3615.0], [4315.9, 12000.0], [4316.0, 1711.0], [4316.05, 5278.0], [4316.2, 26646.0], [4316.25, 8861.0], [4316.3, 84673.0], [4316.6, 4262.0], [4316.7, 14206.0]]}}}
{"jsonrpc": "2.0", "method": "subscription", "params": {"channel": "book.ETH-PERPETUAL.none.20.100ms", "data": {"timestamp": 1756480035517, "change_id": 84248034331, "instrument_name": "ETH-PERPETUAL", "bids": [[4314.55, 13017.0], [4314.0, 1201.0], [4313.95, 12638.0], [4313.85, 27984.0], [4313.8, 91200.0], [4313.75, 4800.0], [4313.7, 6000.0], [4313.6, 3900.0], [4313.45, 13000.0], [4313.4, 7869.0], [4313.35, 8901.0], [4313.15, 7289.0], [4313.1, 16215.0], [4313.05, 54050.0], [4313.0, 5199.0], [4312.95, 2670.0], [4312.9, 8901.0], [4312.65, 12229.0], [4312.6, 23377.0], [4312.5, 2671.0]], "asks": [[4314.6, 4764.0], [4315.3, 12.0], [4315.5, 209.0], [4315.85, 2582.0], [4316.0, 50.0], [4316.05, 5278.0], [4316.2, 1583.0], [4316.3, 5278.0], [4316.6, 4262.0], [4316.7, 14242.0], [4317.05, 4332.0], [4317.1, 5276.0], [4317.15, 8631.0], [4317.3, 1583.0], [4317.35, 5276.0], [4317.4, 4183.0], [4317.55, 5266.0], [4317.6, 10258.0], [4317.8, 5266.0], [4317.85, 100.0]]}}}
{"jsonrpc": "2.0", "method": "subscription", "params": {"channel": "book.ETH-PERPETUAL.none.20.100ms", "data": {"timestamp": 1756480035847, "change_id": 84248036209, "instrument_name": "ETH-PERPETUAL", "bids": [[4315.25, 33741.0], [4314.6, 42222.0], [4314.55, 37755.0], [4314.35, 16215.0], [4314.3, 54050.0], [4314.15, 1560.0], [4314.1, 5199.0], [4313.85, 2245.0], [4313.8, 7484.0], [4313.75, 1560.0], [4313.7, 5199.0], [4313.55, 1359.0], [4313.5, 2000.0], [4313.4, 7869.0], [4313.35, 8901.0], [4313.2, 3746.0], [4313.15, 7289.0], [4313.05, 1176.0], [4313.0, 5199.0], [4312.95, 2670.0]], "asks": [[4315.3, 18096.0], [4315.5, 209.0], [4316.0, 50.0], [4316.05, 5599.0], [4316.2, 8901.0], [4316.25, 9013.0], [4316.3, 10042.0], [4316.5, 1555.0], [4316.55, 5184.0], [4316.6, 7340.0], [4316.65, 12000.0], [4316.7, 14242.0], [4317.05, 20026.0], [4317.1, 5276.0], [4317.15, 62681.0], [4317.3, 1583.0], [4317.35, 5276.0], [4317.4, 4183.0], [4317.55, 5266.0], [4317.6, 10258.0]]}}}
{"jsonrpc": "2.0", "method": "subscription", "params": {"channel": "book.ETH-PERPETUAL.none.20.100ms", "data": {"timestamp": 1756480036178, "change_id": 84248037585, "instrument_name": "ETH-PERPETUAL", "bids": [[4315.25, 34507.0], [4315.15, 6000.0], [4315.0, 19989.0], [4314.95, 13000.0], [4314.65, 20000.0], [4314.45, 5997.0], [4314.4, 19989.0], [4314.35, 16215.0], [4314.3, 54050.0], [4314.15, 1560.0], [4314.1, 5199.0], [4313.8, 956.0], [4313.75, 1560.0], [4313.7, 5199.0], [4313.55, 1359.0], [4313.5, 2000.0], [4313.4, 7869.0], [4313.35, 8901.0], [4313.2, 3746.0], [4313.15, 7289.0]], "asks": [[4315.3, 18085.0], [4315.5, 209.0], [4315.75, 8901.0], [4316.0, 5300.0], [4316.05, 8599.0], [4316.2, 15514.0], [4316.25, 12000.0], [4316.3, 10042.0], [4316.45, 1591.0], [4316.55, 5184.0], [4316.6, 4262.0], [4316.7, 14206.0], [4317.05, 20026.0], [4317.1, 6401.0], [4317.15, 62681.0], [4317.3, 1583.0], [4317.35, 5276.0], [4317.4, 4183.0], [4317.55, 5266.0], [4317.6, 10258.0]]}}}
{"jsonrpc": "2.0", "method": "subscription", "params": {"channel": "book.ETH-PERPETUAL.none.20.100ms", "data": {"timestamp": 1756480036498, "change_id": 84248038370, "instrument_name": "ETH-PERPETUAL", "bids": [[4315.25, 16741.0], [4315.15, 6000.0], [4315.05, 17766.0], [4314.8, 13000.0], [4314.7, 19989.0], [4314.65, 20000.0], [4314.25, 5997.0], [4314.2, 19989.0], [4314.15, 3373.0], [4314.1, 5199.0], [4314.0, 6694.0], [4313.8, 956.0], [4313.75, 17580.0], [4313.7, 59249.0], [4313.55, 1359.0], [4313.5, 2000.0], [4313.4, 5199.0], [4313.2, 3746.0], [4313.15, 7289.0], [4313.0, 5199.0]], "asks": [[4315.3, 18085.0], [4315.5, 209.0], [4315.75, 8901.0], [4315.8, 3615.0], [4315.85, 12000.0], [4316.0, 3500.0], [4316.05, 2599.0], [4316.15, 36.0], [4316.2, 11914.0], [4316.3, 10042.0], [4316.45, 1555.0], [4316.55, 5184.0], [4316.6, 4262.0], [4316.7, 14206.0], [4317.05, 20026.0], [4317.1, 6401.0], [4317.15, 62681.0], [4317.3, 1583.0], [4317.35, 5276.0], [4317.4, 4183.0]]}}}
{"jsonrpc": "2.0", "method": "subscription", "params": {"channel": "book.ETH-PERPETUAL.none.20.100ms", "data": {"timestamp": 1756480036840, "change_id": 84248039432, "instrument_name": "ETH-PERPETUAL", "bids": [[4315.25, 3040.0], [4315.1, 6000.0], [4314.9, 12500.0], [4314.75, 17766.0], [4314.7, 19989.0], [4314.25, 5996.0], [4314.2, 19988.0], [4314.15, 1560.0], [4314.1, 5199.0], [4313.8, 956.0], [4313.75, 17580.0], [4313.7, 59249.0], [4313.55, 1359.0], [4313.5, 2000.0], [4313.4, 5199.0], [4313.2, 3746.0], [4313.15, 7289.0], [4313.0, 5199.0], [4312.7, 6218.0], [4312.65, 21380.0]], "asks": [[4315.3, 45955.0], [4315.4, 3000.0], [4315.5, 209.0], [4315.65, 6990.0], [4315.7, 7200.0], [4315.75, 16101.0], [4316.0, 3500.0], [4316.05, 2599.0], [4316.15, 36.0], [4316.2, 11914.0], [4316.3, 10042.0], [4316.4, 4199.0], [4316.45, 8813.0], [4316.55, 5184.0], [4316.6, 4262.0], [4316.7, 14206.0], [4317.05, 4332.0], [4317.1, 6401.0], [4317.15, 8631.0], [4317.3, 1583.0]]}}}
{"jsonrpc": "2.0", "method": "subscription", "params": {"channel": "book.ETH-PERPETUAL.none.20.100ms", "data": {"timestamp": 1756480037171, "change_id": 84248040826, "instrument_name": "ETH-PERPETUAL", "bids": [[4314.75, 31507.0], [4314.45, 3900.0], [4314.4, 13000.0], [4314.35, 5997.0], [4314.15, 6000.0], [4314.1, 20000.0], [4313.9, 6283.0], [4313.85, 39977.0], [4313.8, 2516.0], [4313.7, 5199.0], [4313.55, 1359.0], [4313.4, 5199.0], [4313.2, 19493.0], [4313.15, 7289.0], [4313.05, 54050.0], [4313.0, 7199.0], [4312.7, 6218.0], [4312.65, 21380.0], [4312.55, 2599.0], [4312.5, 8662.0]], "asks": [[4314.8, 18085.0], [4315.15, 15861.0], [4315.25, 7295.0], [4315.3, 12000.0], [4315.5, 209.0], [4315.65, 4830.0], [4315.7, 7200.0], [4315.75, 8901.0], [4315.9, 1573.0], [4315.95, 5193.0], [4316.0, 3500.0], [4316.05, 7780.0], [4316.2, 11926.0], [4316.3, 10042.0], [4316.35, 36.0], [4316.4, 19889.0], [4316.55, 54050.0], [4316.6, 4262.0], [4316.7, 14206.0], [4317.05, 4332.0]]}}}
{"jsonrpc": "2.0", "method": "subscription", "params": {"channel": "book.ETH-PERPETUAL.none.20.100ms", "data": {"timestamp": 1756480037500, "change_id": 84248041566, "instrument_name": "ETH-PERPETUAL", "bids": [[4314.75, 54507.0], [4314.7, 7797.0], [4314.65, 19989.0], [4314.6, 6000.0], [4314.55, 3900.0], [4314.4, 13000.0], [4314.25, 5997.0], [4314.2, 19989.0], [4313.8, 2516.0], [4313.7, 5199.0], [4313.55, 1359.0], [4313.4, 5199.0], [4313.2, 20093.0], [4313.15, 7289.0], [4313.05, 54050.0], [4313.0, 7199.0], [4312.7, 6218.0], [4312.65, 21380.0], [4312.6, 1175.0], [4312.55, 2599.0]], "asks": [[4314.8, 18085.0], [4315.15, 15861.0], [4315.25, 7295.0], [4315.3, 12000.0], [4315.5, 209.0], [4315.65, 4830.0], [4315.7, 7200.0], [4315.75, 8901.0], [4315.9, 1573.0], [4315.95, 5193.0], [4316.0, 3500.0], [4316.05, 7816.0], [4316.2, 11926.0], [4316.3, 10042.0], [4316.4, 19889.0], [4316.55, 54050.0], [4316.6, 4262.0], [4316.7, 14206.0], [4317.05, 4332.0], [4317.1, 6401.0]]}}}
{"jsonrpc": "2.0", "method": "subscription", "params": {"channel": "book.ETH-PERPETUAL.none.20.100ms", "data": {"timestamp": 1756480037827, "change_id": 84248042688, "instrument_name": "ETH-PERPETUAL", "bids": [[4315.1, 13741.0], [4314.95, 3900.0], [4314.9, 13000.0], [4314.8, 17323.0], [4314.75, 37755.0], [4314.65, 19989.0], [4314.0, 1844.0], [4313.95, 5190.0], [4313.8, 18536.0], [4313.7, 5199.0], [4313.65, 54050.0], [4313.55, 1359.0], [4313.4, 5199.0], [4313.2, 3746.0], [4313.15, 7289.0], [4313.0, 9797.0], [4312.95, 8661.0], [4312.7, 6218.0], [4312.65, 21380.0], [4312.6, 1175.0]], "asks": [[4315.15, 21636.0], [4315.2, 7200.0], [4315.5, 209.0], [4315.7, 7200.0], [4315.75, 8901.0], [4316.0, 3504.0], [4316.05, 2601.0], [4316.2, 11926.0], [4316.3, 10042.0], [4316.4, 22467.0], [4316.5, 2596.0], [4316.55, 54050.0], [4316.6, 4298.0], [4316.7, 14206.0], [4317.05, 4332.0], [4317.1, 6401.0], [4317.15, 8631.0], [4317.25, 15422.0], [4317.3, 46789.0], [4317.35, 5276.0]]}}}
{"jsonrpc": "2.0", "method": "subscription", "params": {"channel": "book.ETH-PERPETUAL.none.20.100ms", "data": {"timestamp": 1756480038163, "change_id": 84248043516, "instrument_name": "ETH-PERPETUAL", "bids": [[4315.1, 74496.0], [4315.05, 17694.0], [4315.0, 25990.0], [4314.9, 13000.0], [4314.0, 1844.0], [4313.95, 5190.0], [4313.8, 18536.0], [4313.7, 5199.0], [4313.65, 54050.0], [4313.6, 19777.0], [4313.55, 1359.0], [4313.4, 5199.0], [4313.2, 3746.0], [4313.15, 7289.0], [4313.0, 9797.0], [4312.95, 8661.0], [4312.7, 6218.0], [4312.65, 21380.0], [4312.6, 1175.0], [4312.55, 2599.0]], "asks": [[4315.5, 209.0], [4315.7, 7200.0], [4315.75, 8901.0], [4315.8, 12000.0], [4316.0, 50.0], [4316.05, 2601.0], [4316.2, 8913.0], [4316.25, 3786.0], [4316.3, 4764.0], [4316.4, 2578.0], [4316.5, 2596.0], [4316.6, 4262.0], [4316.65, 36.0], [4316.7, 14206.0], [4317.05, 4332.0], [4317.1, 6401.0], [4317.15, 8631.0], [4317.25, 1583.0], [4317.35, 5276.0], [4317.4, 4183.0]]}}}
{"jsonrpc": "2.0", "method": "subscription", "params": {"channel": "book.ETH-PERPETUAL.none.20.100ms", "data": {"timestamp": 1756480038494, "change_id": 84248045550, "instrument_name": "ETH-PERPETUAL", "bids": [[4315.45, 74496.0], [4315.35, 6000.0], [4315.2, 19989.0], [4315.15, 13000.0], [4315.1, 54050.0], [4314.35, 1557.0], [4314.3, 5190.0], [4314.0, 1844.0], [4313.95, 5190.0], [4313.8, 8254.0], [4313.7, 5199.0], [4313.65, 8661.0], [4313.6, 19777.0], [4313.55, 1359.0], [4313.4, 6375.0], [4313.2, 3746.0], [4313.15, 7289.0], [4313.0, 9797.0], [4312.95, 9787.0], [4312.7, 6218.0]], "asks": [[4315.5, 209.0], [4316.0, 50.0], [4316.2, 8913.0], [4316.3, 4764.0], [4316.7, 8930.0], [4316.75, 2598.0], [4317.0, 5724.0], [4317.05, 5172.0], [4317.1, 5276.0], [4317.15, 8631.0], [4317.3, 1583.0], [4317.35, 5276.0], [4317.45, 804.0], [4317.5, 4183.0], [4317.55, 5266.0], [4317.6, 26275.0], [4317.8, 59316.0], [4317.85, 13534.0], [4317.9, 45062.0], [4318.0, 4288.0]]}}}
{"jsonrpc": "2.0", "method": "subscription", "params": {"channel": "book.ETH-PERPETUAL.none.20.100ms", "data": {"timestamp": 1756480038825, "change_id": 84248046440, "instrument_name": "ETH-PERPETUAL", "bids": [[4315.45, 81059.0], [4315.4, 19989.0], [4315.35, 6000.0], [4315.15, 13000.0], [4314.55, 16215.0], [4314.5, 54050.0], [4314.35, 1557.0], [4314.3, 5190.0], [4314.0, 1844.0], [4313.95, 5190.0], [4313.8, 8254.0], [4313.7, 5199.0], [4313.65, 8661.0], [4313.6, 19777.0], [4313.55, 1359.0], [4313.4, 6375.0], [4313.35, 987.0], [4313.2, 3746.0], [4313.15, 7289.0], [4313.0, 9797.0]], "asks": [[4315.5, 208.0], [4316.0, 50.0], [4316.2, 8913.0], [4316.3, 4764.0], [4316.65, 5190.0], [4316.7, 20930.0], [4316.75, 10770.0], [4316.9, 6000.0], [4317.0, 4172.0], [4317.1, 5276.0], [4317.15, 8631.0], [4317.3, 1619.0], [4317.35, 5276.0], [4317.5, 4183.0], [4317.55, 5266.0], [4317.6, 26275.0], [4317.8, 59316.0], [4318.0, 4288.0], [4318.05, 8861.0], [4318.1, 100.0]]}}}
{"jsonrpc": "2.0", "method": "subscription", "params": {"channel": "book.ETH-PERPETUAL.none.20.100ms", "data": {"timestamp": 1756480039154, "change_id": 84248047224, "instrument_name": "ETH-PERPETUAL", "bids": [[4315.45, 79461.0], [4315.35, 6000.0], [4315.2, 19989.0], [4315.15, 13000.0], [4314.55, 16215.0], [4314.5, 54050.0], [4314.35, 1557.0], [4314.3, 5190.0], [4314.0, 1844.0], [4313.95, 5190.0], [4313.8, 5114.0], [4313.7, 5199.0], [4313.65, 8661.0], [4313.55, 1359.0], [4313.4, 6375.0], [4313.35, 987.0], [4313.3, 17037.0], [4313.2, 3746.0], [4313.15, 7289.0], [4313.0, 9797.0]], "asks": [[4315.5, 208.0], [4316.0, 50.0], [4316.2, 8913.0], [4316.3, 4764.0], [4316.6, 3000.0], [4316.65, 13800.0], [4316.7, 26930.0], [4316.75, 7770.0], [4317.0, 7561.0], [4317.05, 36.0], [4317.1, 18276.0], [4317.15, 8631.0], [4317.25, 1594.0], [4317.35, 5276.0], [4317.5, 4183.0], [4317.55, 5266.0], [4317.6, 26275.0], [4317.8, 59316.0], [4318.0, 4288.0], [4318.05, 8861.0]]}}}
{"jsonrpc": "2.0", "method": "subscription", "params": {"channel": "book.ETH-PERPETUAL.none.20.100ms", "data": {"timestamp": 1756480039477, "change_id": 84248048039, "instrument_name": "ETH-PERPETUAL", "bids": [[4315.45, 99451.0], [4315.4, 1800.0], [4315.35, 6000.0], [4315.2, 3900.0], [4315.15, 13000.0], [4314.65, 2171.0], [4314.6, 7238.0], [4314.55, 16215.0], [4314.5, 54050.0], [4314.35, 1557.0], [4314.3, 5190.0], [4314.0, 1844.0], [4313.95, 5190.0], [4313.8, 5114.0], [4313.7, 5199.0], [4313.65, 8661.0], [4313.55, 1359.0], [4313.4, 6375.0], [4313.35, 987.0], [4313.3, 17037.0]], "asks": [[4315.5, 208.0], [4316.0, 50.0], [4316.2, 8913.0], [4316.3, 4764.0], [4316.7, 8930.0], [4316.95, 3000.0], [4317.0, 6500.0], [4317.05, 13761.0], [4317.1, 5276.0], [4317.15, 8631.0], [4317.25, 1594.0], [4317.35, 5276.0], [4317.45, 8083.0], [4317.5, 13000.0], [4317.55, 5266.0], [4317.6, 26275.0], [4317.8, 59316.0], [4318.0, 4288.0], [4318.05, 8861.0], [4318.15, 36.0]]}}}
{"jsonrpc": "2.0", "method": "subscription", "params": {"channel": "book.ETH-PERPETUAL.none.20.100ms", "data": {"timestamp": 1756480039799, "change_id": 84248048721, "instrument_name": "ETH-PERPETUAL", "bids": [[4315.45, 83265.0], [4315.4, 7572.0], [4315.35, 6000.0], [4315.25, 19989.0], [4315.2, 3900.0], [4315.15, 13000.0], [4314.65, 2171.0], [4314.6, 7238.0], [4314.55, 16215.0], [4314.5, 54050.0], [4314.35, 1557.0], [4314.3, 5190.0], [4314.15, 2598.0], [4314.1, 8661.0], [4314.0, 1844.0], [4313.95, 5190.0], [4313.8, 5114.0], [4313.7, 5199.0], [4313.65, 8661.0], [4313.55, 1359.0]], "asks": [[4315.5, 207.0], [4316.0, 50.0], [4316.2, 12.0], [4316.3, 4764.0], [4316.4, 3000.0], [4316.55, 6000.0], [4316.7, 8930.0], [4316.95, 3900.0], [4317.0, 22288.0], [4317.05, 7761.0], [4317.1, 5276.0], [4317.15, 20631.0], [4317.25, 1594.0], [4317.35, 5276.0], [4317.45, 4183.0], [4317.55, 5266.0], [4317.6, 10258.0], [4317.8, 21532.0], [4317.85, 54050.0], [4318.0, 4288.0]]}}}
{"jsonrpc": "2.0", "method": "subscription", "params": {"channel": "book.ETH-PERPETUAL.none.20.100ms", "data": {"timestamp": 1756480040145, "change_id": 84248049997, "instrument_name": "ETH-PERPETUAL", "bids": [[4315.95, 14811.0], [4315.6, 12899.0], [4315.45, 77467.0], [4315.4, 1800.0], [4315.35, 6000.0], [4315.2, 3900.0], [4315.15, 13000.0], [4314.8, 5179.0], [4314.55, 16215.0], [4314.5, 54050.0], [4314.35, 1557.0], [4314.3, 5190.0], [4314.0, 1844.0], [4313.95, 5190.0], [4313.8, 5114.0], [4313.7, 5199.0], [4313.65, 8661.0], [4313.55, 1359.0], [4313.4, 6375.0], [4313.35, 987.0]], "asks": [[4316.0, 50.0], [4316.2, 3012.0], [4316.3, 4764.0], [4316.35, 6000.0], [4316.65, 13000.0], [4317.05, 7761.0], [4317.1, 5276.0], [4317.15, 8631.0], [4317.35, 5276.0], [4317.5, 4183.0], [4317.55, 5266.0], [4317.6, 10258.0], [4317.8, 5266.0], [4318.0, 4288.0], [4318.05, 8861.0], [4318.2, 5366.0], [4318.4, 4247.0], [4318.5, 8861.0], [4318.55, 5261.0], [4318.6, 7819.0]]}}}
{"jsonrpc": "2.0", "method": "subscription", "params": {"channel": "book.ETH-PERPETUAL.none.20.100ms", "data": {"timestamp": 1756480040468, "change_id": 84248051627, "instrument_name": "ETH-PERPETUAL", "bids": [[4315.95, 96534.0], [4315.85, 6000.0], [4315.65, 13000.0], [4315.45, 11619.0], [4315.4, 1800.0], [4315.35, 54050.0], [4315.2, 2155.0], [4315.05, 7183.0], [4314.9, 12199.0], [4314.8, 5179.0], [4314.35, 1557.0], [4314.3, 5190.0], [4314.15, 8661.0], [4314.1, 1176.0], [4314.0, 1844.0], [4313.95, 5190.0], [4313.8, 6240.0], [4313.7, 5199.0], [4313.65, 8661.0], [4313.55, 1359.0]], "asks": [[4316.0, 50.0], [4316.2, 12.0], [4317.05, 2595.0], [4317.15, 8631.0], [4317.35, 7865.0], [4317.55, 5266.0], [4317.6, 8678.0], [4317.7, 7335.0], [4317.8, 5266.0], [4318.0, 4288.0], [4318.05, 8861.0], [4318.15, 36.0], [4318.2, 5366.0], [4318.3, 16226.0], [4318.35, 54050.0], [4318.4, 4247.0], [4318.5, 8861.0], [4318.55, 5261.0], [4318.6, 7819.0], [4318.8, 26062.0]]}}}
{"jsonrpc": "2.0", "method": "subscription", "params": {"channel": "book.ETH-PERPETUAL.none.20.100ms", "data": {"timestamp": 1756480040802, "change_id": 84248052618, "instrument_name": "ETH-PERPETUAL", "bids": [[4315.95, 35463.0], [4315.85, 6000.0], [4315.75, 19989.0], [4315.65, 13000.0], [4315.55, 20000.0], [4315.45, 1362.0], [4315.3, 5997.0], [4315.25, 19989.0], [4315.2, 2155.0], [4315.05, 7183.0], [4314.9, 12199.0], [4314.8, 5179.0], [4314.75, 54050.0], [4314.35, 1557.0], [4314.3, 5190.0], [4314.1, 1176.0], [4314.0, 1844.0], [4313.95, 5190.0], [4313.8, 5284.0], [4313.7, 5199.0]], "asks": [[4316.0, 25334.0], [4316.2, 12.0], [4316.45, 8661.0], [4316.7, 6000.0], [4317.0, 6847.0], [4317.05, 2595.0], [4317.1, 13000.0], [4317.15, 8631.0], [4317.2, 6339.0], [4317.25, 2571.0], [4317.3, 12000.0], [4317.35, 7865.0], [4317.5, 4183.0], [4317.55, 5266.0], [4317.6, 27562.0], [4317.7, 4764.0], [4317.75, 54050.0], [4317.8, 5266.0], [4318.0, 4288.0], [4318.05, 8861.0]]}}}
{"jsonrpc": "2.0", "method": "subscription", "params": {"channel": "book.ETH-PERPETUAL.none.20.100ms", "data": {"timestamp": 1756480041134, "change_id": 84248054030, "instrument_name": "ETH-PERPETUAL", "bids": [[4315.95, 98251.0], [4315.9, 1800.0], [4315.85, 6000.0], [4315.7, 3900.0], [4315.65, 13000.0], [4315.2, 2155.0], [4315.05, 7183.0], [4314.9, 12199.0], [4314.8, 5179.0], [4314.75, 54050.0], [4314.35, 1557.0], [4314.3, 5190.0], [4314.15, 8661.0], [4314.1, 1176.0], [4314.0, 1844.0], [4313.95, 22227.0], [4313.8, 5284.0], [4313.7, 5199.0], [4313.65, 8661.0], [4313.55, 1359.0]], "asks": [[4316.0, 49.0], [4316.2, 12.0], [4317.05, 2595.0], [4317.15, 8631.0], [4317.55, 2603.0], [4317.6, 16311.0], [4317.7, 9920.0], [4317.8, 17266.0], [4318.0, 19973.0], [4318.05, 8861.0], [4318.1, 54050.0], [4318.2, 5266.0], [4318.4, 4247.0], [4318.5, 8897.0], [4318.55, 5261.0], [4318.6, 7819.0], [4318.8, 26062.0], [4318.95, 8698.0], [4319.0, 1577.0], [4319.05, 5256.0]]}}}
{"jsonrpc": "2.0", "method": "subscription", "params": {"channel": "book.ETH-PERPETUAL.none.20.100ms", "data": {"timestamp": 1756480041468, "change_id": 84248056354, "instrument_name": "ETH-PERPETUAL", "bids": [[4317.15, 33730.0], [4317.05, 10660.0], [4316.75, 17766.0], [4316.4, 16215.0], [4316.35, 54050.0], [4316.2, 5997.0], [4316.05, 19989.0], [4316.0, 2961.0], [4315.95, 5080.0], [4315.8, 5174.0], [4315.45, 1552.0], [4315.4, 5174.0], [4315.25, 1552.0], [4315.2, 7329.0], [4315.05, 7183.0], [4314.85, 1554.0], [4314.8, 5179.0], [4314.35, 1557.0], [4314.3, 5190.0], [4314.2, 2951.0]], "asks": [[4317.2, 30202.0], [4317.65, 7200.0], [4317.7, 4764.0], [4318.0, 50.0], [4318.05, 8861.0], [4318.25, 3105.0], [4318.3, 5174.0], [4318.4, 5176.0], [4318.45, 6806.0], [4318.5, 8861.0], [4318.55, 5261.0], [4318.6, 7819.0], [4318.8, 26062.0], [4318.9, 2609.0], [4318.95, 8698.0], [4319.0, 1610.0], [4319.05, 5256.0], [4319.1, 100.0], [4319.2, 4542.0], [4319.3, 5258.0]]}}}
{"jsonrpc": "2.0", "method": "subscription", "params": {"channel": "book.ETH-PERPETUAL.none.20.100ms", "data": {"timestamp": 1756480041792, "change_id": 84248058707, "instrument_name": "ETH-PERPETUAL", "bids": [[4317.15, 36730.0], [4317.1, 1800.0], [4317.05, 6000.0], [4317.0, 8742.0], [4316.85, 17766.0], [4316.8, 13000.0], [4316.65, 5997.0], [4316.6, 25989.0], [4316.55, 20000.0], [4316.1, 16215.0], [4316.05, 54050.0], [4316.0, 3076.0], [4315.95, 5080.0], [4315.8, 5174.0], [4315.45, 1552.0], [4315.4, 5174.0], [4315.25, 1552.0], [4315.2, 5174.0], [4315.1, 2155.0], [4315.05, 7183.0]], "asks": [[4317.2, 30201.0], [4317.65, 7200.0], [4317.7, 4764.0], [4318.0, 50.0], [4318.05, 8861.0], [4318.25, 6317.0], [4318.3, 17174.0], [4318.4, 5176.0], [4318.45, 10176.0], [4318.5, 21861.0], [4318.55, 5261.0], [4318.6, 7819.0], [4318.8, 26095.0], [4318.9, 18508.0], [4318.95, 8798.0], [4319.0, 55627.0], [4319.05, 5256.0], [4319.2, 4542.0], [4319.3, 5258.0], [4319.35, 1251.0]]}}}
{"jsonrpc": "2.0", "method": "subscription", "params": {"channel": "book.ETH-PERPETUAL.none.20.100ms", "data": {"timestamp": 1756480042129, "change_id": 84248059547, "instrument_name": "ETH-PERPETUAL", "bids": [[4317.15, 16741.0], [4317.1, 1800.0], [4317.05, 6000.0], [4316.95, 13989.0], [4316.85, 37755.0], [4316.8, 13000.0], [4316.15, 19988.0], [4316.1, 16215.0], [4316.05, 54050.0], [4316.0, 1839.0], [4315.95, 956.0], [4315.8, 5174.0], [4315.45, 1552.0], [4315.4, 5174.0], [4315.25, 1552.0], [4315.2, 5174.0], [4315.1, 2155.0], [4315.05, 7183.0], [4314.9, 1176.0], [4314.85, 1554.0]], "asks": [[4317.2, 30209.0], [4317.65, 7200.0], [4317.7, 4800.0], [4317.9, 12000.0], [4317.95, 6000.0], [4318.0, 2708.0], [4318.05, 8861.0], [4318.2, 3105.0], [4318.3, 5174.0], [4318.4, 5176.0], [4318.45, 6806.0], [4318.5, 8861.0], [4318.55, 5294.0], [4318.6, 7819.0], [4318.8, 26062.0], [4318.9, 18508.0], [4318.95, 8798.0], [4319.0, 55627.0], [4319.05, 5256.0], [4319.2, 4542.0]]}}}
{"jsonrpc": "2.0", "method": "subscription", "params": {"channel": "book.ETH-PERPETUAL.none.20.100ms", "data": {"timestamp": 1756480042459, "change_id": 84248060288, "instrument_name": "ETH-PERPETUAL", "bids": [[4317.15, 16741.0], [4317.1, 1800.0], [4317.05, 6000.0], [4316.95, 3900.0], [4316.9, 19989.0], [4316.85, 17766.0], [4316.8, 13000.0], [4316.75, 6000.0], [4316.7, 20000.0], [4316.45, 19989.0], [4316.35, 5997.0], [4316.1, 16215.0], [4316.05, 54050.0], [4316.0, 1839.0], [4315.95, 956.0], [4315.8, 5174.0], [4315.45, 1552.0], [4315.4, 5174.0], [4315.25, 1552.0], [4315.2, 5174.0]], "asks": [[4317.2, 30209.0], [4317.35, 10.0], [4317.6, 3000.0], [4317.65, 7200.0], [4317.7, 4800.0], [4317.8, 6000.0], [4317.85, 3615.0], [4317.9, 12000.0], [4318.0, 6276.0], [4318.05, 8861.0], [4318.1, 13000.0], [4318.2, 3105.0], [4318.3, 5207.0], [4318.4, 5176.0], [4318.45, 6806.0], [4318.5, 8861.0], [4318.55, 5261.0], [4318.6, 7819.0], [4318.8, 26062.0], [4318.9, 18508.0]]}}}
{"jsonrpc": "2.0", "method": "subscription", "params": {"channel": "book.ETH-PERPETUAL.none.20.100ms", "data": {"timestamp": 1756480042788, "change_id": 84248061345, "instrument_name": "ETH-PERPETUAL", "bids": [[4317.15, 15040.0], [4316.4, 16004.0], [4316.35, 39989.0], [4316.25, 37755.0], [4316.0, 1839.0], [4315.95, 956.0], [4315.8, 5174.0], [4315.5, 17767.0], [4315.45, 54050.0], [4315.4, 5174.0], [4315.25, 1552.0], [4315.2, 5174.0], [4315.1, 2155.0], [4315.05, 7183.0], [4314.9, 1176.0], [4314.85, 1554.0], [4314.8, 5179.0], [4314.35, 1557.0], [4314.3, 5190.0], [4314.0, 1557.0]], "asks": [[4317.2, 42208.0], [4317.3, 7200.0], [4317.35, 10.0], [4317.55, 7200.0], [4317.65, 7200.0], [4317.7, 4800.0], [4318.0, 2708.0], [4318.05, 8894.0], [4318.2, 3105.0], [4318.3, 5174.0], [4318.4, 5176.0], [4318.45, 6806.0], [4318.5, 8861.0], [4318.55, 5261.0], [4318.6, 7819.0], [4318.8, 26062.0], [4318.9, 18508.0], [4318.95, 8698.0], [4319.0, 55627.0], [4319.05, 5256.0]]}}}
{"jsonrpc": "2.0", "method": "subscription", "params": {"channel": "book.ETH-PERPETUAL.none.20.100ms", "data": {"timestamp": 1756480043120, "change_id": 84248062844, "instrument_name": "ETH-PERPETUAL", "bids": [[4316.6, 5821.0], [4316.5, 19142.0], [4316.45, 76181.0], [4316.2, 5330.0], [4316.15, 17766.0], [4316.0, 1839.0], [4315.95, 956.0], [4315.8, 5174.0], [4315.5, 17767.0], [4315.45, 54050.0], [4315.4, 5174.0], [4315.25, 1552.0], [4315.2, 5174.0], [4315.1, 2155.0], [4315.05, 7183.0], [4314.9, 80.0], [4314.85, 1554.0], [4314.8, 5179.0], [4314.35, 1557.0], [4314.3, 5190.0]], "asks": [[4317.15, 95.0], [4317.2, 7208.0], [4317.55, 7200.0], [4317.6, 8661.0], [4317.7, 4800.0], [4317.75, 7733.0], [4318.0, 3935.0], [4318.05, 14025.0], [4318.2, 17816.0], [4318.3, 5174.0], [4318.35, 54050.0], [4318.45, 4237.0], [4318.5, 8861.0], [4318.55, 5261.0], [4318.6, 7819.0], [4318.8, 26062.0], [4318.85, 100.0], [4318.9, 2609.0], [4318.95, 8698.0], [4319.0, 1577.0]]}}}
{"jsonrpc": "2.0", "method": "subscription", "params": {"channel": "book.ETH-PERPETUAL.none.20.100ms", "data": {"timestamp": 1756480043450, "change_id": 84248064094, "instrument_name": "ETH-PERPETUAL", "bids": [[4317.1, 16281.0], [4316.75, 37755.0], [4316.6, 4580.0], [4316.45, 20000.0], [4316.3, 5997.0], [4316.25, 19989.0], [4316.2, 20879.0], [4316.05, 54050.0], [4316.0, 1839.0], [4315.95, 956.0], [4315.8, 5174.0], [4315.5, 1552.0], [4315.4, 5174.0], [4315.25, 1552.0], [4315.2, 5174.0], [4315.1, 2155.0], [4315.05, 7183.0], [4314.85, 1554.0], [4314.8, 5179.0], [4314.45, 1126.0]], "asks": [[4317.15, 23097.0], [4317.2, 7208.0], [4317.55, 7200.0], [4317.6, 8661.0], [4317.65, 2215.0], [4317.7, 4800.0], [4317.75, 2584.0], [4318.0, 7258.0], [4318.05, 24025.0], [4318.25, 3096.0], [4318.3, 5174.0], [4318.4, 5196.0], [4318.45, 4237.0], [4318.5, 8861.0], [4318.55, 5261.0], [4318.6, 7819.0], [4318.8, 26062.0], [4318.85, 100.0], [4318.9, 18498.0], [4318.95, 62748.0]]}}}
{"jsonrpc": "2.0", "method": "subscription", "params": {"channel": "book.ETH-PERPETUAL.none.20.100ms", "data": {"timestamp": 1756480043760, "change_id": 84248064824, "instrument_name": "ETH-PERPETUAL", "bids": [[4317.1, 19281.0], [4317.0, 6000.0], [4316.75, 30766.0], [4316.65, 19989.0], [4316.6, 4580.0], [4316.45, 20000.0], [4316.0, 7606.0], [4315.95, 956.0], [4315.85, 19989.0], [4315.8, 5174.0], [4315.75, 16215.0], [4315.7, 54050.0], [4315.65, 20257.0], [4315.5, 1552.0], [4315.4, 5174.0], [4315.25, 1552.0], [4315.2, 5174.0], [4315.1, 2155.0], [4315.05, 7183.0], [4314.85, 1554.0]], "asks": [[4317.15, 23118.0], [4317.2, 8.0], [4317.55, 10200.0], [4317.6, 8661.0], [4317.65, 5215.0], [4317.7, 14800.0], [4317.75, 2584.0], [4318.0, 4258.0], [4318.05, 14025.0], [4318.15, 49.0], [4318.25, 3096.0], [4318.3, 5174.0], [4318.4, 5147.0], [4318.45, 4237.0], [4318.5, 8861.0], [4318.55, 5261.0], [4318.6, 7819.0], [4318.8, 26062.0], [4318.85, 100.0], [4318.9, 18498.0]]}}}
{"jsonrpc": "2.0", "method": "subscription", "params": {"channel": "book.ETH-PERPETUAL.none.20.100ms", "data": {"timestamp": 1756480044105, "change_id": 84248065453, "instrument_name": "ETH-PERPETUAL", "bids": [[4317.1, 61414.0], [4317.05, 27786.0], [4317.0, 6000.0], [4316.85, 19989.0], [4316.8, 3900.0], [4316.75, 13011.0], [4316.0, 1839.0], [4315.95, 956.0], [4315.8, 5174.0], [4315.75, 16215.0], [4315.7, 54050.0], [4315.65, 20257.0], [4315.5, 1552.0], [4315.4, 5174.0], [4315.25, 1552.0], [4315.2, 5174.0], [4315.1, 2155.0], [4315.05, 7183.0], [4314.85, 1554.0], [4314.8, 5179.0]], "asks": [[4317.15, 9978.0], [4317.2, 8.0], [4317.55, 7200.0], [4317.6, 8661.0], [4317.7, 4800.0], [4317.75, 2584.0], [4318.0, 53.0], [4318.05, 14025.0], [4318.15, 10000.0], [4318.25, 4509.0], [4318.3, 5174.0], [4318.35, 6000.0], [4318.4, 5147.0], [4318.45, 4286.0], [4318.5, 8867.0], [4318.55, 5261.0], [4318.6, 7819.0], [4318.8, 26062.0], [4318.9, 18498.0], [4318.95, 62748.0]]}}}
{"jsonrpc": "2.0", "method": "subscription", "params": {"channel": "book.ETH-PERPETUAL.none.20.100ms", "data": {"timestamp": 1756480044419, "change_id": 84248066127, "instrument_name": "ETH-PERPETUAL", "bids": [[4317.1, 80022.0], [4317.05, 7797.0], [4317.0, 6000.0], [4316.85, 19989.0], [4316.8, 3900.0], [4316.75, 13011.0], [4316.35, 16215.0], [4316.3, 54050.0], [4316.0, 1839.0], [4315.95, 956.0], [4315.8, 5174.0], [4315.75, 6077.0], [4315.65, 20257.0], [4315.5, 1552.0], [4315.4, 5174.0], [4315.25, 1552.0], [4315.2, 5174.0], [4315.15, 1176.0], [4315.1, 2155.0], [4315.05, 7183.0]], "asks": [[4317.15, 9978.0], [4317.2, 8.0], [4317.55, 7200.0], [4317.6, 8661.0], [4317.7, 4800.0], [4317.75, 2584.0], [4318.0, 53.0], [4318.05, 8861.0], [4318.15, 10000.0], [4318.3, 5174.0], [4318.4, 5147.0], [4318.45, 4237.0], [4318.5, 8867.0], [4318.55, 5261.0], [4318.6, 7819.0], [4318.75, 49.0], [4318.8, 26062.0], [4318.9, 18498.0], [4318.95, 62748.0], [4319.0, 1577.0]]}}}
{"jsonrpc": "2.0", "method": "subscription", "params": {"channel": "book.ETH-PERPETUAL.none.20.100ms", "data": {"timestamp": 1756480044736, "change_id": 84248066675, "instrument_name": "ETH-PERPETUAL", "bids": [[4317.1, 77038.0], [4317.05, 7797.0], [4317.0, 6000.0], [4316.85, 19989.0], [4316.8, 3900.0], [4316.75, 13011.0], [4316.35, 16215.0], [4316.3, 54050.0], [4316.0, 1839.0], [4315.95, 956.0], [4315.8, 5174.0], [4315.5, 1552.0], [4315.4, 5174.0], [4315.25, 1552.0], [4315.2, 5174.0], [4315.15, 1176.0], [4315.1, 2155.0], [4315.05, 7183.0], [4314.85, 1554.0], [4314.8, 5179.0]], "asks": [[4317.15, 8777.0], [4317.2, 8.0], [4317.55, 7200.0], [4317.6, 8661.0], [4317.7, 4800.0], [4317.75, 2584.0], [4318.0, 53.0], [4318.05, 8861.0], [4318.15, 10000.0], [4318.3, 5174.0], [4318.4, 5147.0], [4318.45, 4237.0], [4318.5, 8867.0], [4318.55, 5261.0], [4318.6, 7819.0], [4318.75, 49.0], [4318.8, 26062.0], [4318.9, 18498.0], [4318.95, 62748.0], [4319.0, 1577.0]]}}}
{"jsonrpc": "2.0", "method": "subscription", "params": {"channel": "book.ETH-PERPETUAL.none.20.100ms", "data": {"timestamp": 1756480045106, "change_id": 84248067327, "instrument_name": "ETH-PERPETUAL", "bids": [[4317.1, 100770.0], [4317.05, 1800.0], [4317.0, 6000.0], [4316.8, 3900.0], [4316.75, 13011.0], [4316.35, 16215.0], [4316.3, 54050.0], [4316.0, 1839.0], [4315.95, 956.0], [4315.8, 5174.0], [4315.5, 1552.0], [4315.4, 5174.0], [4315.3, 8661.0], [4315.25, 1552.0], [4315.2, 5174.0], [4315.15, 1176.0], [4315.1, 2155.0], [4315.05, 7183.0], [4314.9, 4152.0], [4314.85, 8661.0]], "asks": [[4317.15, 21.0], [4317.2, 8.0], [4317.7, 4800.0], [4318.0, 53.0], [4318.05, 8861.0], [4318.4, 5147.0], [4318.45, 6000.0], [4318.5, 8867.0], [4318.55, 7841.0], [4318.6, 10000.0], [4318.75, 7819.0], [4318.8, 26062.0], [4318.9, 31498.0], [4318.95, 62748.0], [4319.0, 1577.0], [4319.05, 5256.0], [4319.15, 100.0], [4319.2, 4591.0], [4319.25, 11.0], [4319.3, 5258.0]]}}}
{"jsonrpc": "2.0", "method": "subscription", "params": {"channel": "book.ETH-PERPETUAL.none.20.100ms", "data": {"timestamp": 1756480045431, "change_id": 84248068905, "instrument_name": "ETH-PERPETUAL", "bids": [[4317.1, 104726.0], [4317.05, 17790.0], [4317.0, 6000.0], [4316.9, 54050.0], [4316.8, 3900.0], [4316.75, 13011.0], [4316.0, 1839.0], [4315.95, 956.0], [4315.8, 5174.0], [4315.75, 8661.0], [4315.5, 1552.0], [4315.4, 5174.0], [4315.3, 8661.0], [4315.25, 1552.0], [4315.2, 6300.0], [4315.15, 1176.0], [4315.1, 2155.0], [4315.05, 7183.0], [4314.9, 4152.0], [4314.85, 8661.0]], "asks": [[4317.15, 21.0], [4317.2, 8.0], [4317.7, 4800.0], [4318.0, 53.0], [4318.5, 8867.0], [4318.55, 2580.0], [4318.95, 13853.0], [4319.05, 5238.0], [4319.2, 4542.0], [4319.25, 2588.0], [4319.3, 5258.0], [4319.4, 8631.0], [4319.45, 1577.0], [4319.5, 5258.0], [4319.75, 16215.0], [4319.8, 58426.0], [4319.85, 14012.0], [4320.0, 410.0], [4320.05, 1578.0], [4320.1, 5259.0]]}}}
{"jsonrpc": "2.0", "method": "subscription", "params": {"channel": "book.ETH-PERPETUAL.none.20.100ms", "data": {"timestamp": 1756480045764, "change_id": 84248069833, "instrument_name": "ETH-PERPETUAL", "bids": [[4317.65, 51477.0], [4317.6, 1800.0], [4317.55, 6000.0], [4317.2, 20553.0], [4317.15, 61479.0], [4317.1, 3347.0], [4316.95, 16215.0], [4316.9, 54050.0], [4316.75, 11.0], [4316.7, 4319.0], [4316.65, 14395.0], [4316.55, 1547.0], [4316.5, 5155.0], [4316.15, 1547.0], [4316.1, 5155.0], [4316.0, 1839.0], [4315.95, 956.0], [4315.9, 1176.0], [4315.8, 7772.0], [4315.75, 8661.0]], "asks": [[4317.7, 8543.0], [4318.0, 53.0], [4318.5, 6.0], [4318.55, 2580.0], [4318.85, 5155.0], [4318.95, 8698.0], [4319.05, 5238.0], [4319.2, 6602.0], [4319.25, 11.0], [4319.3, 5258.0], [4319.4, 18631.0], [4319.45, 1577.0], [4319.5, 5307.0], [4319.75, 16215.0], [4319.8, 58377.0], [4319.85, 14012.0], [4320.0, 410.0], [4320.05, 1578.0], [4320.1, 5259.0], [4320.2, 5556.0]]}}}
{"jsonrpc": "2.0", "method": "subscription", "params": {"channel": "book.ETH-PERPETUAL.none.20.100ms", "data": {"timestamp": 1756480046096, "change_id": 84248071494, "instrument_name": "ETH-PERPETUAL", "bids": [[4317.95, 95412.0], [4317.9, 1800.0], [4317.85, 6000.0], [4317.8, 3900.0], [4317.65, 13000.0], [4317.4, 2176.0], [4317.35, 7254.0], [4317.2, 2667.0], [4317.15, 6804.0], [4317.1, 2.0], [4316.95, 16215.0], [4316.9, 54050.0], [4316.8, 5155.0], [4316.75, 11.0], [4316.7, 4319.0], [4316.65, 14395.0], [4316.55, 1547.0], [4316.5, 5155.0], [4316.15, 1547.0], [4316.1, 5155.0]], "asks": [[4318.0, 53.0], [4318.45, 7200.0], [4318.5, 6.0], [4318.95, 8698.0], [4319.25, 11.0], [4319.3, 5258.0], [4319.4, 13772.0], [4319.45, 5577.0], [4319.5, 5307.0], [4319.8, 4327.0], [4319.85, 14012.0], [4319.95, 100.0], [4320.0, 410.0], [4320.05, 1578.0], [4320.1, 5259.0], [4320.2, 5556.0], [4320.3, 13878.0], [4320.4, 1694.0], [4320.55, 5247.0], [4320.6, 2635.0]]}}}
{"jsonrpc": "2.0", "method": "subscription", "params": {"channel": "book.ETH-PERPETUAL.none.20.100ms", "data": {"timestamp": 1756480046430, "change_id": 84248072598, "instrument_name": "ETH-PERPETUAL", "bids": [[4317.95, 95412.0], [4317.9, 1800.0], [4317.85, 6000.0], [4317.8, 3900.0], [4317.65, 13000.0], [4317.4, 2176.0], [4317.35, 7254.0], [4317.1, 2.0], [4316.95, 16215.0], [4316.9, 54050.0], [4316.8, 5155.0], [4316.75, 11.0], [4316.7, 4319.0], [4316.65, 14395.0], [4316.55, 1547.0], [4316.5, 5155.0], [4316.15, 1547.0], [4316.1, 5155.0], [4316.0, 1839.0], [4315.95, 956.0]], "asks": [[4318.0, 53.0], [4318.5, 6.0], [4318.95, 8698.0], [4319.25, 11.0], [4319.4, 11211.0], [4319.6, 6696.0], [4319.65, 2558.0], [4319.7, 2577.0], [4319.8, 8130.0], [4319.85, 14012.0], [4319.95, 100.0], [4320.0, 10410.0], [4320.05, 1578.0], [4320.1, 5259.0], [4320.15, 49.0], [4320.2, 19720.0], [4320.25, 54050.0], [4320.3, 13878.0], [4320.4, 1694.0], [4320.55, 5247.0]]}}}
{"jsonrpc": "2.0", "method": "subscription", "params": {"channel": "book.ETH-PERPETUAL.none.20.100ms", "data": {"timestamp": 1756480046760, "change_id": 84248073524, "instrument_name": "ETH-PERPETUAL", "bids": [[4318.45, 13817.0], [4318.25, 1800.0], [4318.2, 6001.0], [4318.15, 3850.0], [4318.0, 29806.0], [4317.95, 87351.0], [4317.85, 6000.0], [4317.8, 3900.0], [4317.65, 13000.0], [4317.55, 16215.0], [4317.5, 54050.0], [4317.4, 2176.0], [4317.35, 7254.0], [4317.1, 2.0], [4316.95, 1547.0], [4316.8, 5155.0], [4316.75, 11.0], [4316.55, 1547.0], [4316.5, 5155.0], [4316.15, 1547.0]], "asks": [[4318.5, 6.0], [4319.25, 11.0], [4319.4, 8631.0], [4319.8, 6000.0], [4319.85, 8754.0], [4319.9, 7712.0], [4319.95, 100.0], [4320.0, 410.0], [4320.1, 5259.0], [4320.15, 13000.0], [4320.3, 13878.0], [4320.4, 120.0], [4320.5, 1574.0], [4320.55, 5313.0], [4320.6, 2635.0], [4320.75, 8742.0], [4320.8, 1574.0], [4320.95, 5247.0], [4321.15, 2626.0], [4321.2, 8754.0]]}}}
{"jsonrpc": "2.0", "method": "subscription", "params": {"channel": "book.ETH-PERPETUAL.none.20.100ms", "data": {"timestamp": 1756480047091, "change_id": 84248075322, "instrument_name": "ETH-PERPETUAL", "bids": [[4318.45, 100671.0], [4318.4, 1800.0], [4318.35, 6000.0], [4318.2, 20115.0], [4318.15, 67050.0], [4318.0, 4089.0], [4317.95, 10227.0], [4317.4, 8603.0], [4317.35, 7254.0], [4317.3, 5153.0], [4317.2, 16268.0], [4317.15, 2606.0], [4317.1, 8688.0], [4316.95, 1547.0], [4316.8, 5155.0], [4316.75, 11.0], [4316.7, 2606.0], [4316.65, 9862.0], [4316.55, 1547.0], [4316.5, 5155.0]], "asks": [[4318.5, 7.0], [4319.25, 11.0], [4319.4, 8631.0], [4319.85, 8754.0], [4319.9, 2577.0], [4320.0, 410.0], [4320.05, 5153.0], [4320.15, 5134.0], [4320.2, 100.0], [4320.25, 2589.0], [4320.3, 8631.0], [4320.45, 1574.0], [4320.55, 5247.0], [4320.7, 2623.0], [4320.75, 8742.0], [4320.8, 20239.0], [4320.95, 69297.0], [4321.15, 2626.0], [4321.2, 10328.0], [4321.3, 5313.0]]}}}
{"jsonrpc": "2.0", "method": "subscription", "params": {"channel": "book.ETH-PERPETUAL.none.20.100ms", "data": {"timestamp": 1756480047372, "change_id": 84248076213, "instrument_name": "ETH-PERPETUAL", "bids": [[4318.45, 108989.0], [4318.4, 1800.0], [4318.35, 6000.0], [4318.2, 20115.0], [4318.15, 67050.0], [4318.0, 1428.0], [4317.95, 4759.0], [4317.4, 3722.0], [4317.35, 7254.0], [4317.3, 5153.0], [4317.15, 2606.0], [4317.1, 8688.0], [4316.95, 1547.0], [4316.85, 988.0], [4316.8, 5155.0], [4316.75, 11.0], [4316.7, 2606.0], [4316.65, 9862.0], [4316.6, 6468.0], [4316.55, 16406.0]], "asks": [[4318.5, 7.0], [4319.25, 11.0], [4319.4, 8631.0], [4319.85, 8754.0], [4319.9, 2577.0], [4320.0, 410.0], [4320.05, 5153.0], [4320.15, 15134.0], [4320.2, 100.0], [4320.3, 8631.0], [4320.4, 1585.0], [4320.55, 5247.0], [4320.6, 35.0], [4320.7, 2623.0], [4320.75, 8742.0], [4320.8, 20305.0], [4320.95, 59297.0], [4321.15, 2626.0], [4321.2, 10328.0], [4321.3, 5247.0]]}}}
{"jsonrpc": "2.0", "method": "subscription", "params": {"channel": "book.ETH-PERPETUAL.none.20.100ms", "data": {"timestamp": 1756480047750, "change_id": 84248077100, "instrument_name": "ETH-PERPETUAL", "bids": [[4318.45, 117055.0], [4318.4, 1800.0], [4318.35, 6000.0], [4318.2, 3900.0], [4318.15, 13000.0], [4317.95, 956.0], [4317.8, 16215.0], [4317.75, 54050.0], [4317.4, 3722.0], [4317.35, 7254.0], [4317.3, 5153.0], [4317.1, 2.0], [4316.95, 1547.0], [4316.85, 988.0], [4316.8, 5155.0], [4316.75, 11.0], [4316.7, 2606.0], [4316.65, 9862.0], [4316.6, 6468.0], [4316.55, 16406.0]], "asks": [[4318.5, 7.0], [4319.25, 11.0], [4319.4, 8631.0], [4319.85, 8754.0], [4319.9, 2577.0], [4320.0, 6496.0], [4320.05, 5153.0], [4320.15, 15134.0], [4320.25, 2689.0], [4320.3, 8631.0], [4320.4, 1585.0], [4320.55, 5313.0], [4320.6, 35.0], [4320.7, 2623.0], [4320.75, 8742.0], [4320.8, 20239.0], [4320.95, 59297.0], [4321.15, 2626.0], [4321.2, 10328.0], [4321.3, 5247.0]]}}}
{"jsonrpc": "2.0", "method": "subscription", "params": {"channel": "book.ETH-PERPETUAL.none.20.100ms", "data": {"timestamp": 1756480048081, "change_id": 84248077574, "instrument_name": "ETH-PERPETUAL", "bids": [[4318.45, 116316.0], [4318.4, 1800.0], [4318.35, 6000.0], [4318.2, 3900.0], [4318.15, 13000.0], [4317.95, 956.0], [4317.8, 16215.0], [4317.75, 54050.0], [4317.7, 22510.0], [4317.4, 3722.0], [4317.35, 7254.0], [4317.3, 5153.0], [4317.1, 2.0], [4316.95, 1547.0], [4316.85, 988.0], [4316.8, 5155.0], [4316.75, 11.0], [4316.7, 2606.0], [4316.65, 1176.0], [4316.6, 6468.0]], "asks": [[4318.5, 11083.0], [4319.25, 11.0], [4319.4, 8631.0], [4319.8, 6000.0], [4319.85, 8754.0], [4319.9, 2577.0], [4320.0, 6496.0], [4320.05, 5153.0], [4320.15, 15134.0], [4320.2, 6519.0], [4320.25, 100.0], [4320.3, 8631.0], [4320.4, 1585.0], [4320.55, 5313.0], [4320.6, 35.0], [4320.7, 2623.0], [4320.75, 8742.0], [4320.8, 20239.0], [4320.95, 59297.0], [4321.15, 2626.0]]}}}
{"jsonrpc": "2.0", "method": "subscription", "params": {"channel": "book.ETH-PERPETUAL.none.20.100ms", "data": {"timestamp": 1756480048410, "change_id": 84248078944, "instrument_name": "ETH-PERPETUAL", "bids": [[4318.45, 37499.0], [4318.35, 21789.0], [4318.3, 6000.0], [4317.95, 10956.0], [4317.9, 20000.0], [4317.55, 19989.0], [4317.4, 7349.0], [4317.3, 5153.0], [4317.1, 2.0], [4317.0, 18058.0], [4316.95, 54050.0], [4316.8, 5155.0], [4316.75, 11.0], [4316.6, 6468.0], [4316.55, 16406.0], [4316.5, 5155.0], [4316.35, 4751.0], [4316.3, 7151.0], [4316.2, 8686.0], [4316.15, 1547.0]], "asks": [[4318.5, 25424.0], [4318.95, 8686.0], [4319.1, 1800.0], [4319.15, 6000.0], [4319.25, 11.0], [4319.35, 2589.0], [4319.4, 8631.0], [4319.5, 6900.0], [4319.55, 13000.0], [4319.6, 13089.0], [4319.65, 5148.0], [4319.75, 7784.0], [4319.8, 3522.0], [4319.85, 8754.0], [4320.0, 2056.0], [4320.05, 5153.0], [4320.2, 18477.0], [4320.3, 8631.0], [4320.35, 54050.0], [4320.4, 1585.0]]}}}
{"jsonrpc": "2.0", "method": "subscription", "params": {"channel": "book.ETH-PERPETUAL.none.20.100ms", "data": {"timestamp": 1756480048741, "change_id": 84248079870, "instrument_name": "ETH-PERPETUAL", "bids": [[4318.45, 80.0], [4318.05, 10577.0], [4318.0, 39242.0], [4317.95, 4956.0], [4317.8, 6000.0], [4317.75, 20000.0], [4317.4, 1546.0], [4317.3, 5153.0], [4317.1, 2.0], [4317.0, 18058.0], [4316.95, 54050.0], [4316.8, 5155.0], [4316.75, 11.0], [4316.6, 1547.0], [4316.5, 5155.0], [4316.35, 2145.0], [4316.3, 7151.0], [4316.15, 1547.0], [4316.1, 5155.0], [4316.0, 1839.0]], "asks": [[4318.5, 32624.0], [4318.55, 10.0], [4318.9, 7200.0], [4318.95, 8686.0], [4319.15, 3000.0], [4319.2, 10000.0], [4319.25, 11.0], [4319.35, 2589.0], [4319.4, 8631.0], [4319.6, 3089.0], [4319.65, 5148.0], [4319.75, 7701.0], [4319.8, 3522.0], [4319.85, 8754.0], [4319.9, 83.0], [4320.0, 2056.0], [4320.05, 5153.0], [4320.2, 18477.0], [4320.3, 8631.0], [4320.35, 54050.0]]}}}
{"jsonrpc": "2.0", "method": "subscription", "params": {"channel": "book.ETH-PERPETUAL.none.20.100ms", "data": {"timestamp": 1756480049071, "change_id": 84248080859, "instrument_name": "ETH-PERPETUAL", "bids": [[4317.95, 20036.0], [4317.9, 3000.0], [4317.8, 6000.0], [4317.75, 37766.0], [4317.6, 9147.0], [4317.55, 19989.0], [4317.45, 13000.0], [4317.2, 5997.0], [4317.15, 19989.0], [4317.1, 2.0], [4317.0, 1547.0], [4316.8, 5155.0], [4316.75, 11.0], [4316.6, 17762.0], [4316.55, 54050.0], [4316.5, 5155.0], [4316.35, 2145.0], [4316.3, 7151.0], [4316.15, 1547.0], [4316.1, 5155.0]], "asks": [[4318.0, 32619.0], [4318.05, 10.0], [4318.4, 7200.0], [4318.45, 15981.0], [4318.5, 7205.0], [4318.85, 4766.0], [4318.9, 7200.0], [4318.95, 8686.0], [4319.1, 4543.0], [4319.15, 5143.0], [4319.2, 14130.0], [4319.25, 7707.0], [4319.4, 8714.0], [4319.5, 11922.0], [4319.55, 39739.0], [4319.6, 19708.0], [4319.65, 59198.0], [4319.8, 3522.0], [4319.85, 8754.0], [4319.9, 100.0]]}}}
{"jsonrpc": "2.0", "method": "subscription", "params": {"channel": "book.ETH-PERPETUAL.none.20.100ms", "data": {"timestamp": 1756480049399, "change_id": 84248082200, "instrument_name": "ETH-PERPETUAL", "bids": [[4317.95, 5036.0], [4317.45, 3000.0], [4317.4, 6000.0], [4317.1, 2.0], [4317.05, 19989.0], [4317.0, 13000.0], [4316.9, 5996.0], [4316.85, 19988.0], [4316.75, 11.0], [4316.45, 1543.0], [4316.4, 5143.0], [4316.15, 1547.0], [4316.1, 5155.0], [4316.0, 1839.0], [4315.95, 1176.0], [4315.8, 5174.0], [4315.45, 1552.0], [4315.4, 5174.0], [4315.2, 5174.0], [4314.9, 4152.0]], "asks": [[4318.0, 32619.0], [4318.05, 10.0], [4318.35, 2160.0], [4318.4, 14156.0], [4318.45, 15981.0], [4318.5, 7205.0], [4318.75, 3000.0], [4318.8, 10000.0], [4318.85, 4766.0], [4318.9, 7200.0], [4318.95, 8686.0], [4319.1, 1543.0], [4319.15, 5226.0], [4319.2, 4130.0], [4319.25, 7707.0], [4319.4, 8631.0], [4319.5, 11922.0], [4319.55, 39739.0], [4319.6, 19708.0], [4319.65, 59198.0]]}}}
{"jsonrpc": "2.0", "method": "subscription", "params": {"channel": "book.ETH-PERPETUAL.none.20.100ms", "data": {"timestamp": 1756480049727, "change_id": 84248083371, "instrument_name": "ETH-PERPETUAL", "bids": [[4317.95, 5036.0], [4317.25, 4500.0], [4317.2, 40986.0], [4317.15, 17766.0], [4317.1, 2.0], [4316.75, 11.0], [4316.5, 5996.0], [4316.45, 19988.0], [4316.2, 17762.0], [4316.15, 54050.0], [4316.1, 5155.0], [4316.0, 3876.0], [4315.85, 7336.0], [4315.8, 5174.0], [4315.45, 1552.0], [4315.4, 5174.0], [4315.35, 7014.0], [4315.3, 18205.0], [4315.2, 5174.0], [4314.9, 1554.0]], "asks": [[4318.0, 42619.0], [4318.05, 10.0], [4318.35, 2160.0], [4318.4, 11996.0], [4318.45, 15981.0], [4318.5, 5.0], [4318.65, 83.0], [4318.85, 4766.0], [4318.9, 7200.0], [4318.95, 8686.0], [4319.0, 17783.0], [4319.05, 54050.0], [4319.15, 5143.0], [4319.2, 4130.0], [4319.25, 7707.0], [4319.4, 8631.0], [4319.6, 1544.0], [4319.65, 5148.0], [4319.8, 3522.0], [4319.85, 8754.0]]}}}
{"jsonrpc": "2.0", "method": "subscription", "params": {"channel": "book.ETH-PERPETUAL.none.20.100ms", "data": {"timestamp": 1756480050058, "change_id": 84248084010, "instrument_name": "ETH-PERPETUAL", "bids": [[4317.95, 5036.0], [4317.7, 3000.0], [4317.5, 21000.0], [4317.25, 5997.0], [4317.2, 28470.0], [4317.15, 30766.0], [4317.1, 2.0], [4316.85, 5997.0], [4316.8, 19989.0], [4316.75, 20011.0], [4316.4, 5140.0], [4316.2, 17762.0], [4316.15, 54050.0], [4316.1, 5155.0], [4316.0, 3876.0], [4315.85, 8512.0], [4315.8, 5174.0], [4315.45, 1552.0], [4315.4, 5174.0], [4315.35, 7014.0]], "asks": [[4318.0, 32619.0], [4318.05, 3010.0], [4318.35, 2160.0], [4318.4, 14396.0], [4318.45, 15981.0], [4318.5, 10005.0], [4318.85, 18790.0], [4318.9, 7200.0], [4318.95, 48420.0], [4319.0, 1626.0], [4319.15, 5143.0], [4319.2, 4130.0], [4319.25, 7707.0], [4319.4, 8631.0], [4319.45, 16215.0], [4319.5, 54050.0], [4319.6, 15052.0], [4319.65, 5148.0], [4319.75, 45668.0], [4319.8, 3522.0]]}}}
{"jsonrpc": "2.0", "method": "subscription", "params": {"channel": "book.ETH-PERPETUAL.none.20.100ms", "data": {"timestamp": 1756480050389, "change_id": 84248085088, "instrument_name": "ETH-PERPETUAL", "bids": [[4317.95, 5036.0], [4317.45, 15000.0], [4317.25, 11247.0], [4317.2, 45986.0], [4317.15, 17766.0], [4317.1, 2.0], [4316.85, 5997.0], [4316.8, 19989.0], [4316.75, 11.0], [4316.4, 5140.0], [4316.2, 17762.0], [4316.15, 54050.0], [4316.1, 5155.0], [4316.0, 3876.0], [4315.85, 8512.0], [4315.8, 5174.0], [4315.45, 1552.0], [4315.4, 5174.0], [4315.35, 7014.0], [4315.3, 18205.0]], "asks": [[4318.0, 42619.0], [4318.05, 10.0], [4318.35, 2160.0], [4318.4, 11996.0], [4318.45, 15981.0], [4318.5, 5.0], [4318.75, 83.0], [4318.85, 18790.0], [4318.9, 7200.0], [4318.95, 48420.0], [4319.0, 1543.0], [4319.15, 5143.0], [4319.2, 4130.0], [4319.25, 7707.0], [4319.4, 8631.0], [4319.45, 16215.0], [4319.5, 54050.0], [4319.6, 15052.0], [4319.65, 5248.0], [4319.75, 45668.0]]}}}
{"jsonrpc": "2.0", "method": "subscription", "params": {"channel": "book.ETH-PERPETUAL.none.20.100ms", "data": {"timestamp": 1756480050723, "change_id": 84248086293, "instrument_name": "ETH-PERPETUAL", "bids": [[4317.3, 80.0], [4317.25, 6000.0], [4317.15, 17766.0], [4317.1, 2.0], [4316.75, 11.0], [4316.55, 5997.0], [4316.5, 19989.0], [4316.3, 5997.0], [4316.25, 19989.0], [4316.2, 6000.0], [4316.1, 20000.0], [4316.0, 19484.0], [4315.85, 7336.0], [4315.8, 59224.0], [4315.45, 1552.0], [4315.4, 5174.0], [4315.35, 7014.0], [4315.3, 18205.0], [4315.2, 5174.0], [4314.9, 1554.0]], "asks": [[4317.35, 23027.0], [4317.9, 95.0], [4317.95, 12370.0], [4318.0, 17200.0], [4318.05, 2160.0], [4318.2, 7200.0], [4318.25, 4320.0], [4318.35, 7200.0], [4318.4, 11045.0], [4318.45, 8686.0], [4318.5, 5228.0], [4318.6, 5139.0], [4318.7, 1542.0], [4318.75, 5140.0], [4318.85, 30552.0], [4318.9, 54050.0], [4318.95, 48420.0], [4319.0, 1543.0], [4319.15, 5143.0], [4319.2, 4130.0]]}}}
{"jsonrpc": "2.0", "method": "subscription", "params": {"channel": "book.ETH-PERPETUAL.none.20.100ms", "data": {"timestamp": 1756480051050, "change_id": 84248088023, "instrument_name": "ETH-PERPETUAL", "bids": [[4317.3, 35069.0], [4317.15, 5330.0], [4317.1, 17768.0], [4316.75, 12008.0], [4316.7, 19989.0], [4316.65, 20000.0], [4316.2, 1542.0], [4316.15, 5139.0], [4315.9, 3753.0], [4315.85, 7336.0], [4315.8, 5174.0], [4315.45, 1552.0], [4315.4, 5174.0], [4315.25, 1552.0], [4315.2, 5174.0], [4315.1, 2606.0], [4315.05, 8686.0], [4314.9, 1554.0], [4314.8, 5179.0], [4314.75, 8067.0]], "asks": [[4317.8, 95.0], [4317.9, 1201.0], [4318.4, 7200.0], [4318.45, 8686.0], [4318.5, 5145.0], [4318.6, 7690.0], [4318.75, 5140.0], [4318.85, 30552.0], [4318.9, 54050.0], [4318.95, 48420.0], [4319.0, 1609.0], [4319.15, 6269.0], [4319.2, 2593.0], [4319.25, 11.0], [4319.4, 8631.0], [4319.5, 1064.0], [4319.6, 15052.0], [4319.65, 5148.0], [4319.75, 45668.0], [4319.8, 3522.0]]}}}
{"jsonrpc": "2.0", "method": "subscription", "params": {"channel": "book.ETH-PERPETUAL.none.20.100ms", "data": {"timestamp": 1756480051374, "change_id": 84248089796, "instrument_name": "ETH-PERPETUAL", "bids": [[4318.2, 15080.0], [4317.55, 16016.0], [4317.5, 57744.0], [4317.1, 27547.0], [4317.05, 54050.0], [4317.0, 20000.0], [4316.95, 1542.0], [4316.9, 5139.0], [4316.75, 11.0], [4316.5, 5139.0], [4316.2, 1542.0], [4316.15, 5139.0], [4315.85, 7336.0], [4315.8, 5174.0], [4315.75, 2606.0], [4315.7, 8686.0], [4315.45, 1552.0], [4315.4, 5174.0], [4315.25, 1552.0], [4315.2, 5174.0]], "asks": [[4318.25, 20474.0], [4318.3, 95.0], [4318.35, 1201.0], [4318.5, 5.0], [4318.9, 3000.0], [4318.95, 8686.0], [4319.1, 1881.0], [4319.15, 6269.0], [4319.25, 4142.0], [4319.35, 5139.0], [4319.4, 8631.0], [4319.45, 2491.0], [4319.5, 1064.0], [4319.6, 22742.0], [4319.65, 5148.0], [4319.75, 45668.0], [4319.8, 3522.0], [4319.85, 8754.0], [4319.9, 804.0], [4319.95, 66.0]]}}}
{"jsonrpc": "2.0", "method": "subscription", "params": {"channel": "book.ETH-PERPETUAL.none.20.100ms", "data": {"timestamp": 1756480051706, "change_id": 84248091014, "instrument_name": "ETH-PERPETUAL", "bids": [[4318.2, 38846.0], [4318.15, 12409.0], [4318.1, 19989.0], [4318.0, 13000.0], [4317.75, 5997.0], [4317.7, 19989.0], [4317.1, 16217.0], [4317.05, 54050.0], [4316.95, 1542.0], [4316.9, 5139.0], [4316.75, 11.0], [4316.55, 1542.0], [4316.5, 5139.0], [4316.2, 13261.0], [4316.15, 5139.0], [4316.05, 39707.0], [4315.95, 1176.0], [4315.9, 3753.0], [4315.85, 7336.0], [4315.8, 5174.0]], "asks": [[4318.25, 8535.0], [4318.3, 95.0], [4318.5, 5.0], [4318.95, 8686.0], [4319.15, 5143.0], [4319.25, 11.0], [4319.35, 5139.0], [4319.4, 8631.0], [4319.45, 2307.0], [4319.6, 22742.0], [4319.65, 5148.0], [4319.75, 45668.0], [4319.8, 5570.0], [4319.85, 8754.0], [4319.9, 10804.0], [4320.0, 18008.0], [4320.05, 5153.0], [4320.15, 54150.0], [4320.2, 3804.0], [4320.25, 5139.0]]}}}
{"jsonrpc": "2.0", "method": "subscription", "params": {"channel": "book.ETH-PERPETUAL.none.20.100ms", "data": {"timestamp": 1756480052050, "change_id": 84248092245, "instrument_name": "ETH-PERPETUAL", "bids": [[4318.45, 105795.0], [4318.4, 1800.0], [4318.35, 6000.0], [4318.2, 3150.0], [4318.15, 13000.0], [4317.7, 16215.0], [4317.65, 54050.0], [4317.35, 1541.0], [4317.3, 5135.0], [4317.1, 8688.0], [4316.95, 1542.0], [4316.9, 5139.0], [4316.75, 11.0], [4316.7, 2606.0], [4316.65, 8686.0], [4316.55, 1542.0], [4316.5, 5139.0], [4316.25, 2606.0], [4316.2, 10228.0], [4316.15, 5139.0]], "asks": [[4318.5, 11.0], [4319.25, 11.0], [4319.6, 2569.0], [4319.65, 5148.0], [4319.7, 10000.0], [4319.85, 8754.0], [4320.0, 410.0], [4320.05, 5153.0], [4320.15, 2650.0], [4320.2, 3804.0], [4320.25, 5139.0], [4320.3, 8631.0], [4320.35, 1192.0], [4320.4, 1585.0], [4320.55, 5247.0], [4320.6, 35.0], [4320.7, 18590.0], [4320.75, 62792.0], [4320.8, 1574.0], [4320.95, 5247.0]]}}}
{"jsonrpc": "2.0", "method": "subscription", "params": {"channel": "book.ETH-PERPETUAL.none.20.100ms", "data": {"timestamp": 1756480052372, "change_id": 84248093320, "instrument_name": "ETH-PERPETUAL", "bids": [[4318.45, 105795.0], [4318.4, 1800.0], [4318.35, 6000.0], [4318.2, 3150.0], [4318.15, 13000.0], [4318.0, 2174.0], [4317.95, 7246.0], [4317.7, 16215.0], [4317.65, 54050.0], [4317.35, 1541.0], [4317.3, 5135.0], [4317.15, 2606.0], [4317.1, 8688.0], [4316.95, 1542.0], [4316.9, 5139.0], [4316.75, 11.0], [4316.7, 3782.0], [4316.65, 8686.0], [4316.55, 1542.0], [4316.5, 5139.0]], "asks": [[4318.5, 11.0], [4319.25, 11.0], [4319.6, 2569.0], [4319.85, 8754.0], [4320.0, 410.0], [4320.05, 5153.0], [4320.15, 12550.0], [4320.25, 7706.0], [4320.3, 8631.0], [4320.4, 7657.0], [4320.5, 20903.0], [4320.55, 5247.0], [4320.6, 35.0], [4320.7, 18656.0], [4320.75, 62792.0], [4320.8, 1574.0], [4320.95, 5247.0], [4321.15, 2626.0], [4321.2, 10328.0], [4321.3, 5247.0]]}}}
{"jsonrpc": "2.0", "method": "subscription", "params": {"channel": "book.ETH-PERPETUAL.none.20.100ms", "data": {"timestamp": 1756480052708, "change_id": 84248094223, "instrument_name": "ETH-PERPETUAL", "bids": [[4318.45, 91080.0], [4318.4, 21788.0], [4318.35, 6000.0], [4318.2, 3150.0], [4318.15, 13000.0], [4318.0, 2174.0], [4317.95, 7246.0], [4317.7, 16215.0], [4317.65, 54050.0], [4317.35, 1541.0], [4317.3, 5135.0], [4317.15, 2606.0], [4317.1, 8688.0], [4316.95, 1542.0], [4316.9, 5139.0], [4316.75, 8431.0], [4316.7, 21496.0], [4316.65, 8686.0], [4316.55, 1542.0], [4316.5, 5139.0]], "asks": [[4318.5, 11.0], [4319.25, 11.0], [4319.6, 2569.0], [4319.85, 8754.0], [4320.0, 410.0], [4320.05, 5153.0], [4320.15, 12550.0], [4320.2, 4901.0], [4320.25, 7706.0], [4320.3, 8631.0], [4320.45, 7939.0], [4320.5, 20903.0], [4320.55, 5247.0], [4320.6, 35.0], [4320.7, 18590.0], [4320.75, 62792.0], [4320.8, 1574.0], [4320.95, 5247.0], [4321.15, 2626.0], [4321.2, 10328.0]]}}}
