{"jsonrpc": "2.0", "id": 1, "result": ["book.ETH-PERPETUAL.none.20.100ms"], "usIn": 1764688695787682, "usOut": 1764688695787949, "usDiff": 267, "testnet": false}
{"jsonrpc": "2.0", "method": "subscription", "params": {"channel": "book.ETH-PERPETUAL.none.20.100ms", "data": {"timestamp": 1764688695781, "change_id": 99720218074, "instrument_name": "ETH-PERPETUAL", "bids": [[2969.25, 4477.0], [2968.2, 4822.0], [2968.15, 4837.0], [2968.05, 15000.0], [2967.9, 30754.0], [2967.65, 4835.0], [2967.6, 6578.0], [2967.5, 200.0], [2967.45, 4837.0], [2967.3, 50039.0], [2967.2, 4837.0], [2967.1, 4837.0], [2966.9, 4850.0], [2966.85, 7500.0], [2966.7, 4850.0], [2966.55, 25260.0], [2966.5, 4925.0], [2966.45, 19983.0], [2966.4, 7204.0], [2966.3, 4925.0]], "asks": [[2969.3, 28874.0], [2969.45, 8100.0], [2969.5, 15850.0], [2969.55, 40000.0], [2969.75, 8200.0], [2969.8, 7500.0], [2970.1, 7500.0], [2970.35, 2402.0], [2970.4, 7500.0], [2970.5, 10917.0], [2970.7, 19205.0], [2970.75, 7500.0], [2971.1, 50000.0], [2971.2, 23016.0], [2971.25, 7500.0], [2971.7, 7500.0], [2972.05, 7500.0], [2972.15, 7727.0], [2973.6, 2860.0], [2973.75, 32553.0]]}}}
{"jsonrpc": "2.0", "method": "subscription", "params": {"channel": "book.ETH-PERPETUAL.none.20.100ms", "data": {"timestamp": 1764688695824, "change_id": 99720218511, "instrument_name": "ETH-PERPETUAL", "bids": [[2969.25, 4477.0], [2968.3, 25000.0], [2968.2, 4822.0], [2968.15, 4837.0], [2968.05, 15000.0], [2967.9, 30754.0], [2967.65, 4835.0], [2967.6, 6578.0], [2967.5, 200.0], [2967.45, 4837.0], [2967.3, 50039.0], [2967.2, 4837.0], [2967.1, 4837.0], [2966.9, 4850.0], [2966.85, 7500.0], [2966.7, 4850.0], [2966.55, 7500.0], [2966.5, 24908.0], [2966.45, 17760.0], [2966.4, 7204.0]], "asks": [[2969.3, 29355.0], [2969.45, 8100.0], [2969.5, 15850.0], [2969.55, 40000.0], [2969.75, 8200.0], [2969.8, 7500.0], [2970.1, 7500.0], [2970.35, 2402.0], [2970.4, 7500.0], [2970.5, 10917.0], [2970.7, 19205.0], [2970.75, 7500.0], [2971.1, 50000.0], [2971.2, 20014.0], [2971.25, 7500.0], [2971.7, 7500.0], [2972.05, 7500.0], [2972.15, 7727.0], [2973.6, 2860.0], [2973.75, 32553.0]]}}}
{"jsonrpc": "2.0", "method": "subscription", "params": {"channel": "book.ETH-PERPETUAL.none.20.100ms", "data": {"timestamp": 1764688696161, "change_id": 99720220167, "instrument_name": "ETH-PERPETUAL", "bids": [[2968.35, 1118.0], [2967.9, 15000.0], [2967.65, 4835.0], [2967.6, 6578.0], [2967.5, 200.0], [2967.45, 4837.0], [2967.4, 10917.0], [2967.2, 4837.0], [2967.1, 4837.0], [2966.9, 4850.0], [2966.8, 39.0], [2966.7, 4850.0], [2966.55, 7500.0], [2966.5, 4925.0], [2966.4, 7204.0], [2966.3, 4925.0], [2966.25, 7500.0], [2966.15, 17760.0], [2966.1, 4933.0], [2966.0, 90.0]], "asks": [[2968.4, 5507.0], [2968.65, 7500.0], [2969.1, 7500.0], [2969.25, 12309.0], [2969.3, 49595.0], [2969.45, 8100.0], [2969.5, 15850.0], [2969.75, 8200.0], [2969.8, 7500.0], [2970.1, 7500.0], [2970.35, 20187.0], [2970.4, 7500.0], [2970.5, 10917.0], [2970.7, 3002.0], [2970.75, 7500.0], [2971.05, 50000.0], [2971.1, 20015.0], [2971.45, 17449.0], [2971.7, 14859.0], [2972.15, 7727.0]]}}}
{"jsonrpc": "2.0", "method": "subscription", "params": {"channel": "book.ETH-PERPETUAL.none.20.100ms", "data": {"timestamp": 1764688696492, "change_id": 99720221762, "instrument_name": "ETH-PERPETUAL", "bids": [[2968.35, 9518.0], [2967.6, 6578.0], [2967.3, 4813.0], [2967.25, 4791.0], [2966.9, 4850.0], [2966.7, 4850.0], [2966.55, 50000.0], [2966.5, 4925.0], [2966.4, 8624.0], [2966.3, 4925.0], [2966.1, 12433.0], [2966.0, 290.0], [2965.9, 17760.0], [2965.85, 4938.0], [2965.8, 7500.0], [2965.6, 4938.0], [2965.55, 39.0], [2965.5, 4811.0], [2965.4, 19983.0], [2965.35, 7500.0]], "asks": [[2968.4, 18794.0], [2968.65, 7500.0], [2969.05, 1420.0], [2969.1, 7500.0], [2969.25, 12309.0], [2969.3, 8869.0], [2969.45, 8100.0], [2969.5, 15850.0], [2969.75, 8200.0], [2969.8, 7500.0], [2970.05, 17785.0], [2970.1, 7500.0], [2970.3, 23017.0], [2970.4, 7500.0], [2970.5, 10917.0], [2970.75, 7500.0], [2971.45, 17449.0], [2972.15, 7727.0], [2972.5, 2500.0], [2972.65, 36611.0]]}}}
{"jsonrpc": "2.0", "method": "subscription", "params": {"channel": "book.ETH-PERPETUAL.none.20.100ms", "data": {"timestamp": 1764688696825, "change_id": 99720222808, "instrument_name": "ETH-PERPETUAL", "bids": [[2968.35, 16096.0], [2967.7, 25000.0], [2967.45, 7500.0], [2967.3, 4813.0], [2967.25, 4791.0], [2967.05, 15000.0], [2966.9, 19850.0], [2966.7, 4850.0], [2966.65, 60917.0], [2966.55, 39.0], [2966.5, 4925.0], [2966.45, 7500.0], [2966.3, 4925.0], [2966.1, 12433.0], [2966.0, 290.0], [2965.85, 22698.0], [2965.8, 7500.0], [2965.65, 19983.0], [2965.6, 4938.0], [2965.5, 4811.0]], "asks": [[2968.4, 19956.0], [2968.55, 8100.0], [2968.6, 40000.0], [2968.65, 7500.0], [2969.1, 7500.0], [2969.25, 12309.0], [2969.3, 379.0], [2969.45, 8100.0], [2969.5, 7750.0], [2969.75, 8200.0], [2969.8, 7500.0], [2970.05, 17785.0], [2970.1, 7500.0], [2970.35, 50000.0], [2970.4, 7500.0], [2970.5, 10917.0], [2970.7, 3002.0], [2970.75, 7500.0], [2971.45, 17449.0], [2972.15, 7727.0]]}}}
{"jsonrpc": "2.0", "method": "subscription", "params": {"channel": "book.ETH-PERPETUAL.none.20.100ms", "data": {"timestamp": 1764688697156, "change_id": 99720223971, "instrument_name": "ETH-PERPETUAL", "bids": [[2968.35, 16596.0], [2967.65, 25000.0], [2967.4, 7500.0], [2967.3, 4813.0], [2967.25, 4791.0], [2967.05, 25917.0], [2966.9, 19850.0], [2966.7, 4850.0], [2966.5, 4925.0], [2966.45, 7500.0], [2966.4, 50039.0], [2966.3, 4925.0], [2966.1, 12433.0], [2966.0, 290.0], [2965.95, 2806.0], [2965.85, 6358.0], [2965.8, 7500.0], [2965.6, 4938.0], [2965.55, 17760.0], [2965.5, 4811.0]], "asks": [[2968.4, 18217.0], [2968.55, 8100.0], [2968.65, 47500.0], [2969.1, 7500.0], [2969.25, 12309.0], [2969.45, 8100.0], [2969.5, 7500.0], [2969.75, 8200.0], [2969.8, 7500.0], [2970.05, 17785.0], [2970.1, 7500.0], [2970.25, 50000.0], [2970.3, 20015.0], [2970.4, 7500.0], [2970.45, 3002.0], [2970.5, 10917.0], [2970.75, 7500.0], [2970.85, 14855.0], [2971.45, 17449.0], [2972.15, 7727.0]]}}}
{"jsonrpc": "2.0", "method": "subscription", "params": {"channel": "book.ETH-PERPETUAL.none.20.100ms", "data": {"timestamp": 1764688697485, "change_id": 99720224863, "instrument_name": "ETH-PERPETUAL", "bids": [[2968.35, 16596.0], [2967.55, 25000.0], [2967.35, 7500.0], [2967.3, 4807.0], [2967.25, 4785.0], [2967.2, 4807.0], [2967.05, 15000.0], [2966.9, 19850.0], [2966.7, 4850.0], [2966.5, 15842.0], [2966.45, 57500.0], [2966.4, 39.0], [2966.3, 4925.0], [2966.1, 12433.0], [2966.0, 290.0], [2965.95, 2806.0], [2965.85, 4938.0], [2965.8, 7500.0], [2965.6, 4938.0], [2965.5, 4811.0]], "asks": [[2968.4, 18235.0], [2968.45, 40000.0], [2968.55, 8100.0], [2968.65, 7500.0], [2969.1, 7500.0], [2969.25, 12309.0], [2969.35, 1420.0], [2969.45, 8100.0], [2969.5, 7500.0], [2969.75, 8200.0], [2969.8, 7500.0], [2970.05, 17785.0], [2970.1, 7500.0], [2970.15, 50000.0], [2970.35, 20015.0], [2970.4, 7500.0], [2970.45, 3002.0], [2970.5, 10917.0], [2970.75, 7500.0], [2972.15, 7727.0]]}}}
{"jsonrpc": "2.0", "method": "subscription", "params": {"channel": "book.ETH-PERPETUAL.none.20.100ms", "data": {"timestamp": 1764688697812, "change_id": 99720225502, "instrument_name": "ETH-PERPETUAL", "bids": [[2968.35, 16596.0], [2967.55, 25000.0], [2967.35, 7500.0], [2967.1, 4804.0], [2966.9, 19850.0], [2966.75, 15000.0], [2966.7, 4850.0], [2966.5, 15842.0], [2966.4, 50000.0], [2966.3, 4925.0], [2966.15, 7500.0], [2966.1, 4933.0], [2966.0, 290.0], [2965.95, 2806.0], [2965.85, 4977.0], [2965.8, 7500.0], [2965.6, 4938.0], [2965.5, 4811.0], [2965.4, 17760.0], [2965.35, 7500.0]], "asks": [[2968.4, 46897.0], [2968.45, 40000.0], [2968.6, 8200.0], [2968.65, 7500.0], [2969.1, 7500.0], [2969.25, 4209.0], [2969.35, 1420.0], [2969.45, 8100.0], [2969.5, 7500.0], [2969.6, 50000.0], [2969.7, 17785.0], [2969.8, 7500.0], [2970.1, 27515.0], [2970.4, 7500.0], [2970.5, 10917.0], [2970.65, 16804.0], [2970.75, 7500.0], [2970.9, 14855.0], [2972.15, 7727.0], [2972.2, 27615.0]]}}}
{"jsonrpc": "2.0", "method": "subscription", "params": {"channel": "book.ETH-PERPETUAL.none.20.100ms", "data": {"timestamp": 1764688698149, "change_id": 99720227021, "instrument_name": "ETH-PERPETUAL", "bids": [[2967.95, 12480.0], [2967.7, 8200.0], [2967.65, 25000.0], [2967.35, 7500.0], [2966.9, 24654.0], [2966.75, 15000.0], [2966.7, 4850.0], [2966.65, 4804.0], [2966.55, 50000.0], [2966.5, 15842.0], [2966.3, 4925.0], [2966.15, 7539.0], [2966.1, 4933.0], [2966.0, 290.0], [2965.95, 2806.0], [2965.85, 4938.0], [2965.8, 7500.0], [2965.65, 17760.0], [2965.6, 6358.0], [2965.5, 4811.0]], "asks": [[2968.0, 7500.0], [2968.3, 7500.0], [2968.35, 8200.0], [2968.4, 20801.0], [2968.45, 40000.0], [2968.65, 7500.0], [2968.8, 2389.0], [2969.1, 7500.0], [2969.35, 1420.0], [2969.5, 7500.0], [2969.8, 7500.0], [2970.05, 17785.0], [2970.1, 7500.0], [2970.35, 20015.0], [2970.4, 7500.0], [2970.5, 10917.0], [2970.65, 16804.0], [2970.8, 3823.0], [2971.5, 2500.0], [2972.15, 7727.0]]}}}
{"jsonrpc": "2.0", "method": "subscription", "params": {"channel": "book.ETH-PERPETUAL.none.20.100ms", "data": {"timestamp": 1764688698481, "change_id": 99720228002, "instrument_name": "ETH-PERPETUAL", "bids": [[2968.4, 22889.0], [2968.05, 25000.0], [2967.6, 7500.0], [2967.25, 2389.0], [2967.15, 19779.0], [2967.0, 4801.0], [2966.9, 19850.0], [2966.75, 42.0], [2966.7, 4850.0], [2966.5, 15842.0], [2966.45, 7500.0], [2966.35, 1420.0], [2966.3, 4925.0], [2966.15, 25260.0], [2966.1, 4933.0], [2966.0, 290.0], [2965.95, 2806.0], [2965.9, 19983.0], [2965.85, 4938.0], [2965.8, 7500.0]], "asks": [[2968.45, 40000.0], [2968.65, 7500.0], [2969.05, 20006.0], [2969.1, 9886.0], [2969.5, 7500.0], [2969.8, 7500.0], [2970.1, 7500.0], [2970.25, 17785.0], [2970.4, 7500.0], [2970.5, 10917.0], [2970.65, 16804.0], [2970.75, 20015.0], [2970.8, 3823.0], [2971.2, 14856.0], [2971.5, 2500.0], [2972.15, 7727.0], [2972.2, 27615.0], [2972.8, 150000.0], [2972.95, 10697.0], [2973.6, 360.0]]}}}
{"jsonrpc": "2.0", "method": "subscription", "params": {"channel": "book.ETH-PERPETUAL.none.20.100ms", "data": {"timestamp": 1764688698810, "change_id": 99720228909, "instrument_name": "ETH-PERPETUAL", "bids": [[2968.4, 10819.0], [2968.1, 25000.0], [2967.75, 7500.0], [2967.55, 19779.0], [2967.4, 2412.0], [2967.35, 7168.0], [2967.15, 4779.0], [2966.95, 50000.0], [2966.9, 4850.0], [2966.75, 42.0], [2966.7, 4850.0], [2966.5, 15842.0], [2966.45, 7500.0], [2966.35, 1420.0], [2966.3, 4925.0], [2966.15, 7500.0], [2966.1, 4933.0], [2966.0, 290.0], [2965.95, 2806.0], [2965.85, 4938.0]], "asks": [[2968.45, 318.0], [2968.6, 20004.0], [2968.65, 7500.0], [2968.8, 40000.0], [2969.1, 7500.0], [2969.45, 3806.0], [2969.5, 7500.0], [2969.8, 7500.0], [2970.05, 10917.0], [2970.1, 7500.0], [2970.35, 17785.0], [2970.4, 7500.0], [2970.6, 20014.0], [2970.65, 16804.0], [2970.7, 50000.0], [2971.4, 14857.0], [2971.5, 2500.0], [2972.15, 7727.0], [2972.2, 27615.0], [2972.8, 150000.0]]}}}
{"jsonrpc": "2.0", "method": "subscription", "params": {"channel": "book.ETH-PERPETUAL.none.20.100ms", "data": {"timestamp": 1764688699145, "change_id": 99720230084, "instrument_name": "ETH-PERPETUAL", "bids": [[2969.05, 10000.0], [2968.7, 25000.0], [2968.55, 7500.0], [2968.45, 4179.0], [2968.0, 4773.0], [2967.75, 4773.0], [2967.6, 7500.0], [2967.55, 19779.0], [2967.35, 4779.0], [2967.3, 7500.0], [2967.15, 4779.0], [2967.05, 42.0], [2966.9, 4850.0], [2966.75, 7500.0], [2966.7, 4850.0], [2966.55, 17760.0], [2966.5, 35825.0], [2966.45, 7500.0], [2966.3, 4925.0], [2966.15, 7500.0]], "asks": [[2969.1, 10703.0], [2969.5, 7500.0], [2969.8, 7500.0], [2969.95, 1420.0], [2970.0, 30000.0], [2970.1, 9886.0], [2970.4, 7500.0], [2970.5, 10917.0], [2971.3, 20014.0], [2971.35, 50000.0], [2972.1, 17785.0], [2972.5, 2500.0], [2972.8, 150000.0], [2972.95, 10697.0], [2973.6, 360.0], [2973.75, 4938.0], [2973.9, 4938.0], [2974.0, 7605.0], [2974.1, 4933.0], [2974.25, 4938.0]]}}}
{"jsonrpc": "2.0", "method": "subscription", "params": {"channel": "book.ETH-PERPETUAL.none.20.100ms", "data": {"timestamp": 1764688699475, "change_id": 99720231872, "instrument_name": "ETH-PERPETUAL", "bids": [[2967.7, 8459.0], [2967.65, 4492.0], [2967.55, 313.0], [2967.5, 14117.0], [2967.2, 8459.0], [2967.0, 4280.0], [2966.55, 7500.0], [2966.5, 10917.0], [2966.45, 4773.0], [2966.4, 50000.0], [2966.35, 4773.0], [2966.25, 7500.0], [2966.1, 4773.0], [2966.05, 42.0], [2966.0, 290.0], [2965.85, 4938.0], [2965.8, 7500.0], [2965.75, 1420.0], [2965.65, 17760.0], [2965.6, 4938.0]], "asks": [[2968.2, 4209.0], [2968.25, 7500.0], [2968.3, 20004.0], [2968.7, 15600.0], [2968.95, 8100.0], [2969.05, 8100.0], [2969.1, 46757.0], [2969.15, 2384.0], [2969.5, 7500.0], [2969.8, 7500.0], [2969.95, 10917.0], [2970.1, 7500.0], [2970.4, 7500.0], [2971.25, 7530.0], [2971.9, 16709.0], [2972.05, 27615.0], [2972.5, 2500.0], [2972.8, 150000.0], [2972.95, 10697.0], [2973.6, 360.0]]}}}
{"jsonrpc": "2.0", "method": "subscription", "params": {"channel": "book.ETH-PERPETUAL.none.20.100ms", "data": {"timestamp": 1764688699805, "change_id": 99720233205, "instrument_name": "ETH-PERPETUAL", "bids": [[2966.7, 25000.0], [2966.5, 7500.0], [2966.4, 7500.0], [2966.2, 50000.0], [2966.15, 7500.0], [2966.1, 15690.0], [2966.0, 15090.0], [2965.85, 19938.0], [2965.8, 7500.0], [2965.6, 4938.0], [2965.5, 4811.0], [2965.35, 7500.0], [2965.3, 4811.0], [2965.25, 42.0], [2965.15, 7858.0], [2965.1, 4811.0], [2964.95, 17760.0], [2964.9, 7500.0], [2964.85, 4811.0], [2964.65, 19983.0]], "asks": [[2967.3, 4209.0], [2967.75, 20005.0], [2967.95, 42.0], [2968.05, 8407.0], [2968.35, 2384.0], [2968.5, 7500.0], [2968.95, 7500.0], [2969.05, 8100.0], [2969.1, 18410.0], [2969.4, 7500.0], [2969.7, 20014.0], [2969.95, 10917.0], [2970.4, 7500.0], [2972.05, 27615.0], [2972.5, 2500.0], [2972.95, 10697.0], [2973.25, 7825.0], [2973.6, 360.0], [2973.7, 27613.0], [2973.75, 4938.0]]}}}
{"jsonrpc": "2.0", "method": "subscription", "params": {"channel": "book.ETH-PERPETUAL.none.20.100ms", "data": {"timestamp": 1764688700133, "change_id": 99720234225, "instrument_name": "ETH-PERPETUAL", "bids": [[2967.3, 8459.0], [2966.65, 25000.0], [2966.3, 9557.0], [2966.15, 7500.0], [2966.1, 15690.0], [2966.0, 2473.0], [2965.85, 4980.0], [2965.8, 7500.0], [2965.6, 4938.0], [2965.5, 4811.0], [2965.4, 1420.0], [2965.35, 7500.0], [2965.3, 4811.0], [2965.2, 20502.0], [2965.15, 7858.0], [2965.1, 4811.0], [2965.0, 19983.0], [2964.9, 7500.0], [2964.85, 4811.0], [2964.6, 4811.0]], "asks": [[2967.35, 4298.0], [2967.5, 128.0], [2967.8, 7500.0], [2967.85, 560.0], [2967.95, 42.0], [2968.0, 372.0], [2968.2, 7500.0], [2968.3, 20003.0], [2968.35, 2384.0], [2968.4, 1420.0], [2968.65, 7500.0], [2968.95, 7500.0], [2969.05, 8100.0], [2969.35, 17785.0], [2969.4, 7500.0], [2969.85, 7500.0], [2970.35, 20014.0], [2970.4, 7500.0], [2971.0, 2500.0], [2971.75, 150000.0]]}}}
{"jsonrpc": "2.0", "method": "subscription", "params": {"channel": "book.ETH-PERPETUAL.none.20.100ms", "data": {"timestamp": 1764688700460, "change_id": 99720235168, "instrument_name": "ETH-PERPETUAL", "bids": [[2967.45, 55989.0], [2967.3, 28060.0], [2966.95, 7500.0], [2966.6, 50000.0], [2966.45, 4787.0], [2966.3, 4766.0], [2966.25, 4791.0], [2966.15, 42.0], [2966.1, 15690.0], [2966.0, 90.0], [2965.85, 4938.0], [2965.7, 7500.0], [2965.6, 4938.0], [2965.5, 4811.0], [2965.4, 39163.0], [2965.35, 7500.0], [2965.3, 4811.0], [2965.2, 2742.0], [2965.15, 7858.0], [2965.1, 4811.0]], "asks": [[2967.5, 128.0], [2967.8, 7500.0], [2968.2, 7500.0], [2968.3, 20005.0], [2968.35, 2384.0], [2968.65, 7500.0], [2968.95, 7500.0], [2969.05, 19017.0], [2969.4, 7500.0], [2969.75, 17785.0], [2969.85, 7500.0], [2970.0, 50000.0], [2970.35, 20014.0], [2970.4, 14987.0], [2971.0, 19911.0], [2971.75, 150000.0], [2971.8, 27615.0], [2972.4, 35309.0], [2972.95, 10697.0], [2973.45, 27613.0]]}}}
{"jsonrpc": "2.0", "method": "subscription", "params": {"channel": "book.ETH-PERPETUAL.none.20.100ms", "data": {"timestamp": 1764688700793, "change_id": 99720236777, "instrument_name": "ETH-PERPETUAL", "bids": [[2967.75, 25000.0], [2967.5, 8100.0], [2967.45, 10000.0], [2967.2, 7500.0], [2966.75, 4787.0], [2966.7, 4766.0], [2966.3, 4766.0], [2966.25, 50000.0], [2966.15, 42.0], [2966.1, 15690.0], [2966.0, 7590.0], [2965.85, 4938.0], [2965.7, 7500.0], [2965.6, 4938.0], [2965.5, 4811.0], [2965.4, 17760.0], [2965.35, 7500.0], [2965.3, 4811.0], [2965.25, 19983.0], [2965.2, 2742.0]], "asks": [[2967.8, 32761.0], [2968.15, 28105.0], [2968.2, 7500.0], [2968.35, 2384.0], [2968.65, 8920.0], [2968.95, 7500.0], [2969.05, 10917.0], [2969.4, 7500.0], [2969.75, 17785.0], [2969.85, 7500.0], [2969.9, 50000.0], [2969.95, 20014.0], [2970.4, 14987.0], [2971.0, 19911.0], [2971.1, 14856.0], [2971.75, 150000.0], [2971.8, 27615.0], [2972.4, 35309.0], [2972.95, 10697.0], [2973.45, 27613.0]]}}}
{"jsonrpc": "2.0", "method": "subscription", "params": {"channel": "book.ETH-PERPETUAL.none.20.100ms", "data": {"timestamp": 1764688701129, "change_id": 99720238138, "instrument_name": "ETH-PERPETUAL", "bids": [[2967.45, 49117.0], [2967.2, 7500.0], [2966.75, 4787.0], [2966.7, 4766.0], [2966.35, 7500.0], [2966.3, 4766.0], [2966.25, 50000.0], [2966.15, 42.0], [2966.1, 15690.0], [2966.0, 7590.0], [2965.85, 4938.0], [2965.7, 7500.0], [2965.6, 4938.0], [2965.5, 4811.0], [2965.35, 7500.0], [2965.3, 4811.0], [2965.15, 45601.0], [2965.1, 4811.0], [2964.9, 7500.0], [2964.85, 4811.0]], "asks": [[2967.5, 7209.0], [2967.8, 8566.0], [2968.15, 28105.0], [2968.35, 9884.0], [2968.65, 8920.0], [2968.95, 7500.0], [2969.05, 10917.0], [2969.4, 7500.0], [2969.6, 17785.0], [2969.65, 50000.0], [2969.8, 20014.0], [2969.85, 7500.0], [2970.4, 7500.0], [2970.75, 14854.0], [2971.0, 19911.0], [2971.75, 150000.0], [2971.8, 27615.0], [2972.4, 35309.0], [2972.95, 10697.0], [2973.45, 27613.0]]}}}
{"jsonrpc": "2.0", "method": "subscription", "params": {"channel": "book.ETH-PERPETUAL.none.20.100ms", "data": {"timestamp": 1764688701448, "change_id": 99720238708, "instrument_name": "ETH-PERPETUAL", "bids": [[2967.75, 33772.0], [2967.6, 8100.0], [2967.45, 14500.0], [2967.35, 35671.0], [2966.75, 4787.0], [2966.7, 54766.0], [2966.65, 7500.0], [2966.35, 7500.0], [2966.3, 4766.0], [2966.15, 42.0], [2966.1, 15690.0], [2966.0, 7590.0], [2965.85, 4938.0], [2965.7, 7500.0], [2965.65, 1420.0], [2965.6, 4938.0], [2965.55, 37743.0], [2965.5, 4811.0], [2965.35, 7500.0], [2965.3, 4811.0]], "asks": [[2967.8, 4501.0], [2968.15, 8100.0], [2968.35, 7500.0], [2968.6, 20006.0], [2968.65, 7500.0], [2968.95, 7500.0], [2969.05, 10917.0], [2969.4, 7500.0], [2969.75, 17785.0], [2969.85, 7500.0], [2969.9, 50000.0], [2970.35, 20014.0], [2970.4, 7500.0], [2970.9, 14855.0], [2971.0, 19911.0], [2971.75, 150000.0], [2971.8, 27615.0], [2972.4, 35309.0], [2972.65, 7721.0], [2972.95, 10697.0]]}}}
{"jsonrpc": "2.0", "method": "subscription", "params": {"channel": "book.ETH-PERPETUAL.none.20.100ms", "data": {"timestamp": 1764688701785, "change_id": 99720239482, "instrument_name": "ETH-PERPETUAL", "bids": [[2967.6, 18103.0], [2967.45, 4500.0], [2967.4, 8100.0], [2967.35, 35671.0], [2966.9, 25000.0], [2966.75, 4787.0], [2966.7, 4766.0], [2966.65, 7500.0], [2966.55, 4759.0], [2966.45, 42.0], [2966.4, 50000.0], [2966.35, 7500.0], [2966.3, 4766.0], [2966.1, 15690.0], [2966.0, 7590.0], [2965.85, 4938.0], [2965.7, 7500.0], [2965.65, 1420.0], [2965.6, 4938.0], [2965.5, 4811.0]], "asks": [[2967.65, 7735.0], [2967.8, 42.0], [2968.3, 20005.0], [2968.35, 7500.0], [2968.65, 9877.0], [2968.8, 1420.0], [2968.95, 7500.0], [2969.05, 10917.0], [2969.4, 7500.0], [2969.75, 17785.0], [2969.85, 7500.0], [2969.9, 50000.0], [2970.35, 20014.0], [2970.4, 7500.0], [2970.85, 7831.0], [2970.9, 14855.0], [2971.0, 19911.0], [2971.75, 150000.0], [2971.8, 27615.0], [2972.4, 35309.0]]}}}
{"jsonrpc": "2.0", "method": "subscription", "params": {"channel": "book.ETH-PERPETUAL.none.20.100ms", "data": {"timestamp": 1764688702113, "change_id": 99720240860, "instrument_name": "ETH-PERPETUAL", "bids": [[2967.6, 37253.0], [2967.4, 8100.0], [2967.35, 35671.0], [2967.3, 25000.0], [2966.9, 50000.0], [2966.75, 4829.0], [2966.7, 4766.0], [2966.65, 7500.0], [2966.55, 4759.0], [2966.35, 7500.0], [2966.3, 4766.0], [2966.1, 15690.0], [2966.0, 7590.0], [2965.9, 37744.0], [2965.85, 4938.0], [2965.8, 2754.0], [2965.7, 7500.0], [2965.6, 4938.0], [2965.5, 4811.0], [2965.35, 7500.0]], "asks": [[2967.65, 574.0], [2968.65, 9877.0], [2968.9, 20006.0], [2968.95, 7500.0], [2969.2, 1420.0], [2969.4, 7500.0], [2969.85, 7500.0], [2970.05, 50000.0], [2970.3, 17784.0], [2970.4, 24503.0], [2970.8, 20014.0], [2970.85, 7831.0], [2971.0, 2500.0], [2971.75, 150000.0], [2971.8, 27615.0], [2972.95, 10697.0], [2973.45, 27613.0], [2973.6, 360.0], [2973.7, 2.0], [2973.75, 4938.0]]}}}
{"jsonrpc": "2.0", "method": "subscription", "params": {"channel": "book.ETH-PERPETUAL.none.20.100ms", "data": {"timestamp": 1764688702443, "change_id": 99720241558, "instrument_name": "ETH-PERPETUAL", "bids": [[2967.6, 29150.0], [2967.35, 35671.0], [2967.0, 25000.0], [2966.75, 54787.0], [2966.7, 4766.0], [2966.65, 7500.0], [2966.55, 4759.0], [2966.35, 7500.0], [2966.3, 4766.0], [2966.1, 15690.0], [2966.0, 7632.0], [2965.85, 4938.0], [2965.8, 2754.0], [2965.7, 7500.0], [2965.65, 17760.0], [2965.6, 4938.0], [2965.55, 19984.0], [2965.5, 4811.0], [2965.35, 7500.0], [2965.3, 4811.0]], "asks": [[2967.65, 3965.0], [2968.35, 7500.0], [2968.6, 20005.0], [2968.65, 9877.0], [2968.95, 7500.0], [2969.2, 1420.0], [2969.4, 7500.0], [2969.5, 10917.0], [2969.8, 17784.0], [2969.85, 7500.0], [2969.95, 50000.0], [2970.0, 40000.0], [2970.35, 20014.0], [2970.4, 24503.0], [2970.85, 7831.0], [2971.0, 2500.0], [2971.75, 150000.0], [2971.8, 27615.0], [2972.95, 10697.0], [2973.45, 27613.0]]}}}
{"jsonrpc": "2.0", "method": "subscription", "params": {"channel": "book.ETH-PERPETUAL.none.20.100ms", "data": {"timestamp": 1764688702781, "change_id": 99720242510, "instrument_name": "ETH-PERPETUAL", "bids": [[2968.3, 27976.0], [2967.7, 8459.0], [2967.65, 12913.0], [2967.6, 10000.0], [2967.4, 8100.0], [2967.35, 35671.0], [2967.25, 4748.0], [2967.2, 25000.0], [2967.0, 4748.0], [2966.75, 4787.0], [2966.7, 4766.0], [2966.65, 7500.0], [2966.55, 4759.0], [2966.4, 50000.0], [2966.35, 7500.0], [2966.3, 4808.0], [2966.1, 15690.0], [2966.0, 7590.0], [2965.85, 4938.0], [2965.8, 2754.0]], "asks": [[2968.35, 40074.0], [2968.9, 20006.0], [2968.95, 7500.0], [2969.1, 30000.0], [2969.2, 1420.0], [2969.4, 7500.0], [2969.5, 10917.0], [2969.8, 17784.0], [2969.85, 7500.0], [2969.95, 50000.0], [2970.0, 40000.0], [2970.35, 20014.0], [2970.4, 24503.0], [2971.35, 14857.0], [2971.75, 150000.0], [2971.8, 27615.0], [2971.95, 2500.0], [2972.9, 7772.0], [2972.95, 10697.0], [2973.45, 27613.0]]}}}
{"jsonrpc": "2.0", "method": "subscription", "params": {"channel": "book.ETH-PERPETUAL.none.20.100ms", "data": {"timestamp": 1764688703104, "change_id": 99720244664, "instrument_name": "ETH-PERPETUAL", "bids": [[2968.25, 18397.0], [2968.05, 25000.0], [2967.65, 8100.0], [2967.6, 10000.0], [2967.5, 2374.0], [2967.4, 8100.0], [2967.35, 35671.0], [2967.25, 7146.0], [2967.0, 4748.0], [2966.95, 7500.0], [2966.9, 50042.0], [2966.7, 4766.0], [2966.65, 7500.0], [2966.55, 4759.0], [2966.35, 7500.0], [2966.3, 4766.0], [2966.25, 1420.0], [2966.1, 15690.0], [2966.05, 37744.0], [2966.0, 7590.0]], "asks": [[2968.3, 7209.0], [2968.6, 8100.0], [2968.8, 28104.0], [2968.85, 40000.0], [2968.95, 7500.0], [2969.1, 30000.0], [2969.3, 2374.0], [2969.4, 7500.0], [2969.65, 3796.0], [2969.85, 18417.0], [2970.0, 40000.0], [2970.35, 17784.0], [2970.4, 24503.0], [2970.75, 50000.0], [2970.8, 20014.0], [2970.85, 7500.0], [2971.75, 164859.0], [2971.95, 2500.0], [2972.35, 27615.0], [2972.9, 44296.0]]}}}
{"jsonrpc": "2.0", "method": "subscription", "params": {"channel": "book.ETH-PERPETUAL.none.20.100ms", "data": {"timestamp": 1764688703439, "change_id": 99720245611, "instrument_name": "ETH-PERPETUAL", "bids": [[2968.6, 10000.0], [2968.05, 25000.0], [2967.95, 4500.0], [2967.65, 8100.0], [2967.6, 4772.0], [2967.55, 4748.0], [2967.4, 15600.0], [2967.35, 35671.0], [2967.25, 4748.0], [2967.0, 4748.0], [2966.95, 7500.0], [2966.85, 42.0], [2966.7, 4766.0], [2966.65, 7500.0], [2966.6, 25618.0], [2966.55, 4759.0], [2966.35, 7500.0], [2966.3, 4766.0], [2966.1, 15690.0], [2966.0, 7590.0]], "asks": [[2968.65, 7459.0], [2969.4, 7500.0], [2969.65, 2374.0], [2969.85, 7500.0], [2970.0, 40000.0], [2970.3, 10917.0], [2970.4, 7500.0], [2970.8, 17784.0], [2970.85, 7500.0], [2971.2, 50000.0], [2971.3, 7500.0], [2971.7, 20014.0], [2971.95, 2500.0], [2972.9, 7772.0], [2972.95, 10697.0], [2973.0, 27615.0], [2973.6, 360.0], [2973.7, 2.0], [2973.75, 4938.0], [2973.9, 4938.0]]}}}
{"jsonrpc": "2.0", "method": "subscription", "params": {"channel": "book.ETH-PERPETUAL.none.20.100ms", "data": {"timestamp": 1764688703759, "change_id": 99720247179, "instrument_name": "ETH-PERPETUAL", "bids": [[2968.6, 10000.0], [2968.05, 25000.0], [2968.0, 4500.0], [2967.65, 8100.0], [2967.6, 4772.0], [2967.55, 4748.0], [2967.4, 15600.0], [2967.35, 35671.0], [2967.25, 4748.0], [2967.1, 50000.0], [2967.0, 4748.0], [2966.95, 7500.0], [2966.85, 42.0], [2966.7, 4766.0], [2966.65, 7500.0], [2966.6, 7858.0], [2966.55, 4759.0], [2966.35, 7500.0], [2966.3, 4766.0], [2966.15, 17760.0]], "asks": [[2968.65, 7606.0], [2968.9, 70000.0], [2969.1, 7500.0], [2969.35, 20005.0], [2969.4, 7500.0], [2969.5, 1420.0], [2969.65, 2374.0], [2969.8, 10917.0], [2969.85, 7500.0], [2970.0, 40000.0], [2970.35, 17784.0], [2970.4, 7500.0], [2970.5, 50000.0], [2970.8, 20014.0], [2970.85, 7500.0], [2971.3, 7500.0], [2971.85, 14860.0], [2971.95, 2500.0], [2972.45, 27615.0], [2972.8, 150000.0]]}}}
{"jsonrpc": "2.0", "method": "subscription", "params": {"channel": "book.ETH-PERPETUAL.none.20.100ms", "data": {"timestamp": 1764688704097, "change_id": 99720249744, "instrument_name": "ETH-PERPETUAL", "bids": [[2967.35, 11389.0], [2966.15, 2371.0], [2966.0, 90.0], [2965.85, 4938.0], [2965.6, 9438.0], [2965.55, 25000.0], [2965.5, 4811.0], [2965.3, 4811.0], [2965.2, 7500.0], [2965.1, 4811.0], [2964.9, 7500.0], [2964.85, 4811.0], [2964.6, 4811.0], [2964.45, 7500.0], [2964.35, 4811.0], [2964.25, 4803.0], [2964.2, 42.0], [2964.05, 5011.0], [2964.0, 7590.0], [2963.8, 4811.0]], "asks": [[2967.4, 28106.0], [2967.5, 7500.0], [2967.7, 8100.0], [2967.75, 20004.0], [2967.95, 7500.0], [2968.4, 2374.0], [2968.5, 7500.0], [2968.6, 8174.0], [2968.65, 6275.0], [2968.8, 7500.0], [2968.85, 17784.0], [2968.9, 30000.0], [2969.1, 7500.0], [2969.4, 7500.0], [2969.8, 10917.0], [2969.85, 7500.0], [2970.0, 40000.0], [2970.4, 7500.0], [2971.05, 19612.0], [2971.85, 14860.0]]}}}
{"jsonrpc": "2.0", "method": "subscription", "params": {"channel": "book.ETH-PERPETUAL.none.20.100ms", "data": {"timestamp": 1764688704428, "change_id": 99720250893, "instrument_name": "ETH-PERPETUAL", "bids": [[2967.35, 9907.0], [2966.65, 25000.0], [2966.45, 4500.0], [2966.35, 4768.0], [2966.3, 4743.0], [2966.05, 4743.0], [2966.0, 90.0], [2965.85, 7500.0], [2965.8, 4743.0], [2965.6, 4938.0], [2965.55, 57500.0], [2965.5, 4853.0], [2965.3, 4811.0], [2965.2, 7500.0], [2965.1, 4811.0], [2964.9, 25260.0], [2964.85, 4811.0], [2964.65, 19984.0], [2964.6, 4811.0], [2964.45, 7500.0]], "asks": [[2967.4, 68924.0], [2967.65, 27506.0], [2967.7, 8100.0], [2967.75, 720.0], [2967.95, 7500.0], [2968.25, 10917.0], [2968.4, 2374.0], [2968.5, 7500.0], [2968.6, 8174.0], [2968.65, 444.0], [2968.8, 7500.0], [2969.0, 67784.0], [2969.1, 7500.0], [2969.4, 7500.0], [2969.75, 20014.0], [2969.85, 7500.0], [2970.0, 40000.0], [2970.4, 7500.0], [2970.95, 35413.0], [2971.05, 2500.0]]}}}
{"jsonrpc": "2.0", "method": "subscription", "params": {"channel": "book.ETH-PERPETUAL.none.20.100ms", "data": {"timestamp": 1764688704756, "change_id": 99720252063, "instrument_name": "ETH-PERPETUAL", "bids": [[2967.6, 31270.0], [2967.4, 28100.0], [2967.35, 28007.0], [2967.3, 25000.0], [2966.6, 4763.0], [2966.55, 4740.0], [2966.45, 4500.0], [2966.35, 4764.0], [2966.3, 4743.0], [2966.2, 7500.0], [2966.05, 4785.0], [2966.0, 90.0], [2965.9, 7500.0], [2965.8, 4743.0], [2965.7, 17760.0], [2965.65, 30901.0], [2965.6, 4938.0], [2965.55, 7500.0], [2965.5, 4811.0], [2965.3, 4811.0]], "asks": [[2967.65, 30465.0], [2968.6, 8174.0], [2968.65, 2766.0], [2968.95, 7500.0], [2969.05, 1420.0], [2969.4, 7500.0], [2969.5, 10917.0], [2970.0, 40000.0], [2970.35, 20014.0], [2971.05, 2500.0], [2971.3, 150000.0], [2971.55, 7500.0], [2972.8, 150000.0], [2972.95, 10943.0], [2973.6, 360.0], [2973.7, 2.0], [2973.75, 4938.0], [2973.9, 12728.0], [2974.0, 90.0], [2974.1, 4933.0]]}}}
{"jsonrpc": "2.0", "method": "subscription", "params": {"channel": "book.ETH-PERPETUAL.none.20.100ms", "data": {"timestamp": 1764688705083, "change_id": 99720253368, "instrument_name": "ETH-PERPETUAL", "bids": [[2967.9, 18710.0], [2967.85, 14117.0], [2967.75, 8459.0], [2967.7, 4280.0], [2967.65, 313.0], [2967.6, 4500.0], [2967.35, 20160.0], [2967.0, 4740.0], [2966.95, 7500.0], [2966.85, 50000.0], [2966.75, 4740.0], [2966.7, 2393.0], [2966.55, 4740.0], [2966.5, 1420.0], [2966.3, 4743.0], [2966.2, 7500.0], [2966.05, 4743.0], [2966.0, 90.0], [2965.95, 19984.0], [2965.9, 7500.0]], "asks": [[2967.95, 12309.0], [2968.55, 4209.0], [2968.6, 22291.0], [2969.0, 7500.0], [2969.35, 10917.0], [2969.4, 7500.0], [2969.6, 2370.0], [2969.75, 7500.0], [2969.95, 17784.0], [2970.0, 40000.0], [2970.2, 7500.0], [2970.65, 7500.0], [2971.0, 20014.0], [2971.3, 17258.0], [2971.55, 7500.0], [2972.15, 27615.0], [2972.2, 14861.0], [2972.8, 150000.0], [2972.95, 10943.0], [2973.45, 27613.0]]}}}
{"jsonrpc": "2.0", "method": "subscription", "params": {"channel": "book.ETH-PERPETUAL.none.20.100ms", "data": {"timestamp": 1764688705383, "change_id": 99720255567, "instrument_name": "ETH-PERPETUAL", "bids": [[2971.25, 8459.0], [2971.1, 14846.0], [2970.6, 8459.0], [2970.2, 4280.0], [2970.15, 8459.0], [2970.0, 4280.0], [2969.95, 4492.0], [2969.7, 4280.0], [2969.55, 4280.0], [2969.35, 8459.0], [2969.3, 4179.0], [2968.85, 12060.0], [2968.55, 600.0], [2968.5, 4179.0], [2968.05, 8459.0], [2968.0, 14179.0], [2967.95, 22217.0], [2967.9, 22864.0], [2967.8, 1295.0], [2967.75, 4179.0]], "asks": [[2971.3, 8100.0], [2971.55, 7500.0], [2972.15, 27615.0], [2972.95, 10943.0], [2973.45, 27613.0], [2973.6, 360.0], [2973.7, 2.0], [2973.75, 4938.0], [2973.9, 4938.0], [2974.0, 90.0], [2974.1, 4933.0], [2974.25, 4938.0], [2974.95, 11.0], [2975.0, 40000.0], [2975.4, 52199.0], [2975.9, 1000.0], [2976.0, 90.0], [2976.6, 250000.0], [2977.0, 150402.0], [2977.25, 242890.0]]}}}
{"jsonrpc": "2.0", "method": "subscription", "params": {"channel": "book.ETH-PERPETUAL.none.20.100ms", "data": {"timestamp": 1764688705752, "change_id": 99720257951, "instrument_name": "ETH-PERPETUAL", "bids": [[2970.3, 14117.0], [2970.0, 4179.0], [2969.95, 19648.0], [2969.9, 4740.0], [2969.8, 4740.0], [2969.55, 13199.0], [2969.35, 8459.0], [2969.3, 8459.0], [2969.25, 4740.0], [2969.15, 4740.0], [2969.05, 4734.0], [2968.85, 4740.0], [2968.6, 4940.0], [2968.5, 8459.0], [2968.45, 4740.0], [2968.2, 4740.0], [2968.05, 8459.0], [2968.0, 4179.0], [2967.9, 8678.0], [2967.8, 416.0]], "asks": [[2971.2, 27426.0], [2971.3, 52143.0], [2971.5, 8100.0], [2971.55, 7500.0], [2972.15, 27615.0], [2972.3, 2367.0], [2972.6, 10917.0], [2972.95, 10943.0], [2973.45, 27613.0], [2973.6, 360.0], [2973.7, 2.0], [2973.75, 4938.0], [2973.9, 13852.0], [2974.0, 90.0], [2974.1, 4933.0], [2974.25, 4938.0], [2974.9, 2500.0], [2974.95, 11.0], [2975.0, 40000.0], [2975.1, 150000.0]]}}}
{"jsonrpc": "2.0", "method": "subscription", "params": {"channel": "book.ETH-PERPETUAL.none.20.100ms", "data": {"timestamp": 1764688706064, "change_id": 99720259241, "instrument_name": "ETH-PERPETUAL", "bids": [[2970.4, 22889.0], [2970.35, 8382.0], [2970.3, 5572.0], [2970.1, 7500.0], [2970.0, 8100.0], [2969.55, 4179.0], [2969.35, 4280.0], [2969.3, 10917.0], [2969.25, 4740.0], [2969.15, 4740.0], [2969.05, 4734.0], [2969.0, 42.0], [2968.9, 1420.0], [2968.85, 4740.0], [2968.6, 4940.0], [2968.45, 4740.0], [2968.2, 4740.0], [2968.0, 4740.0], [2967.9, 12240.0], [2967.65, 4740.0]], "asks": [[2970.45, 4209.0], [2970.9, 7500.0], [2971.1, 12309.0], [2971.2, 7574.0], [2971.3, 37926.0], [2972.1, 25284.0], [2972.5, 50000.0], [2972.6, 10917.0], [2972.8, 7500.0], [2973.3, 7500.0], [2973.6, 360.0], [2973.7, 2.0], [2973.75, 12438.0], [2973.9, 33971.0], [2974.0, 90.0], [2974.1, 4933.0], [2974.2, 7500.0], [2974.25, 4938.0], [2974.65, 14874.0], [2974.9, 2500.0]]}}}
{"jsonrpc": "2.0", "method": "subscription", "params": {"channel": "book.ETH-PERPETUAL.none.20.100ms", "data": {"timestamp": 1764688706418, "change_id": 99720261080, "instrument_name": "ETH-PERPETUAL", "bids": [[2971.05, 23889.0], [2970.55, 8100.0], [2970.45, 8100.0], [2970.4, 29500.0], [2970.35, 282.0], [2970.3, 5572.0], [2970.0, 10489.0], [2969.95, 4734.0], [2969.75, 4734.0], [2969.55, 4179.0], [2969.5, 4734.0], [2969.35, 4280.0], [2969.3, 10959.0], [2969.25, 4740.0], [2969.15, 4740.0], [2968.85, 4740.0], [2968.7, 7500.0], [2968.6, 4940.0], [2968.45, 4740.0], [2968.4, 7500.0]], "asks": [[2971.1, 4321.0], [2971.3, 250.0], [2971.65, 7500.0], [2972.1, 7500.0], [2972.15, 2365.0], [2972.2, 9945.0], [2972.6, 10917.0], [2972.8, 7500.0], [2973.3, 7500.0], [2973.6, 360.0], [2973.7, 2.0], [2973.75, 12438.0], [2973.9, 33971.0], [2974.0, 90.0], [2974.1, 4933.0], [2974.25, 4938.0], [2974.9, 2500.0], [2974.95, 11.0], [2975.0, 40000.0], [2975.1, 150000.0]]}}}
{"jsonrpc": "2.0", "method": "subscription", "params": {"channel": "book.ETH-PERPETUAL.none.20.100ms", "data": {"timestamp": 1764688706749, "change_id": 99720263432, "instrument_name": "ETH-PERPETUAL", "bids": [[2971.05, 23889.0], [2970.6, 25000.0], [2970.45, 8100.0], [2970.4, 4500.0], [2970.35, 282.0], [2970.3, 5572.0], [2970.0, 12856.0], [2969.95, 4734.0], [2969.75, 4734.0], [2969.6, 42.0], [2969.5, 4734.0], [2969.3, 10917.0], [2969.25, 4740.0], [2969.15, 6160.0], [2968.85, 4740.0], [2968.7, 7500.0], [2968.6, 4940.0], [2968.45, 24720.0], [2968.4, 7500.0], [2968.25, 17757.0]], "asks": [[2971.1, 6383.0], [2971.35, 7500.0], [2971.6, 20003.0], [2971.65, 7500.0], [2972.1, 7500.0], [2972.15, 2365.0], [2972.6, 10917.0], [2972.8, 7500.0], [2972.85, 16918.0], [2972.95, 33082.0], [2973.3, 7500.0], [2973.6, 360.0], [2973.7, 17791.0], [2973.75, 12438.0], [2973.85, 7512.0], [2973.9, 4938.0], [2974.0, 90.0], [2974.05, 20018.0], [2974.1, 4933.0], [2974.25, 4938.0]]}}}
{"jsonrpc": "2.0", "method": "subscription", "params": {"channel": "book.ETH-PERPETUAL.none.20.100ms", "data": {"timestamp": 1764688707077, "change_id": 99720265772, "instrument_name": "ETH-PERPETUAL", "bids": [[2971.7, 1000.0], [2971.4, 25000.0], [2971.35, 4500.0], [2971.1, 8100.0], [2970.75, 4753.0], [2970.7, 4729.0], [2970.5, 4729.0], [2970.45, 8100.0], [2970.35, 282.0], [2970.3, 5572.0], [2970.25, 4729.0], [2969.95, 4776.0], [2969.75, 4734.0], [2969.5, 4734.0], [2969.4, 7500.0], [2969.3, 10917.0], [2969.25, 4740.0], [2969.15, 6160.0], [2969.1, 25259.0], [2969.05, 19982.0]], "asks": [[2971.75, 21932.0], [2971.8, 7500.0], [2972.05, 20005.0], [2972.1, 7500.0], [2972.5, 7500.0], [2972.8, 9865.0], [2972.9, 3785.0], [2973.3, 7500.0], [2973.45, 10917.0], [2973.6, 360.0], [2973.7, 2.0], [2973.75, 12438.0], [2973.8, 17786.0], [2973.85, 7512.0], [2973.9, 4938.0], [2974.0, 90.0], [2974.1, 4933.0], [2974.15, 7500.0], [2974.2, 20016.0], [2974.25, 4938.0]]}}}
{"jsonrpc": "2.0", "method": "subscription", "params": {"channel": "book.ETH-PERPETUAL.none.20.100ms", "data": {"timestamp": 1764688707410, "change_id": 99720267543, "instrument_name": "ETH-PERPETUAL", "bids": [[2971.1, 47217.0], [2971.05, 4500.0], [2970.5, 4729.0], [2970.45, 8100.0], [2970.35, 282.0], [2970.3, 5572.0], [2970.25, 4729.0], [2970.05, 4753.0], [2969.95, 4776.0], [2969.75, 4734.0], [2969.65, 52664.0], [2969.5, 4734.0], [2969.4, 7500.0], [2969.3, 10917.0], [2969.25, 12165.0], [2969.15, 4740.0], [2969.1, 7500.0], [2969.05, 4729.0], [2968.95, 17760.0], [2968.85, 4740.0]], "asks": [[2971.15, 7209.0], [2971.45, 8000.0], [2971.75, 21048.0], [2971.8, 7663.0], [2972.1, 7500.0], [2972.2, 2363.0], [2972.5, 7500.0], [2972.8, 9865.0], [2972.9, 1420.0], [2973.3, 7500.0], [2973.4, 17785.0], [2973.45, 10917.0], [2973.5, 40055.0], [2973.6, 360.0], [2973.7, 20017.0], [2973.75, 12438.0], [2973.85, 7512.0], [2973.9, 4938.0], [2974.0, 90.0], [2974.1, 4933.0]]}}}
{"jsonrpc": "2.0", "method": "subscription", "params": {"channel": "book.ETH-PERPETUAL.none.20.100ms", "data": {"timestamp": 1764688707740, "change_id": 99720268717, "instrument_name": "ETH-PERPETUAL", "bids": [[2971.1, 10000.0], [2970.5, 4729.0], [2970.35, 282.0], [2970.3, 282.0], [2970.25, 4729.0], [2970.05, 4753.0], [2969.95, 4734.0], [2969.75, 4734.0], [2969.55, 1420.0], [2969.5, 4734.0], [2969.4, 7500.0], [2969.3, 10917.0], [2969.25, 12165.0], [2969.15, 4740.0], [2969.1, 7500.0], [2969.05, 4729.0], [2968.85, 4740.0], [2968.7, 7500.0], [2968.65, 19983.0], [2968.6, 4940.0]], "asks": [[2971.15, 23127.0], [2971.5, 7500.0], [2971.7, 20003.0], [2971.75, 2605.0], [2971.8, 7500.0], [2972.1, 7500.0], [2972.2, 2363.0], [2972.5, 7500.0], [2972.8, 7500.0], [2973.3, 7500.0], [2973.4, 56204.0], [2973.45, 10917.0], [2973.5, 31596.0], [2973.6, 360.0], [2973.7, 2.0], [2973.75, 12438.0], [2973.85, 7512.0], [2973.9, 4938.0], [2974.0, 90.0], [2974.1, 4933.0]]}}}
{"jsonrpc": "2.0", "method": "subscription", "params": {"channel": "book.ETH-PERPETUAL.none.20.100ms", "data": {"timestamp": 1764688708070, "change_id": 99720270817, "instrument_name": "ETH-PERPETUAL", "bids": [[2969.4, 4179.0], [2969.35, 8100.0], [2968.9, 25000.0], [2968.7, 2386.0], [2968.6, 4740.0], [2968.45, 9240.0], [2968.3, 2362.0], [2968.25, 10917.0], [2968.2, 4740.0], [2968.0, 4740.0], [2967.9, 4740.0], [2967.75, 7500.0], [2967.65, 4740.0], [2967.5, 17760.0], [2967.45, 7500.0], [2967.4, 4740.0], [2967.35, 9907.0], [2967.3, 4734.0], [2967.25, 42.0], [2967.2, 4725.0]], "asks": [[2969.75, 4209.0], [2969.8, 12523.0], [2970.0, 7500.0], [2970.05, 20005.0], [2970.8, 4725.0], [2970.95, 4725.0], [2971.05, 4209.0], [2971.1, 8100.0], [2971.15, 13508.0], [2971.2, 4725.0], [2971.5, 7500.0], [2971.55, 4725.0], [2971.7, 17785.0], [2971.75, 302.0], [2971.8, 12225.0], [2972.05, 4725.0], [2972.1, 7500.0], [2972.2, 4725.0], [2972.45, 4725.0], [2972.5, 7500.0]]}}}
{"jsonrpc": "2.0", "method": "subscription", "params": {"channel": "book.ETH-PERPETUAL.none.20.100ms", "data": {"timestamp": 1764688708398, "change_id": 99720272630, "instrument_name": "ETH-PERPETUAL", "bids": [[2968.2, 25000.0], [2967.35, 9907.0], [2967.3, 7096.0], [2967.2, 4725.0], [2967.15, 2386.0], [2967.0, 4740.0], [2966.75, 4740.0], [2966.55, 4740.0], [2966.35, 200.0], [2966.3, 4743.0], [2966.05, 12243.0], [2966.0, 90.0], [2965.85, 17760.0], [2965.8, 4743.0], [2965.6, 12438.0], [2965.5, 4811.0], [2965.3, 4811.0], [2965.15, 7500.0], [2965.1, 4811.0], [2964.85, 4811.0]], "asks": [[2968.25, 18326.0], [2968.4, 3422.0], [2968.45, 11463.0], [2968.55, 4550.0], [2968.65, 7500.0], [2969.0, 423.0], [2969.35, 3363.0], [2969.4, 12225.0], [2969.6, 8747.0], [2969.65, 20003.0], [2969.7, 11682.0], [2969.75, 23742.0], [2969.8, 1706.0], [2969.95, 3547.0], [2970.0, 18764.0], [2970.1, 17785.0], [2970.15, 4725.0], [2970.2, 88.0], [2970.35, 3649.0], [2970.4, 4725.0]]}}}
{"jsonrpc": "2.0", "method": "subscription", "params": {"channel": "book.ETH-PERPETUAL.none.20.100ms", "data": {"timestamp": 1764688708723, "change_id": 99720275083, "instrument_name": "ETH-PERPETUAL", "bids": [[2967.75, 4179.0], [2967.4, 25000.0], [2967.35, 19907.0], [2966.8, 10917.0], [2966.75, 4740.0], [2966.7, 2359.0], [2966.55, 4740.0], [2966.3, 4743.0], [2966.05, 4743.0], [2966.0, 90.0], [2965.8, 4743.0], [2965.65, 7500.0], [2965.6, 4938.0], [2965.5, 4811.0], [2965.35, 17760.0], [2965.3, 4811.0], [2965.2, 7500.0], [2965.1, 4811.0], [2964.85, 21033.0], [2964.8, 200.0]], "asks": [[2967.8, 9983.0], [2968.0, 2239.0], [2968.05, 7500.0], [2968.3, 2239.0], [2968.35, 7500.0], [2968.6, 2463.0], [2968.65, 7500.0], [2968.75, 1410.0], [2968.8, 4725.0], [2968.95, 3775.0], [2969.0, 5148.0], [2969.1, 8910.0], [2969.15, 4725.0], [2969.35, 3363.0], [2969.4, 12225.0], [2969.5, 1410.0], [2969.55, 4725.0], [2969.6, 537.0], [2969.65, 7548.0], [2969.7, 33323.0]]}}}
{"jsonrpc": "2.0", "method": "subscription", "params": {"channel": "book.ETH-PERPETUAL.none.20.100ms", "data": {"timestamp": 1764688709061, "change_id": 99720276375, "instrument_name": "ETH-PERPETUAL", "bids": [[2967.75, 10000.0], [2967.5, 25000.0], [2967.35, 9907.0], [2966.75, 4740.0], [2966.7, 4741.0], [2966.55, 4740.0], [2966.3, 4743.0], [2966.2, 10917.0], [2966.05, 4743.0], [2966.0, 90.0], [2965.8, 4743.0], [2965.65, 7500.0], [2965.6, 4938.0], [2965.5, 4811.0], [2965.3, 4811.0], [2965.2, 7500.0], [2965.1, 4811.0], [2964.9, 37743.0], [2964.85, 4811.0], [2964.8, 200.0]], "asks": [[2967.8, 34493.0], [2967.95, 14179.0], [2968.0, 40000.0], [2968.05, 7500.0], [2968.2, 2239.0], [2968.35, 7500.0], [2968.55, 250.0], [2968.6, 2463.0], [2968.65, 7500.0], [2968.75, 1410.0], [2968.8, 4725.0], [2968.85, 2359.0], [2968.95, 13738.0], [2969.0, 4725.0], [2969.05, 1420.0], [2969.1, 50451.0], [2969.15, 4725.0], [2969.25, 8958.0], [2969.3, 17785.0], [2969.4, 12225.0]]}}}
{"jsonrpc": "2.0", "method": "subscription", "params": {"channel": "book.ETH-PERPETUAL.none.20.100ms", "data": {"timestamp": 1764688709379, "change_id": 99720277500, "instrument_name": "ETH-PERPETUAL", "bids": [[2967.75, 49117.0], [2967.35, 9907.0], [2966.75, 4740.0], [2966.7, 4741.0], [2966.55, 4740.0], [2966.45, 50000.0], [2966.3, 4743.0], [2966.2, 10917.0], [2966.1, 42.0], [2966.05, 4743.0], [2966.0, 90.0], [2965.95, 7500.0], [2965.8, 4743.0], [2965.65, 45243.0], [2965.6, 4938.0], [2965.5, 7369.0], [2965.3, 4811.0], [2965.2, 7500.0], [2965.1, 4811.0], [2964.85, 4811.0]], "asks": [[2967.8, 2744.0], [2968.4, 2239.0], [2968.45, 7500.0], [2968.5, 6046.0], [2968.55, 20256.0], [2968.75, 1410.0], [2968.8, 4725.0], [2968.85, 2359.0], [2968.95, 4073.0], [2969.0, 4725.0], [2969.1, 8910.0], [2969.15, 4725.0], [2969.35, 3649.0], [2969.4, 12225.0], [2969.5, 1410.0], [2969.55, 4725.0], [2969.65, 2240.0], [2969.7, 15104.0], [2969.75, 15642.0], [2969.8, 9831.0]]}}}
{"jsonrpc": "2.0", "method": "subscription", "params": {"channel": "book.ETH-PERPETUAL.none.20.100ms", "data": {"timestamp": 1764688709723, "change_id": 99720278856, "instrument_name": "ETH-PERPETUAL", "bids": [[2967.75, 10000.0], [2967.35, 9907.0], [2966.75, 4740.0], [2966.7, 29741.0], [2966.55, 4740.0], [2966.45, 4500.0], [2966.3, 4743.0], [2966.05, 4743.0], [2966.0, 90.0], [2965.8, 4743.0], [2965.7, 50000.0], [2965.65, 7500.0], [2965.6, 4938.0], [2965.5, 7369.0], [2965.45, 42.0], [2965.3, 4811.0], [2965.2, 7500.0], [2965.1, 4811.0], [2964.85, 4811.0], [2964.8, 200.0]], "asks": [[2967.8, 34600.0], [2967.9, 14179.0], [2968.0, 40000.0], [2968.05, 7500.0], [2968.4, 2239.0], [2968.45, 7500.0], [2968.55, 250.0], [2968.7, 3649.0], [2968.75, 7500.0], [2968.8, 5853.0], [2968.85, 2359.0], [2968.9, 1420.0], [2968.95, 8437.0], [2969.0, 4725.0], [2969.05, 17785.0], [2969.1, 23655.0], [2969.15, 4725.0], [2969.2, 50000.0], [2969.35, 3649.0], [2969.4, 12225.0]]}}}
{"jsonrpc": "2.0", "method": "subscription", "params": {"channel": "book.ETH-PERPETUAL.none.20.100ms", "data": {"timestamp": 1764688710052, "change_id": 99720279975, "instrument_name": "ETH-PERPETUAL", "bids": [[2967.75, 10000.0], [2967.35, 9907.0], [2967.1, 25000.0], [2966.75, 4740.0], [2966.7, 9241.0], [2966.55, 4740.0], [2966.3, 4743.0], [2966.1, 60917.0], [2966.05, 4785.0], [2966.0, 90.0], [2965.8, 4743.0], [2965.7, 17760.0], [2965.65, 27483.0], [2965.6, 4938.0], [2965.5, 7369.0], [2965.4, 1420.0], [2965.3, 4811.0], [2965.2, 7500.0], [2965.1, 4811.0], [2964.85, 4811.0]], "asks": [[2967.8, 11432.0], [2968.1, 2239.0], [2968.15, 7500.0], [2968.35, 22242.0], [2968.45, 7500.0], [2968.55, 250.0], [2968.6, 5971.0], [2968.7, 3649.0], [2968.75, 7500.0], [2968.8, 4725.0], [2968.85, 2359.0], [2968.95, 4073.0], [2969.0, 4725.0], [2969.1, 8910.0], [2969.15, 4725.0], [2969.3, 3649.0], [2969.4, 12225.0], [2969.5, 1410.0], [2969.55, 4725.0], [2969.6, 2239.0]]}}}
{"jsonrpc": "2.0", "method": "subscription", "params": {"channel": "book.ETH-PERPETUAL.none.20.100ms", "data": {"timestamp": 1764688710385, "change_id": 99720281417, "instrument_name": "ETH-PERPETUAL", "bids": [[2967.35, 9907.0], [2967.3, 1000.0], [2966.8, 25000.0], [2966.7, 4741.0], [2966.55, 4740.0], [2966.3, 4743.0], [2966.05, 4785.0], [2966.0, 90.0], [2965.8, 4743.0], [2965.6, 4938.0], [2965.5, 7369.0], [2965.45, 50000.0], [2965.4, 1420.0], [2965.3, 4811.0], [2965.2, 7500.0], [2965.1, 4811.0], [2964.9, 17760.0], [2964.85, 4811.0], [2964.8, 200.0], [2964.75, 19983.0]], "asks": [[2967.4, 26426.0], [2967.65, 14117.0], [2967.75, 8100.0], [2967.8, 35918.0], [2967.85, 7500.0], [2967.95, 11177.0], [2968.05, 42239.0], [2968.15, 7500.0], [2968.35, 2239.0], [2968.45, 7500.0], [2968.55, 250.0], [2968.7, 3649.0], [2968.75, 7500.0], [2968.8, 6145.0], [2968.85, 2359.0], [2968.95, 18053.0], [2969.0, 4725.0], [2969.05, 50000.0], [2969.1, 14219.0], [2969.15, 4725.0]]}}}
{"jsonrpc": "2.0", "method": "subscription", "params": {"channel": "book.ETH-PERPETUAL.none.20.100ms", "data": {"timestamp": 1764688710715, "change_id": 99720282928, "instrument_name": "ETH-PERPETUAL", "bids": [[2967.35, 28578.0], [2966.3, 4733.0], [2966.25, 4713.0], [2966.0, 29803.0], [2965.8, 4743.0], [2965.6, 4938.0], [2965.55, 4500.0], [2965.5, 4811.0], [2965.3, 4811.0], [2965.15, 60917.0], [2965.1, 4811.0], [2965.0, 7500.0], [2964.85, 4811.0], [2964.8, 200.0], [2964.7, 7500.0], [2964.65, 1420.0], [2964.6, 4811.0], [2964.35, 4811.0], [2964.3, 37743.0], [2964.25, 12303.0]], "asks": [[2967.4, 87671.0], [2967.5, 2239.0], [2967.55, 7500.0], [2967.7, 2418.0], [2967.75, 13328.0], [2967.8, 9627.0], [2967.85, 7500.0], [2968.05, 4886.0], [2968.15, 7500.0], [2968.2, 9828.0], [2968.35, 17580.0], [2968.45, 9855.0], [2968.5, 51481.0], [2968.55, 4963.0], [2968.7, 8491.0], [2968.75, 7500.0], [2968.8, 22510.0], [2968.95, 4073.0], [2969.0, 4725.0], [2969.1, 8910.0]]}}}
{"jsonrpc": "2.0", "method": "subscription", "params": {"channel": "book.ETH-PERPETUAL.none.20.100ms", "data": {"timestamp": 1764688711039, "change_id": 99720284145, "instrument_name": "ETH-PERPETUAL", "bids": [[2967.35, 41586.0], [2966.45, 25000.0], [2966.35, 7500.0], [2966.3, 4733.0], [2966.25, 4713.0], [2966.2, 4500.0], [2966.0, 4845.0], [2965.9, 7500.0], [2965.8, 4743.0], [2965.7, 50000.0], [2965.6, 4938.0], [2965.5, 4811.0], [2965.45, 19983.0], [2965.4, 7500.0], [2965.35, 17760.0], [2965.3, 4811.0], [2965.15, 10917.0], [2965.1, 4811.0], [2965.0, 7500.0], [2964.85, 4811.0]], "asks": [[2967.4, 6451.0], [2967.6, 11940.0], [2967.65, 40000.0], [2967.8, 567.0], [2968.05, 3659.0], [2968.15, 7500.0], [2968.25, 5971.0], [2968.3, 20005.0], [2968.35, 2239.0], [2968.45, 9855.0], [2968.5, 1481.0], [2968.55, 4963.0], [2968.7, 3649.0], [2968.75, 7500.0], [2968.8, 4725.0], [2968.95, 4073.0], [2969.0, 4725.0], [2969.1, 8910.0], [2969.15, 4725.0], [2969.25, 22223.0]]}}}
{"jsonrpc": "2.0", "method": "subscription", "params": {"channel": "book.ETH-PERPETUAL.none.20.100ms", "data": {"timestamp": 1764688711376, "change_id": 99720285164, "instrument_name": "ETH-PERPETUAL", "bids": [[2967.35, 28586.0], [2966.7, 25000.0], [2966.45, 4500.0], [2966.35, 7500.0], [2966.3, 4733.0], [2966.25, 4713.0], [2966.0, 4845.0], [2965.9, 7500.0], [2965.8, 4743.0], [2965.6, 4938.0], [2965.5, 6231.0], [2965.45, 2949.0], [2965.4, 7500.0], [2965.3, 4811.0], [2965.15, 10917.0], [2965.1, 22571.0], [2965.05, 19983.0], [2965.0, 7500.0], [2964.85, 4811.0], [2964.8, 200.0]], "asks": [[2967.4, 4781.0], [2967.85, 5971.0], [2968.0, 20005.0], [2968.05, 2239.0], [2968.15, 7500.0], [2968.35, 2239.0], [2968.45, 9855.0], [2968.5, 1481.0], [2968.55, 4963.0], [2968.7, 3649.0], [2968.75, 7500.0], [2968.8, 4725.0], [2968.95, 4073.0], [2969.0, 4725.0], [2969.1, 8910.0], [2969.15, 4725.0], [2969.25, 8958.0], [2969.35, 17785.0], [2969.4, 12225.0], [2969.45, 1410.0]]}}}
{"jsonrpc": "2.0", "method": "subscription", "params": {"channel": "book.ETH-PERPETUAL.none.20.100ms", "data": {"timestamp": 1764688711705, "change_id": 99720286494, "instrument_name": "ETH-PERPETUAL", "bids": [[2967.35, 38586.0], [2966.7, 25000.0], [2966.45, 4500.0], [2966.35, 7500.0], [2966.3, 4733.0], [2966.25, 4713.0], [2966.0, 4845.0], [2965.9, 7500.0], [2965.8, 4743.0], [2965.6, 4938.0], [2965.5, 4811.0], [2965.45, 2949.0], [2965.4, 7500.0], [2965.35, 50000.0], [2965.3, 4811.0], [2965.25, 1420.0], [2965.15, 10917.0], [2965.1, 4811.0], [2965.0, 7500.0], [2964.9, 17760.0]], "asks": [[2967.4, 12326.0], [2967.85, 13471.0], [2967.9, 20005.0], [2968.05, 2239.0], [2968.15, 7500.0], [2968.35, 2239.0], [2968.45, 9855.0], [2968.5, 1481.0], [2968.55, 4963.0], [2968.7, 3649.0], [2968.75, 7500.0], [2968.8, 4725.0], [2969.0, 4725.0], [2969.1, 8910.0], [2969.15, 4725.0], [2969.25, 67785.0], [2969.35, 3649.0], [2969.4, 12225.0], [2969.45, 1410.0], [2969.55, 15211.0]]}}}
{"jsonrpc": "2.0", "method": "subscription", "params": {"channel": "book.ETH-PERPETUAL.none.20.100ms", "data": {"timestamp": 1764688712038, "change_id": 99720287565, "instrument_name": "ETH-PERPETUAL", "bids": [[2967.35, 53016.0], [2966.9, 25000.0], [2966.75, 7500.0], [2966.45, 4500.0], [2966.35, 7500.0], [2966.3, 4733.0], [2966.25, 4713.0], [2966.0, 4845.0], [2965.9, 57500.0], [2965.8, 4743.0], [2965.6, 4938.0], [2965.5, 4811.0], [2965.45, 2949.0], [2965.4, 7500.0], [2965.3, 4811.0], [2965.25, 1420.0], [2965.2, 37743.0], [2965.15, 10917.0], [2965.1, 4811.0], [2965.0, 7500.0]], "asks": [[2967.4, 240.0], [2968.4, 20005.0], [2968.45, 2355.0], [2968.5, 1481.0], [2968.55, 4713.0], [2968.8, 12225.0], [2969.0, 4725.0], [2969.1, 8910.0], [2969.15, 4725.0], [2969.35, 3649.0], [2969.4, 12225.0], [2969.45, 1410.0], [2969.55, 9898.0], [2969.6, 27613.0], [2969.65, 1.0], [2969.7, 12169.0], [2969.75, 15642.0], [2969.85, 1410.0], [2969.95, 70015.0], [2970.0, 4725.0]]}}}
{"jsonrpc": "2.0", "method": "subscription", "params": {"channel": "book.ETH-PERPETUAL.none.20.100ms", "data": {"timestamp": 1764688712368, "change_id": 99720288572, "instrument_name": "ETH-PERPETUAL", "bids": [[2968.2, 8459.0], [2968.05, 4280.0], [2968.0, 12380.0], [2967.5, 8100.0], [2967.45, 8100.0], [2967.4, 8100.0], [2967.35, 40186.0], [2966.95, 7500.0], [2966.9, 29702.0], [2966.7, 4500.0], [2966.65, 12202.0], [2966.3, 4733.0], [2966.25, 4713.0], [2966.2, 7500.0], [2966.0, 4845.0], [2965.9, 7500.0], [2965.8, 4743.0], [2965.6, 4938.0], [2965.5, 4811.0], [2965.45, 2949.0]], "asks": [[2968.3, 11940.0], [2968.35, 40000.0], [2968.7, 8211.0], [2968.75, 20006.0], [2968.8, 7500.0], [2968.95, 3649.0], [2969.0, 4725.0], [2969.1, 8910.0], [2969.15, 4725.0], [2969.35, 5998.0], [2969.4, 12225.0], [2969.45, 1410.0], [2969.55, 9898.0], [2969.6, 9828.0], [2969.65, 17786.0], [2969.7, 12169.0], [2969.75, 15642.0], [2969.85, 1410.0], [2969.95, 15798.0], [2970.0, 4725.0]]}}}
{"jsonrpc": "2.0", "method": "subscription", "params": {"channel": "book.ETH-PERPETUAL.none.20.100ms", "data": {"timestamp": 1764688712694, "change_id": 99720290321, "instrument_name": "ETH-PERPETUAL", "bids": [[2967.8, 29702.0], [2967.6, 4500.0], [2967.55, 4702.0], [2967.5, 8100.0], [2967.45, 12802.0], [2967.35, 40186.0], [2967.3, 7500.0], [2967.25, 4723.0], [2967.2, 4702.0], [2966.95, 7500.0], [2966.9, 4744.0], [2966.7, 1420.0], [2966.65, 12202.0], [2966.45, 4702.0], [2966.35, 37743.0], [2966.25, 4713.0], [2966.2, 7500.0], [2966.0, 4803.0], [2965.9, 7500.0], [2965.8, 4743.0]], "asks": [[2968.35, 4209.0], [2968.95, 40000.0], [2969.05, 7888.0], [2969.1, 26426.0], [2969.15, 2239.0], [2969.2, 7500.0], [2969.55, 15744.0], [2969.6, 9828.0], [2969.65, 1.0], [2969.85, 1410.0], [2970.0, 10095.0], [2970.05, 10917.0], [2970.15, 7074.0], [2970.3, 1410.0], [2970.4, 4725.0], [2970.45, 3469.0], [2970.55, 7500.0], [2970.6, 4725.0], [2970.7, 5309.0], [2970.75, 19195.0]]}}}
{"jsonrpc": "2.0", "method": "subscription", "params": {"channel": "book.ETH-PERPETUAL.none.20.100ms", "data": {"timestamp": 1764688713029, "change_id": 99720291580, "instrument_name": "ETH-PERPETUAL", "bids": [[2968.95, 18459.0], [2968.35, 8459.0], [2968.3, 8100.0], [2968.05, 7500.0], [2968.0, 25000.0], [2967.85, 9196.0], [2967.6, 12196.0], [2967.5, 8100.0], [2967.35, 30186.0], [2967.3, 7500.0], [2967.2, 4744.0], [2967.1, 4696.0], [2966.95, 7500.0], [2966.9, 4702.0], [2966.65, 12202.0], [2966.5, 17760.0], [2966.45, 4702.0], [2966.3, 20183.0], [2966.25, 4713.0], [2966.2, 7500.0]], "asks": [[2969.0, 11633.0], [2969.1, 1993.0], [2969.15, 11940.0], [2969.2, 40000.0], [2969.5, 5971.0], [2969.65, 1.0], [2969.7, 1404.0], [2969.75, 4702.0], [2969.85, 3469.0], [2969.9, 1420.0], [2969.95, 7500.0], [2970.0, 10095.0], [2970.05, 13266.0], [2970.15, 4725.0], [2970.2, 2239.0], [2970.25, 7500.0], [2970.3, 1410.0], [2970.4, 4725.0], [2970.45, 3469.0], [2970.55, 7500.0]]}}}
{"jsonrpc": "2.0", "method": "subscription", "params": {"channel": "book.ETH-PERPETUAL.none.20.100ms", "data": {"timestamp": 1764688713360, "change_id": 99720292555, "instrument_name": "ETH-PERPETUAL", "bids": [[2968.95, 11866.0], [2968.35, 7500.0], [2968.05, 7500.0], [2967.9, 29720.0], [2967.85, 4696.0], [2967.6, 12196.0], [2967.5, 12600.0], [2967.35, 30186.0], [2967.3, 7500.0], [2967.2, 4702.0], [2967.1, 4696.0], [2966.95, 7500.0], [2966.9, 4702.0], [2966.85, 42.0], [2966.65, 12202.0], [2966.45, 54702.0], [2966.3, 200.0], [2966.25, 4713.0], [2966.2, 7500.0], [2966.05, 17760.0]], "asks": [[2969.0, 52384.0], [2969.1, 1850.0], [2969.65, 5973.0], [2969.7, 21410.0], [2969.75, 4702.0], [2969.85, 1420.0], [2969.9, 1410.0], [2970.0, 10095.0], [2970.05, 13266.0], [2970.15, 6964.0], [2970.25, 7500.0], [2970.3, 6719.0], [2970.35, 17785.0], [2970.4, 4725.0], [2970.45, 3469.0], [2970.55, 7500.0], [2970.6, 4725.0], [2970.75, 16155.0], [2970.8, 4725.0], [2970.85, 70015.0]]}}}
{"jsonrpc": "2.0", "method": "subscription", "params": {"channel": "book.ETH-PERPETUAL.none.20.100ms", "data": {"timestamp": 1764688713687, "change_id": 99720293864, "instrument_name": "ETH-PERPETUAL", "bids": [[2968.95, 11866.0], [2968.35, 7500.0], [2968.25, 25000.0], [2968.05, 7500.0], [2967.9, 9220.0], [2967.85, 4696.0], [2967.6, 12196.0], [2967.5, 8100.0], [2967.35, 30186.0], [2967.3, 7500.0], [2967.2, 4702.0], [2967.15, 50000.0], [2967.1, 4696.0], [2967.05, 42.0], [2966.95, 7500.0], [2966.9, 4702.0], [2966.65, 12202.0], [2966.5, 37743.0], [2966.45, 4702.0], [2966.3, 200.0]], "asks": [[2969.0, 5618.0], [2969.1, 1850.0], [2969.15, 11940.0], [2969.2, 40000.0], [2969.65, 5972.0], [2969.7, 21409.0], [2969.75, 4702.0], [2969.9, 1410.0], [2970.0, 10095.0], [2970.05, 13266.0], [2970.15, 6964.0], [2970.25, 7500.0], [2970.3, 1410.0], [2970.4, 4725.0], [2970.45, 3469.0], [2970.55, 7500.0], [2970.6, 4725.0], [2970.75, 6539.0], [2970.8, 4725.0], [2970.85, 17785.0]]}}}
{"jsonrpc": "2.0", "method": "subscription", "params": {"channel": "book.ETH-PERPETUAL.none.20.100ms", "data": {"timestamp": 1764688714021, "change_id": 99720294803, "instrument_name": "ETH-PERPETUAL", "bids": [[2968.95, 3407.0], [2968.05, 7500.0], [2967.9, 4722.0], [2967.85, 4696.0], [2967.6, 12196.0], [2967.55, 4500.0], [2967.5, 8100.0], [2967.35, 30186.0], [2967.3, 7500.0], [2967.2, 4702.0], [2967.1, 4696.0], [2966.95, 7500.0], [2966.9, 4744.0], [2966.75, 1420.0], [2966.65, 12202.0], [2966.45, 4702.0], [2966.3, 200.0], [2966.25, 22473.0], [2966.2, 7500.0], [2966.1, 19983.0]], "asks": [[2969.0, 55170.0], [2969.1, 1850.0], [2969.65, 5971.0], [2969.7, 1404.0], [2969.75, 4702.0], [2969.9, 3469.0], [2969.95, 7500.0], [2970.0, 10095.0], [2970.05, 13266.0], [2970.15, 4725.0], [2970.2, 2239.0], [2970.25, 7500.0], [2970.3, 6719.0], [2970.35, 17785.0], [2970.4, 4725.0], [2970.45, 3469.0], [2970.55, 7500.0], [2970.6, 4725.0], [2970.75, 21389.0], [2970.8, 4725.0]]}}}
{"jsonrpc": "2.0", "method": "subscription", "params": {"channel": "book.ETH-PERPETUAL.none.20.100ms", "data": {"timestamp": 1764688714351, "change_id": 99720296070, "instrument_name": "ETH-PERPETUAL", "bids": [[2968.95, 21703.0], [2968.35, 7500.0], [2968.25, 25000.0], [2968.05, 7500.0], [2967.9, 4722.0], [2967.85, 4696.0], [2967.8, 4500.0], [2967.6, 12196.0], [2967.5, 8142.0], [2967.35, 30186.0], [2967.3, 7500.0], [2967.2, 4702.0], [2967.1, 4696.0], [2967.0, 50000.0], [2966.95, 7500.0], [2966.9, 4702.0], [2966.75, 1420.0], [2966.65, 12202.0], [2966.5, 37743.0], [2966.45, 4702.0]], "asks": [[2969.0, 6038.0], [2969.1, 1850.0], [2969.15, 11940.0], [2969.2, 40000.0], [2969.7, 1404.0], [2969.75, 4702.0], [2969.9, 7202.0], [2969.95, 20006.0], [2970.0, 6837.0], [2970.05, 2349.0], [2970.1, 1420.0], [2970.15, 4725.0], [2970.2, 2239.0], [2970.25, 7500.0], [2970.3, 4669.0], [2970.4, 4725.0], [2970.45, 14386.0], [2970.55, 7500.0], [2970.6, 4725.0], [2970.75, 6539.0]]}}}
{"jsonrpc": "2.0", "method": "subscription", "params": {"channel": "book.ETH-PERPETUAL.none.20.100ms", "data": {"timestamp": 1764688714680, "change_id": 99720296927, "instrument_name": "ETH-PERPETUAL", "bids": [[2968.95, 3407.0], [2968.35, 7500.0], [2968.25, 25000.0], [2968.05, 12000.0], [2967.9, 4722.0], [2967.85, 4696.0], [2967.6, 12196.0], [2967.5, 42.0], [2967.35, 30186.0], [2967.3, 7500.0], [2967.2, 4702.0], [2967.1, 4696.0], [2966.95, 7500.0], [2966.9, 4702.0], [2966.8, 50000.0], [2966.65, 12202.0], [2966.45, 4702.0], [2966.3, 37943.0], [2966.25, 4713.0], [2966.2, 7500.0]], "asks": [[2969.0, 20094.0], [2969.1, 8050.0], [2969.15, 11940.0], [2969.2, 40000.0], [2969.45, 5971.0], [2969.5, 20004.0], [2969.7, 1404.0], [2969.75, 4702.0], [2969.9, 1410.0], [2970.0, 6837.0], [2970.05, 2349.0], [2970.15, 6145.0], [2970.2, 2239.0], [2970.25, 7500.0], [2970.3, 4669.0], [2970.4, 4725.0], [2970.45, 29048.0], [2970.5, 67785.0], [2970.55, 7500.0], [2970.6, 4725.0]]}}}
{"jsonrpc": "2.0", "method": "subscription", "params": {"channel": "book.ETH-PERPETUAL.none.20.100ms", "data": {"timestamp": 1764688715004, "change_id": 99720298329, "instrument_name": "ETH-PERPETUAL", "bids": [[2968.95, 21703.0], [2968.65, 7500.0], [2968.35, 7500.0], [2968.25, 25000.0], [2968.2, 10917.0], [2968.05, 12000.0], [2967.9, 4722.0], [2967.85, 4696.0], [2967.8, 42.0], [2967.65, 50000.0], [2967.6, 12196.0], [2967.35, 30186.0], [2967.3, 7500.0], [2967.2, 4702.0], [2967.15, 1420.0], [2967.1, 4696.0], [2967.0, 2476.0], [2966.95, 45243.0], [2966.9, 4702.0], [2966.65, 12202.0]], "asks": [[2969.0, 2145.0], [2969.1, 1850.0], [2969.9, 7202.0], [2969.95, 20005.0], [2970.0, 6837.0], [2970.05, 2349.0], [2970.15, 4725.0], [2970.3, 1410.0], [2970.4, 4725.0], [2970.45, 3649.0], [2970.55, 7500.0], [2970.6, 4725.0], [2970.75, 1410.0], [2970.8, 4725.0], [2970.9, 6652.0], [2970.95, 4725.0], [2971.0, 7500.0], [2971.05, 11471.0], [2971.2, 11264.0], [2971.3, 17785.0]]}}}
{"jsonrpc": "2.0", "method": "subscription", "params": {"channel": "book.ETH-PERPETUAL.none.20.100ms", "data": {"timestamp": 1764688715335, "change_id": 99720299926, "instrument_name": "ETH-PERPETUAL", "bids": [[2969.7, 8772.0], [2969.15, 8413.0], [2969.1, 8100.0], [2969.05, 15600.0], [2969.0, 8100.0], [2968.95, 28407.0], [2968.65, 7500.0], [2968.4, 4710.0], [2968.35, 7500.0], [2968.3, 4500.0], [2968.2, 10917.0], [2968.15, 4710.0], [2968.1, 42.0], [2968.05, 7500.0], [2967.85, 4696.0], [2967.7, 50000.0], [2967.6, 12196.0], [2967.35, 30186.0], [2967.3, 7500.0], [2967.25, 17760.0]], "asks": [[2969.75, 12309.0], [2969.85, 11940.0], [2969.9, 40000.0], [2970.3, 5971.0], [2970.35, 20005.0], [2970.45, 1410.0], [2970.6, 4725.0], [2970.7, 1420.0], [2970.75, 4489.0], [2970.8, 7077.0], [2970.9, 17569.0], [2970.95, 4725.0], [2971.0, 7500.0], [2971.05, 11471.0], [2971.2, 4725.0], [2971.25, 6719.0], [2971.35, 25930.0], [2971.4, 16623.0], [2971.45, 7500.0], [2971.5, 69195.0]]}}}
{"jsonrpc": "2.0", "method": "subscription", "params": {"channel": "book.ETH-PERPETUAL.none.20.100ms", "data": {"timestamp": 1764688715673, "change_id": 99720301961, "instrument_name": "ETH-PERPETUAL", "bids": [[2969.05, 46617.0], [2969.0, 8100.0], [2968.95, 3407.0], [2968.65, 7500.0], [2968.6, 4500.0], [2968.4, 4710.0], [2968.35, 12229.0], [2968.2, 10917.0], [2968.15, 4710.0], [2968.1, 42.0], [2968.05, 12210.0], [2967.85, 4696.0], [2967.6, 12196.0], [2967.45, 4710.0], [2967.35, 30186.0], [2967.3, 7500.0], [2967.2, 4702.0], [2967.1, 4696.0], [2967.0, 22460.0], [2966.95, 25260.0]], "asks": [[2969.1, 4209.0], [2969.75, 6572.0], [2969.8, 20006.0], [2970.15, 2352.0], [2970.2, 1406.0], [2970.25, 4710.0], [2970.5, 2536.0], [2970.55, 2352.0], [2970.6, 6145.0], [2970.65, 2239.0], [2970.7, 7500.0], [2970.75, 4489.0], [2970.8, 4725.0], [2970.9, 14566.0], [2970.95, 4725.0], [2971.0, 7500.0], [2971.05, 16155.0], [2971.2, 54725.0], [2971.25, 6539.0], [2971.3, 17785.0]]}}}
{"jsonrpc": "2.0", "method": "subscription", "params": {"channel": "book.ETH-PERPETUAL.none.20.100ms", "data": {"timestamp": 1764688715998, "change_id": 99720303307, "instrument_name": "ETH-PERPETUAL", "bids": [[2969.7, 32889.0], [2969.4, 7500.0], [2969.25, 25000.0], [2969.1, 8459.0], [2969.05, 7500.0], [2969.0, 8100.0], [2968.9, 4500.0], [2968.65, 7500.0], [2968.6, 4707.0], [2968.4, 4752.0], [2968.35, 7500.0], [2968.2, 10917.0], [2968.15, 4710.0], [2968.05, 12210.0], [2968.0, 1420.0], [2967.85, 4696.0], [2967.65, 17760.0], [2967.6, 32180.0], [2967.45, 4710.0], [2967.35, 30186.0]], "asks": [[2969.75, 1992.0], [2970.75, 1410.0], [2970.8, 7077.0], [2970.9, 7202.0], [2970.95, 24730.0], [2971.05, 3469.0], [2971.2, 16894.0], [2971.25, 10917.0], [2971.35, 4725.0], [2971.5, 3469.0], [2971.55, 12225.0], [2971.7, 1413.0], [2971.75, 10.0], [2971.8, 4725.0], [2971.95, 6539.0], [2972.0, 25285.0], [2972.05, 4725.0], [2972.15, 184962.0], [2972.2, 4725.0], [2972.25, 612305.0]]}}}
{"jsonrpc": "2.0", "method": "subscription", "params": {"channel": "book.ETH-PERPETUAL.none.20.100ms", "data": {"timestamp": 1764688716325, "change_id": 99720304771, "instrument_name": "ETH-PERPETUAL", "bids": [[2970.35, 22576.0], [2969.7, 10000.0], [2969.45, 1117.0], [2969.35, 7500.0], [2969.3, 2374.0], [2969.2, 25000.0], [2969.1, 8459.0], [2969.05, 7771.0], [2969.0, 12807.0], [2968.9, 4500.0], [2968.65, 7500.0], [2968.6, 4707.0], [2968.4, 4752.0], [2968.35, 7500.0], [2968.25, 2743.0], [2968.2, 10917.0], [2968.15, 4710.0], [2968.05, 12210.0], [2968.0, 1420.0], [2967.85, 22456.0]], "asks": [[2970.4, 40687.0], [2970.9, 21425.0], [2971.5, 18131.0], [2971.55, 54725.0], [2971.7, 1413.0], [2971.75, 10.0], [2971.8, 4725.0], [2971.85, 5309.0], [2971.9, 17785.0], [2971.95, 1410.0], [2972.05, 12225.0], [2972.15, 184962.0], [2972.2, 4725.0], [2972.25, 617993.0], [2972.35, 7500.0], [2972.4, 1410.0], [2972.45, 4725.0], [2972.55, 1410.0], [2972.6, 4725.0], [2972.7, 8162.0]]}}}
{"jsonrpc": "2.0", "method": "subscription", "params": {"channel": "book.ETH-PERPETUAL.none.20.100ms", "data": {"timestamp": 1764688716662, "change_id": 99720306584, "instrument_name": "ETH-PERPETUAL", "bids": [[2970.5, 313.0], [2969.7, 10000.0], [2969.45, 5824.0], [2969.25, 6127.0], [2969.0, 4707.0], [2968.85, 4707.0], [2968.6, 4707.0], [2968.4, 4710.0], [2968.35, 7500.0], [2968.25, 2743.0], [2968.15, 4710.0], [2968.05, 12210.0], [2967.9, 37743.0], [2967.85, 4696.0], [2967.8, 200.0], [2967.6, 12196.0], [2967.45, 4710.0], [2967.35, 29069.0], [2967.2, 4702.0], [2967.1, 4696.0]], "asks": [[2970.55, 18326.0], [2970.9, 2418.0], [2970.95, 8100.0], [2971.3, 5971.0], [2971.35, 20002.0], [2971.4, 7500.0], [2971.6, 2355.0], [2971.65, 3467.0], [2971.7, 4707.0], [2971.75, 7510.0], [2971.95, 6441.0], [2972.05, 23142.0], [2972.15, 4415.0], [2972.2, 4725.0], [2972.25, 12421.0], [2972.3, 7261.0], [2972.35, 7500.0], [2972.4, 19195.0], [2972.45, 4725.0], [2972.55, 1410.0]]}}}
{"jsonrpc": "2.0", "method": "subscription", "params": {"channel": "book.ETH-PERPETUAL.none.20.100ms", "data": {"timestamp": 1764688716994, "change_id": 99720308166, "instrument_name": "ETH-PERPETUAL", "bids": [[2969.9, 21617.0], [2969.7, 10000.0], [2969.45, 1117.0], [2969.4, 7500.0], [2969.1, 25000.0], [2969.0, 4707.0], [2968.85, 16935.0], [2968.8, 4500.0], [2968.6, 4707.0], [2968.5, 42.0], [2968.4, 12210.0], [2968.15, 15627.0], [2968.05, 4710.0], [2968.0, 19984.0], [2967.95, 57500.0], [2967.9, 17760.0], [2967.85, 4696.0], [2967.8, 200.0], [2967.6, 4696.0], [2967.45, 4710.0]], "asks": [[2969.95, 451.0], [2970.15, 42.0], [2970.55, 947.0], [2970.95, 1383.0], [2971.0, 2694.0], [2971.05, 8796.0], [2971.1, 20004.0], [2971.15, 4707.0], [2971.35, 1403.0], [2971.4, 4700.0], [2971.65, 3467.0], [2971.7, 4707.0], [2971.75, 7510.0], [2971.8, 1403.0], [2971.9, 4700.0], [2971.95, 21150.0], [2972.05, 40927.0], [2972.1, 50000.0], [2972.15, 4415.0], [2972.2, 4725.0]]}}}
{"jsonrpc": "2.0", "method": "subscription", "params": {"channel": "book.ETH-PERPETUAL.none.20.100ms", "data": {"timestamp": 1764688717323, "change_id": 99720309675, "instrument_name": "ETH-PERPETUAL", "bids": [[2970.5, 21407.0], [2970.0, 25000.0], [2969.7, 7500.0], [2969.65, 4500.0], [2969.45, 5845.0], [2969.4, 4700.0], [2969.35, 7500.0], [2969.0, 4707.0], [2968.9, 7500.0], [2968.85, 4707.0], [2968.6, 4707.0], [2968.5, 9914.0], [2968.4, 4710.0], [2968.15, 4710.0], [2968.1, 17760.0], [2968.05, 4710.0], [2968.0, 19984.0], [2967.95, 7500.0], [2967.85, 4696.0], [2967.8, 200.0]], "asks": [[2970.55, 4678.0], [2970.8, 40000.0], [2971.45, 5972.0], [2971.5, 20006.0], [2971.65, 3763.0], [2971.7, 4707.0], [2971.75, 10.0], [2971.8, 1403.0], [2971.9, 4700.0], [2971.95, 5342.0], [2972.05, 15642.0], [2972.1, 7500.0], [2972.15, 4415.0], [2972.2, 4725.0], [2972.25, 30300.0], [2972.3, 50000.0], [2972.4, 21254.0], [2972.45, 4725.0], [2972.5, 7500.0], [2972.55, 7205.0]]}}}
{"jsonrpc": "2.0", "method": "subscription", "params": {"channel": "book.ETH-PERPETUAL.none.20.100ms", "data": {"timestamp": 1764688717655, "change_id": 99720310700, "instrument_name": "ETH-PERPETUAL", "bids": [[2970.5, 25227.0], [2970.4, 7500.0], [2970.15, 8100.0], [2970.1, 7500.0], [2969.95, 25000.0], [2969.7, 7500.0], [2969.45, 5845.0], [2969.4, 4700.0], [2969.35, 12000.0], [2969.2, 42.0], [2969.0, 15624.0], [2968.9, 7500.0], [2968.85, 4707.0], [2968.8, 50000.0], [2968.6, 4707.0], [2968.5, 29898.0], [2968.45, 17760.0], [2968.4, 4710.0], [2968.15, 4710.0], [2968.05, 4710.0]], "asks": [[2970.55, 9916.0], [2970.75, 11940.0], [2970.8, 40000.0], [2971.25, 5971.0], [2971.3, 20005.0], [2971.65, 3763.0], [2971.7, 4707.0], [2971.75, 10.0], [2971.8, 1403.0], [2971.9, 4700.0], [2971.95, 4669.0], [2972.05, 15642.0], [2972.15, 4415.0], [2972.2, 4725.0], [2972.25, 10066.0], [2972.4, 18108.0], [2972.45, 54725.0], [2972.5, 7500.0], [2972.55, 19195.0], [2972.6, 4725.0]]}}}
{"jsonrpc": "2.0", "method": "subscription", "params": {"channel": "book.ETH-PERPETUAL.none.20.100ms", "data": {"timestamp": 1764688717987, "change_id": 99720311775, "instrument_name": "ETH-PERPETUAL", "bids": [[2970.5, 21306.0], [2970.2, 7500.0], [2970.15, 33100.0], [2969.75, 7500.0], [2969.6, 4500.0], [2969.45, 5845.0], [2969.4, 4700.0], [2969.35, 7500.0], [2969.2, 42.0], [2969.15, 10917.0], [2969.0, 4707.0], [2968.9, 7500.0], [2968.85, 4707.0], [2968.6, 4707.0], [2968.5, 9914.0], [2968.4, 4710.0], [2968.25, 17760.0], [2968.2, 19984.0], [2968.15, 4710.0], [2968.05, 4710.0]], "asks": [[2970.55, 7209.0], [2970.75, 11940.0], [2970.8, 40000.0], [2971.6, 20005.0], [2971.65, 3763.0], [2971.7, 4707.0], [2971.75, 10.0], [2971.8, 4482.0], [2971.9, 4700.0], [2971.95, 12751.0], [2972.05, 4725.0], [2972.15, 4415.0], [2972.2, 4725.0], [2972.25, 10066.0], [2972.3, 2239.0], [2972.35, 7500.0], [2972.4, 1410.0], [2972.45, 4725.0], [2972.55, 21644.0], [2972.6, 54725.0]]}}}
{"jsonrpc": "2.0", "method": "subscription", "params": {"channel": "book.ETH-PERPETUAL.none.20.100ms", "data": {"timestamp": 1764688718315, "change_id": 99720313470, "instrument_name": "ETH-PERPETUAL", "bids": [[2969.0, 8413.0], [2968.65, 8100.0], [2967.85, 4696.0], [2967.6, 29696.0], [2967.45, 4710.0], [2967.35, 29069.0], [2967.2, 4702.0], [2967.1, 4696.0], [2966.9, 4702.0], [2966.65, 4702.0], [2966.45, 4702.0], [2966.25, 12213.0], [2966.0, 4803.0], [2965.95, 9500.0], [2965.8, 4743.0], [2965.6, 4938.0], [2965.5, 4811.0], [2965.4, 11807.0], [2965.3, 4811.0], [2965.15, 200.0]], "asks": [[2969.05, 18326.0], [2969.25, 7209.0], [2969.3, 4209.0], [2969.35, 8100.0], [2969.45, 4900.0], [2969.5, 4209.0], [2969.9, 7660.0], [2970.2, 4703.0], [2970.45, 4703.0], [2970.5, 8100.0], [2970.55, 22836.0], [2970.95, 4703.0], [2971.1, 1420.0], [2971.2, 4703.0], [2971.4, 50000.0], [2971.55, 13170.0], [2971.6, 7500.0], [2971.65, 21548.0], [2971.7, 4707.0], [2971.75, 20024.0]]}}}
{"jsonrpc": "2.0", "method": "subscription", "params": {"channel": "book.ETH-PERPETUAL.none.20.100ms", "data": {"timestamp": 1764688718645, "change_id": 99720315750, "instrument_name": "ETH-PERPETUAL", "bids": [[2968.75, 28006.0], [2967.95, 4730.0], [2967.9, 4703.0], [2967.85, 7500.0], [2967.7, 10500.0], [2967.65, 4703.0], [2967.45, 4710.0], [2967.4, 7500.0], [2967.35, 39986.0], [2967.2, 29702.0], [2967.1, 4696.0], [2967.05, 7500.0], [2966.9, 4702.0], [2966.85, 50000.0], [2966.65, 4702.0], [2966.6, 7500.0], [2966.45, 4702.0], [2966.35, 19984.0], [2966.3, 17760.0], [2966.25, 12213.0]], "asks": [[2968.8, 3207.0], [2968.95, 40000.0], [2969.05, 936.0], [2969.3, 20005.0], [2969.8, 7500.0], [2969.85, 7062.0], [2970.1, 7500.0], [2970.15, 42.0], [2970.2, 4703.0], [2970.25, 50000.0], [2970.4, 7500.0], [2970.45, 4703.0], [2970.55, 17068.0], [2970.65, 17785.0], [2970.7, 4703.0], [2970.8, 1593.0], [2970.85, 7500.0], [2970.95, 11673.0], [2971.0, 20015.0], [2971.05, 10065.0]]}}}
{"jsonrpc": "2.0", "method": "subscription", "params": {"channel": "book.ETH-PERPETUAL.none.20.100ms", "data": {"timestamp": 1764688718975, "change_id": 99720317082, "instrument_name": "ETH-PERPETUAL", "bids": [[2968.75, 28321.0], [2968.15, 7500.0], [2967.95, 4730.0], [2967.9, 4703.0], [2967.85, 7500.0], [2967.7, 10500.0], [2967.65, 4703.0], [2967.6, 25000.0], [2967.55, 42.0], [2967.45, 4710.0], [2967.4, 7500.0], [2967.35, 89986.0], [2967.2, 4702.0], [2967.1, 4696.0], [2967.05, 7500.0], [2966.9, 4702.0], [2966.7, 17760.0], [2966.65, 24686.0], [2966.6, 7500.0], [2966.45, 4702.0]], "asks": [[2969.05, 518.0], [2969.75, 20006.0], [2970.2, 4703.0], [2970.4, 7500.0], [2970.45, 4703.0], [2970.7, 4703.0], [2970.85, 7500.0], [2970.95, 4703.0], [2971.0, 17785.0], [2971.05, 60065.0], [2971.15, 1404.0], [2971.2, 4703.0], [2971.25, 2239.0], [2971.3, 7500.0], [2971.35, 7378.0], [2971.4, 20015.0], [2971.45, 4703.0], [2971.5, 2239.0], [2971.6, 7500.0], [2971.65, 1408.0]]}}}
{"jsonrpc": "2.0", "method": "subscription", "params": {"channel": "book.ETH-PERPETUAL.none.20.100ms", "data": {"timestamp": 1764688719307, "change_id": 99720318757, "instrument_name": "ETH-PERPETUAL", "bids": [[2969.3, 4179.0], [2968.75, 5672.0], [2968.25, 4725.0], [2968.2, 15199.0], [2968.15, 7500.0], [2968.1, 25000.0], [2967.9, 4703.0], [2967.7, 18417.0], [2967.65, 4703.0], [2967.45, 4710.0], [2967.4, 8920.0], [2967.35, 29069.0], [2967.2, 4702.0], [2967.1, 4696.0], [2967.05, 7500.0], [2967.0, 50000.0], [2966.9, 4702.0], [2966.75, 19984.0], [2966.7, 17760.0], [2966.65, 4702.0]], "asks": [[2969.35, 17711.0], [2969.4, 40000.0], [2969.6, 396.0], [2969.75, 7500.0], [2969.95, 20005.0], [2970.05, 2239.0], [2970.1, 7500.0], [2970.3, 2943.0], [2970.4, 9859.0], [2970.45, 1403.0], [2970.5, 4699.0], [2970.6, 1827.0], [2970.65, 4699.0], [2970.75, 7261.0], [2970.85, 7500.0], [2970.9, 36555.0], [2970.95, 4703.0], [2971.05, 60065.0], [2971.15, 1404.0], [2971.2, 6942.0]]}}}
{"jsonrpc": "2.0", "method": "subscription", "params": {"channel": "book.ETH-PERPETUAL.none.20.100ms", "data": {"timestamp": 1764688719638, "change_id": 99720319976, "instrument_name": "ETH-PERPETUAL", "bids": [[2969.0, 30676.0], [2968.75, 5432.0], [2968.2, 4699.0], [2967.95, 4722.0], [2967.9, 4703.0], [2967.8, 12849.0], [2967.75, 2376.0], [2967.7, 32500.0], [2967.65, 4703.0], [2967.5, 10917.0], [2967.45, 4710.0], [2967.4, 7500.0], [2967.35, 29069.0], [2967.2, 4702.0], [2967.1, 4738.0], [2967.05, 7500.0], [2966.95, 2795.0], [2966.9, 4702.0], [2966.7, 50000.0], [2966.65, 4702.0]], "asks": [[2969.05, 934.0], [2969.1, 8262.0], [2969.2, 40000.0], [2969.3, 250.0], [2969.35, 2321.0], [2969.45, 7500.0], [2969.5, 382.0], [2969.7, 20007.0], [2969.75, 7500.0], [2969.85, 2357.0], [2969.95, 6119.0], [2970.05, 2239.0], [2970.1, 7500.0], [2970.15, 1403.0], [2970.2, 4699.0], [2970.3, 2943.0], [2970.35, 4699.0], [2970.4, 7500.0], [2970.45, 1403.0], [2970.5, 4699.0]]}}}
{"jsonrpc": "2.0", "method": "subscription", "params": {"channel": "book.ETH-PERPETUAL.none.20.100ms", "data": {"timestamp": 1764688719964, "change_id": 99720320835, "instrument_name": "ETH-PERPETUAL", "bids": [[2969.0, 40676.0], [2968.75, 2.0], [2968.6, 10500.0], [2968.4, 25000.0], [2968.3, 7500.0], [2968.2, 4699.0], [2968.05, 42.0], [2968.0, 7500.0], [2967.95, 4722.0], [2967.9, 4703.0], [2967.7, 7500.0], [2967.65, 4703.0], [2967.5, 10917.0], [2967.45, 4710.0], [2967.4, 7500.0], [2967.35, 29069.0], [2967.2, 4702.0], [2967.15, 37744.0], [2967.1, 4696.0], [2967.05, 7500.0]], "asks": [[2969.05, 1871.0], [2969.35, 900.0], [2970.05, 7500.0], [2970.1, 8329.0], [2970.15, 7195.0], [2970.2, 4699.0], [2970.25, 20005.0], [2970.3, 3462.0], [2970.35, 12199.0], [2970.45, 1403.0], [2970.5, 4699.0], [2970.6, 2823.0], [2970.65, 4699.0], [2970.75, 3641.0], [2970.8, 4699.0], [2970.85, 7500.0], [2970.9, 4408.0], [2970.95, 4703.0], [2971.05, 10065.0], [2971.1, 1404.0]]}}}
{"jsonrpc": "2.0", "method": "subscription", "params": {"channel": "book.ETH-PERPETUAL.none.20.100ms", "data": {"timestamp": 1764688720297, "change_id": 99720322324, "instrument_name": "ETH-PERPETUAL", "bids": [[2970.2, 8459.0], [2970.15, 8459.0], [2969.25, 4280.0], [2969.2, 8772.0], [2969.15, 8100.0], [2969.1, 8100.0], [2969.05, 21985.0], [2968.9, 25000.0], [2968.85, 10500.0], [2968.8, 4695.0], [2968.75, 2.0], [2968.65, 7500.0], [2968.55, 4695.0], [2968.35, 42.0], [2968.3, 7500.0], [2968.2, 4699.0], [2968.1, 4720.0], [2968.0, 7500.0], [2967.9, 4703.0], [2967.7, 7500.0]], "asks": [[2970.25, 14179.0], [2970.3, 40000.0], [2970.75, 2239.0], [2970.85, 7500.0], [2970.9, 1404.0], [2970.95, 4703.0], [2971.1, 2824.0], [2971.2, 6942.0], [2971.3, 7500.0], [2971.35, 3763.0], [2971.45, 4703.0], [2971.5, 2239.0], [2971.6, 7500.0], [2971.65, 6537.0], [2971.7, 4707.0], [2971.75, 10.0], [2971.8, 20943.0], [2971.85, 50000.0], [2971.9, 29985.0], [2971.95, 191193.0]]}}}
{"jsonrpc": "2.0", "method": "subscription", "params": {"channel": "book.ETH-PERPETUAL.none.20.100ms", "data": {"timestamp": 1764688720620, "change_id": 99720324244, "instrument_name": "ETH-PERPETUAL", "bids": [[2969.3, 220.0], [2969.15, 8100.0], [2969.1, 8100.0], [2969.05, 9190.0], [2968.85, 35500.0], [2968.75, 2.0], [2968.6, 12223.0], [2968.55, 4695.0], [2968.25, 7500.0], [2968.2, 15616.0], [2968.1, 4695.0], [2968.0, 42.0], [2967.9, 4703.0], [2967.85, 7500.0], [2967.65, 4703.0], [2967.5, 50000.0], [2967.45, 4710.0], [2967.4, 7500.0], [2967.35, 29069.0], [2967.3, 200.0]], "asks": [[2969.7, 6741.0], [2969.75, 220.0], [2969.95, 40000.0], [2970.1, 8100.0], [2970.15, 10518.0], [2970.2, 8100.0], [2970.35, 5972.0], [2970.4, 20006.0], [2970.45, 2239.0], [2970.5, 7500.0], [2970.75, 4598.0], [2970.85, 7500.0], [2970.9, 1404.0], [2970.95, 4703.0], [2971.1, 1404.0], [2971.2, 6942.0], [2971.3, 7500.0], [2971.35, 20802.0], [2971.4, 50000.0], [2971.45, 22488.0]]}}}
{"jsonrpc": "2.0", "method": "subscription", "params": {"channel": "book.ETH-PERPETUAL.none.20.100ms", "data": {"timestamp": 1764688720961, "change_id": 99720325621, "instrument_name": "ETH-PERPETUAL", "bids": [[2969.05, 3439.0], [2968.75, 2.0], [2968.45, 25000.0], [2968.4, 10500.0], [2968.25, 4726.0], [2968.2, 4699.0], [2968.1, 4695.0], [2968.0, 42.0], [2967.9, 4703.0], [2967.85, 7500.0], [2967.7, 10917.0], [2967.65, 4703.0], [2967.45, 4710.0], [2967.4, 7500.0], [2967.35, 29069.0], [2967.3, 200.0], [2967.2, 54702.0], [2967.1, 4696.0], [2967.05, 7500.0], [2966.9, 4702.0]], "asks": [[2969.15, 4209.0], [2969.35, 3600.0], [2969.55, 40000.0], [2969.7, 983.0], [2969.75, 60.0], [2970.05, 27505.0], [2970.1, 8100.0], [2970.15, 10207.0], [2970.2, 2359.0], [2970.3, 4701.0], [2970.4, 1420.0], [2970.45, 3354.0], [2970.5, 12195.0], [2970.7, 1401.0], [2970.75, 11956.0], [2970.85, 7500.0], [2970.9, 19189.0], [2970.95, 4703.0], [2971.05, 70802.0], [2971.2, 6942.0]]}}}
{"jsonrpc": "2.0", "method": "subscription", "params": {"channel": "book.ETH-PERPETUAL.none.20.100ms", "data": {"timestamp": 1764688721288, "change_id": 99720326613, "instrument_name": "ETH-PERPETUAL", "bids": [[2969.05, 3439.0], [2968.75, 2.0], [2968.4, 10500.0], [2968.25, 2350.0], [2968.2, 29699.0], [2968.1, 4695.0], [2968.0, 2376.0], [2967.9, 4703.0], [2967.85, 7500.0], [2967.7, 10959.0], [2967.65, 4703.0], [2967.45, 4710.0], [2967.4, 7500.0], [2967.35, 29069.0], [2967.3, 50200.0], [2967.2, 4702.0], [2967.15, 1420.0], [2967.1, 4696.0], [2967.05, 7500.0], [2966.9, 4702.0]], "asks": [[2969.1, 4209.0], [2969.3, 17659.0], [2969.35, 4622.0], [2969.4, 40000.0], [2969.65, 6265.0], [2969.7, 23245.0], [2969.75, 7500.0], [2970.0, 7074.0], [2970.05, 7500.0], [2970.1, 8100.0], [2970.15, 10207.0], [2970.2, 2359.0], [2970.3, 4701.0], [2970.45, 3354.0], [2970.5, 12195.0], [2970.65, 1401.0], [2970.75, 26239.0], [2970.8, 67785.0], [2970.85, 7500.0], [2970.9, 4413.0]]}}}
{"jsonrpc": "2.0", "method": "subscription", "params": {"channel": "book.ETH-PERPETUAL.none.20.100ms", "data": {"timestamp": 1764688721616, "change_id": 99720328237, "instrument_name": "ETH-PERPETUAL", "bids": [[2969.05, 26015.0], [2968.75, 2.0], [2968.55, 25000.0], [2968.4, 10500.0], [2968.35, 7500.0], [2968.25, 2350.0], [2968.2, 15616.0], [2968.1, 4695.0], [2968.05, 7500.0], [2968.0, 2376.0], [2967.9, 4703.0], [2967.8, 1420.0], [2967.75, 7500.0], [2967.65, 4745.0], [2967.45, 4710.0], [2967.4, 7500.0], [2967.35, 29069.0], [2967.3, 200.0], [2967.2, 4702.0], [2967.1, 4696.0]], "asks": [[2969.1, 41508.0], [2969.2, 394.0], [2969.7, 250.0], [2970.0, 8210.0], [2970.05, 20005.0], [2970.1, 2239.0], [2970.15, 9607.0], [2970.2, 2359.0], [2970.3, 4701.0], [2970.45, 3640.0], [2970.5, 12195.0], [2970.65, 1401.0], [2970.75, 4695.0], [2970.8, 2239.0], [2970.85, 7500.0], [2970.9, 4413.0], [2970.95, 4703.0], [2971.05, 16614.0], [2971.15, 17785.0], [2971.2, 6942.0]]}}}
{"jsonrpc": "2.0", "method": "subscription", "params": {"channel": "book.ETH-PERPETUAL.none.20.100ms", "data": {"timestamp": 1764688721951, "change_id": 99720329900, "instrument_name": "ETH-PERPETUAL", "bids": [[2969.65, 22576.0], [2969.15, 25000.0], [2969.1, 8100.0], [2969.05, 3788.0], [2968.9, 10500.0], [2968.8, 7500.0], [2968.75, 2.0], [2968.6, 4770.0], [2968.55, 4701.0], [2968.35, 7500.0], [2968.25, 50000.0], [2968.2, 15616.0], [2968.1, 4695.0], [2968.05, 7500.0], [2967.9, 4703.0], [2967.75, 7500.0], [2967.65, 4703.0], [2967.55, 19984.0], [2967.5, 17761.0], [2967.45, 4710.0]], "asks": [[2969.7, 267.0], [2970.6, 7374.0], [2970.65, 20007.0], [2970.7, 7500.0], [2970.75, 7053.0], [2970.9, 4413.0], [2970.95, 4703.0], [2971.05, 17243.0], [2971.15, 18417.0], [2971.2, 4703.0], [2971.4, 1404.0], [2971.45, 4703.0], [2971.5, 2239.0], [2971.6, 7500.0], [2971.65, 6537.0], [2971.7, 4707.0], [2971.75, 17795.0], [2971.8, 3642.0], [2971.9, 12200.0], [2971.95, 180276.0]]}}}
{"jsonrpc": "2.0", "method": "subscription", "params": {"channel": "book.ETH-PERPETUAL.none.20.100ms", "data": {"timestamp": 1764688722282, "change_id": 99720331531, "instrument_name": "ETH-PERPETUAL", "bids": [[2969.95, 21617.0], [2969.5, 7500.0], [2969.35, 25000.0], [2969.2, 7500.0], [2969.15, 10500.0], [2969.1, 12828.0], [2969.05, 8431.0], [2968.9, 2415.0], [2968.85, 4710.0], [2968.8, 7500.0], [2968.75, 2.0], [2968.55, 4701.0], [2968.35, 7500.0], [2968.2, 65616.0], [2968.1, 6115.0], [2968.05, 7500.0], [2967.9, 4703.0], [2967.75, 7500.0], [2967.7, 17761.0], [2967.65, 4703.0]], "asks": [[2970.0, 4209.0], [2970.15, 2418.0], [2970.25, 8100.0], [2970.45, 14358.0], [2970.5, 40000.0], [2971.05, 9557.0], [2971.15, 20004.0], [2971.2, 7962.0], [2971.25, 10917.0], [2971.3, 2361.0], [2971.4, 1404.0], [2971.45, 4703.0], [2971.6, 1420.0], [2971.65, 6537.0], [2971.7, 4707.0], [2971.75, 17795.0], [2971.8, 1403.0], [2971.9, 4700.0], [2972.0, 1410.0], [2972.05, 4725.0]]}}}
{"jsonrpc": "2.0", "method": "subscription", "params": {"channel": "book.ETH-PERPETUAL.none.20.100ms", "data": {"timestamp": 1764688722611, "change_id": 99720332908, "instrument_name": "ETH-PERPETUAL", "bids": [[2969.2, 46617.0], [2969.05, 3439.0], [2968.85, 10500.0], [2968.8, 7500.0], [2968.75, 2.0], [2968.55, 4701.0], [2968.45, 4725.0], [2968.4, 4710.0], [2968.35, 7500.0], [2968.2, 4699.0], [2968.15, 42.0], [2968.1, 4695.0], [2968.05, 7500.0], [2967.9, 4703.0], [2967.75, 7500.0], [2967.65, 54703.0], [2967.45, 4710.0], [2967.35, 29069.0], [2967.3, 200.0], [2967.25, 17761.0]], "asks": [[2969.25, 12309.0], [2969.75, 11940.0], [2969.8, 40000.0], [2970.0, 615.0], [2970.15, 6185.0], [2970.2, 20006.0], [2970.35, 1406.0], [2970.4, 4710.0], [2970.6, 2361.0], [2970.65, 1406.0], [2970.7, 4710.0], [2970.9, 1406.0], [2970.95, 4710.0], [2971.05, 1404.0], [2971.2, 7962.0], [2971.25, 10917.0], [2971.35, 6713.0], [2971.4, 17785.0], [2971.45, 4703.0], [2971.55, 2239.0]]}}}
{"jsonrpc": "2.0", "method": "subscription", "params": {"channel": "book.ETH-PERPETUAL.none.20.100ms", "data": {"timestamp": 1764688722922, "change_id": 99720333973, "instrument_name": "ETH-PERPETUAL", "bids": [[2969.2, 17500.0], [2968.8, 7500.0], [2968.75, 2.0], [2968.65, 25000.0], [2968.55, 4701.0], [2968.5, 10500.0], [2968.45, 4725.0], [2968.4, 4710.0], [2968.35, 7500.0], [2968.2, 4699.0], [2968.15, 42.0], [2968.1, 4695.0], [2968.05, 7500.0], [2968.0, 10917.0], [2967.9, 4703.0], [2967.75, 7500.0], [2967.65, 4703.0], [2967.55, 1420.0], [2967.45, 4710.0], [2967.35, 29069.0]], "asks": [[2969.25, 6967.0], [2969.45, 11955.0], [2969.5, 40000.0], [2969.55, 92.0], [2970.0, 656.0], [2970.05, 5971.0], [2970.1, 20005.0], [2970.3, 2361.0], [2970.35, 1406.0], [2970.4, 4710.0], [2970.55, 1420.0], [2970.65, 1406.0], [2970.7, 4710.0], [2970.85, 14925.0], [2970.9, 56535.0], [2970.95, 22495.0], [2971.05, 1404.0], [2971.2, 7962.0], [2971.25, 10917.0], [2971.35, 7378.0]]}}}
{"jsonrpc": "2.0", "method": "subscription", "params": {"channel": "book.ETH-PERPETUAL.none.20.100ms", "data": {"timestamp": 1764688723263, "change_id": 99720334596, "instrument_name": "ETH-PERPETUAL", "bids": [[2969.2, 17500.0], [2968.8, 7500.0], [2968.75, 2.0], [2968.65, 25000.0], [2968.55, 4701.0], [2968.5, 10500.0], [2968.45, 4725.0], [2968.4, 4710.0], [2968.35, 7500.0], [2968.2, 4699.0], [2968.15, 42.0], [2968.1, 4695.0], [2968.05, 7500.0], [2968.0, 31236.0], [2967.9, 4703.0], [2967.75, 7500.0], [2967.65, 4703.0], [2967.45, 4710.0], [2967.35, 29069.0], [2967.3, 200.0]], "asks": [[2969.25, 9513.0], [2969.45, 11955.0], [2969.5, 40000.0], [2969.55, 42.0], [2969.75, 5971.0], [2969.8, 20005.0], [2970.0, 250.0], [2970.3, 2361.0], [2970.35, 1406.0], [2970.4, 4710.0], [2970.55, 1420.0], [2970.65, 1406.0], [2970.7, 4710.0], [2970.8, 19555.0], [2970.85, 17784.0], [2970.9, 51406.0], [2970.95, 4710.0], [2971.05, 1404.0], [2971.2, 9784.0], [2971.25, 10917.0]]}}}
{"jsonrpc": "2.0", "method": "subscription", "params": {"channel": "book.ETH-PERPETUAL.none.20.100ms", "data": {"timestamp": 1764688723603, "change_id": 99720336577, "instrument_name": "ETH-PERPETUAL", "bids": [[2969.2, 17500.0], [2968.8, 15600.0], [2968.75, 2.0], [2968.65, 25000.0], [2968.55, 4701.0], [2968.5, 10500.0], [2968.45, 4725.0], [2968.4, 4710.0], [2968.35, 7500.0], [2968.2, 4699.0], [2968.1, 4695.0], [2968.05, 7500.0], [2968.0, 31236.0], [2967.9, 4703.0], [2967.75, 7500.0], [2967.7, 42.0], [2967.65, 4703.0], [2967.55, 1420.0], [2967.45, 4710.0], [2967.35, 29069.0]], "asks": [[2969.25, 14962.0], [2969.4, 8100.0], [2969.45, 11955.0], [2969.5, 40000.0], [2969.8, 5971.0], [2969.85, 20005.0], [2970.0, 250.0], [2970.3, 2361.0], [2970.35, 1406.0], [2970.4, 4710.0], [2970.55, 1420.0], [2970.65, 1406.0], [2970.7, 4710.0], [2970.9, 16151.0], [2970.95, 54710.0], [2971.05, 6533.0], [2971.15, 17784.0], [2971.2, 10200.0], [2971.25, 10917.0], [2971.3, 7500.0]]}}}
{"jsonrpc": "2.0", "method": "subscription", "params": {"channel": "book.ETH-PERPETUAL.none.20.100ms", "data": {"timestamp": 1764688723935, "change_id": 99720338015, "instrument_name": "ETH-PERPETUAL", "bids": [[2969.2, 10000.0], [2968.8, 7500.0], [2968.65, 25000.0], [2968.5, 10500.0], [2968.45, 4725.0], [2968.4, 4710.0], [2968.35, 7500.0], [2968.2, 4699.0], [2968.1, 4695.0], [2968.05, 7500.0], [2968.0, 31236.0], [2967.9, 4703.0], [2967.75, 7500.0], [2967.7, 42.0], [2967.65, 4703.0], [2967.45, 4710.0], [2967.4, 7500.0], [2967.35, 29069.0], [2967.3, 200.0], [2967.25, 2992.0]], "asks": [[2969.25, 15448.0], [2969.4, 28104.0], [2969.45, 11955.0], [2969.5, 40000.0], [2970.0, 250.0], [2970.2, 1129.0], [2970.25, 1420.0], [2970.3, 2361.0], [2970.35, 1406.0], [2970.4, 4710.0], [2970.6, 6714.0], [2970.65, 17784.0], [2970.7, 4710.0], [2970.8, 14925.0], [2970.85, 50000.0], [2970.9, 1406.0], [2970.95, 4710.0], [2971.05, 7199.0], [2971.15, 20014.0], [2971.2, 10200.0]]}}}
{"jsonrpc": "2.0", "method": "subscription", "params": {"channel": "book.ETH-PERPETUAL.none.20.100ms", "data": {"timestamp": 1764688724263, "change_id": 99720339321, "instrument_name": "ETH-PERPETUAL", "bids": [[2968.35, 7500.0], [2968.05, 7500.0], [2968.0, 20319.0], [2967.85, 25000.0], [2967.75, 7500.0], [2967.7, 15000.0], [2967.65, 4703.0], [2967.45, 4710.0], [2967.4, 7500.0], [2967.35, 29069.0], [2967.3, 4916.0], [2967.25, 42.0], [2967.2, 4702.0], [2967.1, 6116.0], [2966.95, 18417.0], [2966.9, 4702.0], [2966.65, 4702.0], [2966.45, 4702.0], [2966.25, 4713.0], [2966.05, 37745.0]], "asks": [[2968.4, 11345.0], [2969.25, 33187.0], [2969.4, 8100.0], [2969.55, 4699.0], [2969.75, 1403.0], [2969.8, 4699.0], [2970.0, 1653.0], [2970.05, 4699.0], [2970.15, 17183.0], [2970.25, 1420.0], [2970.3, 9075.0], [2970.35, 17784.0], [2970.4, 4710.0], [2970.5, 7197.0], [2970.55, 4699.0], [2970.6, 23479.0], [2970.7, 12210.0], [2970.75, 5974.0], [2970.9, 3465.0], [2970.95, 4710.0]]}}}
{"jsonrpc": "2.0", "method": "subscription", "params": {"channel": "book.ETH-PERPETUAL.none.20.100ms", "data": {"timestamp": 1764688724594, "change_id": 99720341836, "instrument_name": "ETH-PERPETUAL", "bids": [[2967.65, 8514.0], [2967.35, 29069.0], [2967.1, 7500.0], [2966.85, 2239.0], [2966.8, 7500.0], [2966.65, 1407.0], [2966.6, 4712.0], [2966.55, 3642.0], [2966.5, 9863.0], [2966.45, 4702.0], [2966.3, 5704.0], [2966.25, 19713.0], [2966.15, 3259.0], [2966.1, 14589.0], [2966.05, 7500.0], [2966.0, 4803.0], [2965.85, 9775.0], [2965.8, 29743.0], [2965.65, 12370.0], [2965.6, 12438.0]], "asks": [[2967.7, 4209.0], [2968.05, 1256.0], [2968.3, 2418.0], [2968.35, 14124.0], [2968.4, 20182.0], [2968.7, 1420.0], [2968.9, 1403.0], [2968.95, 4699.0], [2969.15, 1569.0], [2969.2, 4699.0], [2969.25, 492.0], [2969.3, 6532.0], [2969.35, 22483.0], [2969.45, 4237.0], [2969.55, 14795.0], [2969.7, 1403.0], [2969.8, 4699.0], [2969.85, 3333.0], [2969.9, 10917.0], [2969.95, 7500.0]]}}}
{"jsonrpc": "2.0", "method": "subscription", "params": {"channel": "book.ETH-PERPETUAL.none.20.100ms", "data": {"timestamp": 1764688724923, "change_id": 99720342785, "instrument_name": "ETH-PERPETUAL", "bids": [[2967.45, 7500.0], [2967.35, 29069.0], [2967.15, 2239.0], [2967.1, 7500.0], [2966.85, 2239.0], [2966.8, 7500.0], [2966.65, 1407.0], [2966.6, 4712.0], [2966.55, 7668.0], [2966.5, 22500.0], [2966.45, 4702.0], [2966.3, 1407.0], [2966.25, 15434.0], [2966.2, 25000.0], [2966.1, 14634.0], [2966.05, 7500.0], [2966.0, 4803.0], [2965.9, 1420.0], [2965.85, 1416.0], [2965.8, 4743.0]], "asks": [[2967.5, 20019.0], [2967.55, 8100.0], [2967.65, 14155.0], [2967.7, 8897.0], [2967.75, 40413.0], [2968.2, 2418.0], [2968.35, 8100.0], [2968.4, 272.0], [2968.6, 2355.0], [2968.7, 1401.0], [2968.75, 4694.0], [2968.85, 7195.0], [2968.95, 4699.0], [2969.15, 19353.0], [2969.2, 4699.0], [2969.25, 44.0], [2969.3, 1403.0], [2969.35, 4699.0], [2969.45, 4416.0], [2969.55, 14795.0]]}}}
{"jsonrpc": "2.0", "method": "subscription", "params": {"channel": "book.ETH-PERPETUAL.none.20.100ms", "data": {"timestamp": 1764688725257, "change_id": 99720343740, "instrument_name": "ETH-PERPETUAL", "bids": [[2967.45, 7500.0], [2967.35, 29069.0], [2967.15, 2239.0], [2967.1, 7500.0], [2966.85, 2239.0], [2966.8, 7500.0], [2966.65, 1407.0], [2966.6, 4712.0], [2966.55, 14615.0], [2966.5, 22500.0], [2966.45, 4702.0], [2966.4, 25045.0], [2966.3, 1407.0], [2966.25, 4713.0], [2966.15, 3259.0], [2966.1, 14589.0], [2966.05, 7500.0], [2966.0, 4803.0], [2965.85, 1416.0], [2965.8, 4743.0]], "asks": [[2967.5, 9029.0], [2967.55, 8090.0], [2967.65, 18156.0], [2967.7, 744.0], [2967.75, 40075.0], [2968.15, 20005.0], [2968.2, 2418.0], [2968.35, 8100.0], [2968.6, 2355.0], [2968.7, 1401.0], [2968.75, 4694.0], [2968.85, 16148.0], [2968.9, 50000.0], [2968.95, 4699.0], [2969.1, 8496.0], [2969.15, 17784.0], [2969.2, 4699.0], [2969.25, 8947.0], [2969.35, 4699.0], [2969.4, 12629.0]]}}}
{"jsonrpc": "2.0", "method": "subscription", "params": {"channel": "book.ETH-PERPETUAL.none.20.100ms", "data": {"timestamp": 1764688725587, "change_id": 99720345847, "instrument_name": "ETH-PERPETUAL", "bids": [[2967.35, 39069.0], [2966.8, 2239.0], [2966.75, 7500.0], [2966.4, 4346.0], [2966.35, 9862.0], [2966.3, 2347.0], [2966.25, 15434.0], [2966.2, 40000.0], [2966.1, 14589.0], [2966.05, 7500.0], [2966.0, 4803.0], [2965.85, 1416.0], [2965.8, 4743.0], [2965.65, 5194.0], [2965.6, 12438.0], [2965.5, 4811.0], [2965.35, 1436.0], [2965.3, 4811.0], [2965.2, 18130.0], [2965.15, 57500.0]], "asks": [[2967.4, 28119.0], [2967.45, 12028.0], [2967.5, 40000.0], [2967.6, 154.0], [2967.65, 6046.0], [2967.7, 20255.0], [2968.45, 2354.0], [2968.5, 2821.0], [2968.55, 4694.0], [2968.7, 1401.0], [2968.75, 4694.0], [2968.8, 22787.0], [2968.85, 50000.0], [2968.9, 17784.0], [2968.95, 12199.0], [2969.1, 3655.0], [2969.2, 4699.0], [2969.25, 14699.0], [2969.3, 20014.0], [2969.35, 4699.0]]}}}
{"jsonrpc": "2.0", "method": "subscription", "params": {"channel": "book.ETH-PERPETUAL.none.20.100ms", "data": {"timestamp": 1764688725916, "change_id": 99720346964, "instrument_name": "ETH-PERPETUAL", "bids": [[2967.35, 39069.0], [2966.3, 2239.0], [2966.25, 11978.0], [2966.2, 15000.0], [2966.1, 10665.0], [2966.0, 29803.0], [2965.85, 3474.0], [2965.8, 12243.0], [2965.65, 2910.0], [2965.6, 4938.0], [2965.5, 4811.0], [2965.35, 16177.0], [2965.3, 54811.0], [2965.2, 3675.0], [2965.15, 7545.0], [2965.1, 4811.0], [2964.9, 3675.0], [2964.85, 4811.0], [2964.75, 8936.0], [2964.6, 4811.0]], "asks": [[2967.4, 49291.0], [2967.45, 12028.0], [2967.5, 40000.0], [2967.6, 154.0], [2967.7, 250.0], [2968.25, 2239.0], [2968.3, 7500.0], [2968.35, 1127.0], [2968.45, 2354.0], [2968.5, 9903.0], [2968.55, 4694.0], [2968.6, 17784.0], [2968.65, 8901.0], [2968.75, 4694.0], [2968.8, 50000.0], [2968.9, 3641.0], [2968.95, 12199.0], [2969.1, 9149.0], [2969.15, 20014.0], [2969.2, 4699.0]]}}}
{"jsonrpc": "2.0", "method": "subscription", "params": {"channel": "book.ETH-PERPETUAL.none.20.100ms", "data": {"timestamp": 1764688726243, "change_id": 99720348835, "instrument_name": "ETH-PERPETUAL", "bids": [[2967.35, 5067.0], [2966.45, 2239.0], [2966.4, 7500.0], [2966.25, 2362.0], [2966.15, 2239.0], [2966.1, 12494.0], [2966.0, 7125.0], [2965.85, 1416.0], [2965.8, 7500.0], [2965.75, 4690.0], [2965.7, 4478.0], [2965.65, 22463.0], [2965.6, 25000.0], [2965.5, 7629.0], [2965.45, 7500.0], [2965.35, 4302.0], [2965.3, 4811.0], [2965.2, 14592.0], [2965.15, 7545.0], [2965.1, 4811.0]], "asks": [[2967.4, 29202.0], [2967.45, 32033.0], [2967.5, 40000.0], [2967.7, 250.0], [2968.2, 20177.0], [2968.25, 50000.0], [2968.3, 17595.0], [2968.45, 2354.0], [2968.5, 8483.0], [2968.55, 4694.0], [2968.6, 17785.0], [2968.65, 8901.0], [2968.75, 4694.0], [2968.8, 3641.0], [2968.95, 12199.0], [2969.0, 5974.0], [2969.05, 20014.0], [2969.1, 3655.0], [2969.2, 4699.0], [2969.25, 8905.0]]}}}
{"jsonrpc": "2.0", "method": "subscription", "params": {"channel": "book.ETH-PERPETUAL.none.20.100ms", "data": {"timestamp": 1764688726575, "change_id": 99720349663, "instrument_name": "ETH-PERPETUAL", "bids": [[2967.35, 28789.0], [2966.45, 2239.0], [2966.4, 7500.0], [2966.15, 2239.0], [2966.1, 9845.0], [2966.05, 5008.0], [2966.0, 7125.0], [2965.85, 1416.0], [2965.8, 7500.0], [2965.75, 4690.0], [2965.7, 4478.0], [2965.65, 22463.0], [2965.6, 25000.0], [2965.5, 7629.0], [2965.45, 7545.0], [2965.35, 4302.0], [2965.3, 4811.0], [2965.2, 14605.0], [2965.15, 7500.0], [2965.1, 4811.0]], "asks": [[2967.4, 21482.0], [2967.45, 32033.0], [2967.5, 40000.0], [2967.7, 250.0], [2968.2, 19506.0], [2968.25, 50000.0], [2968.3, 17595.0], [2968.45, 2354.0], [2968.5, 3640.0], [2968.55, 4694.0], [2968.65, 8901.0], [2968.75, 4694.0], [2968.8, 8485.0], [2968.9, 17785.0], [2968.95, 12199.0], [2969.1, 9149.0], [2969.15, 20014.0], [2969.2, 4699.0], [2969.25, 8905.0], [2969.35, 4699.0]]}}}
{"jsonrpc": "2.0", "method": "subscription", "params": {"channel": "book.ETH-PERPETUAL.none.20.100ms", "data": {"timestamp": 1764688726905, "change_id": 99720350682, "instrument_name": "ETH-PERPETUAL", "bids": [[2967.35, 28789.0], [2966.75, 2239.0], [2966.7, 7500.0], [2966.45, 2239.0], [2966.4, 7500.0], [2966.25, 2360.0], [2966.2, 12049.0], [2966.15, 25000.0], [2966.1, 7500.0], [2966.05, 5721.0], [2966.0, 4780.0], [2965.95, 15000.0], [2965.85, 2239.0], [2965.8, 8900.0], [2965.75, 4690.0], [2965.55, 1400.0], [2965.5, 7629.0], [2965.45, 7500.0], [2965.4, 45.0], [2965.35, 4695.0]], "asks": [[2967.4, 40360.0], [2967.45, 12028.0], [2967.5, 40000.0], [2967.7, 250.0], [2968.0, 1420.0], [2968.2, 17553.0], [2968.25, 50000.0], [2968.3, 10095.0], [2968.45, 2354.0], [2968.5, 3640.0], [2968.55, 4694.0], [2968.6, 7500.0], [2968.65, 6531.0], [2968.7, 17785.0], [2968.75, 4694.0], [2968.8, 3641.0], [2968.95, 12199.0], [2969.1, 9149.0], [2969.2, 24713.0], [2969.25, 8905.0]]}}}
{"jsonrpc": "2.0", "method": "subscription", "params": {"channel": "book.ETH-PERPETUAL.none.20.100ms", "data": {"timestamp": 1764688727237, "change_id": 99720351769, "instrument_name": "ETH-PERPETUAL", "bids": [[2967.35, 38789.0], [2966.9, 2239.0], [2966.85, 7500.0], [2966.45, 2239.0], [2966.4, 10151.0], [2966.35, 2360.0], [2966.3, 2348.0], [2966.25, 4696.0], [2966.2, 24701.0], [2966.15, 25000.0], [2966.1, 7500.0], [2966.05, 1431.0], [2966.0, 4780.0], [2965.85, 1821.0], [2965.8, 8900.0], [2965.75, 4690.0], [2965.7, 45.0], [2965.65, 1400.0], [2965.5, 7629.0], [2965.45, 7500.0]], "asks": [[2967.4, 6322.0], [2967.45, 11940.0], [2967.5, 40000.0], [2967.7, 250.0], [2968.0, 5971.0], [2968.05, 20005.0], [2968.2, 3013.0], [2968.3, 10095.0], [2968.45, 2354.0], [2968.5, 1401.0], [2968.55, 4694.0], [2968.65, 16147.0], [2968.75, 4694.0], [2968.8, 1403.0], [2968.9, 50000.0], [2968.95, 4699.0], [2969.0, 2239.0], [2969.05, 7500.0], [2969.1, 6712.0], [2969.15, 17785.0]]}}}
{"jsonrpc": "2.0", "method": "subscription", "params": {"channel": "book.ETH-PERPETUAL.none.20.100ms", "data": {"timestamp": 1764688727554, "change_id": 99720352761, "instrument_name": "ETH-PERPETUAL", "bids": [[2967.35, 46889.0], [2967.2, 2239.0], [2967.15, 7500.0], [2966.95, 4657.0], [2966.9, 8100.0], [2966.85, 7500.0], [2966.55, 9701.0], [2966.5, 25000.0], [2966.4, 10151.0], [2966.35, 2360.0], [2966.3, 2348.0], [2966.25, 11412.0], [2966.2, 15000.0], [2966.1, 7500.0], [2966.05, 1431.0], [2966.0, 4825.0], [2965.85, 1821.0], [2965.8, 8900.0], [2965.75, 4690.0], [2965.65, 2820.0]], "asks": [[2967.4, 19886.0], [2967.45, 11940.0], [2967.5, 40000.0], [2967.7, 250.0], [2968.1, 5972.0], [2968.15, 20006.0], [2968.2, 3013.0], [2968.3, 10095.0], [2968.45, 2354.0], [2968.5, 1401.0], [2968.55, 4694.0], [2968.65, 1401.0], [2968.75, 4694.0], [2968.8, 1403.0], [2968.95, 12247.0], [2969.1, 41434.0], [2969.15, 50000.0], [2969.2, 4699.0], [2969.25, 1405.0], [2969.35, 4699.0]]}}}
{"jsonrpc": "2.0", "method": "subscription", "params": {"channel": "book.ETH-PERPETUAL.none.20.100ms", "data": {"timestamp": 1764688727897, "change_id": 99720354309, "instrument_name": "ETH-PERPETUAL", "bids": [[2967.65, 32401.0], [2967.55, 2239.0], [2967.5, 7500.0], [2967.4, 19679.0], [2967.35, 38789.0], [2967.2, 2239.0], [2967.15, 7500.0], [2966.95, 4657.0], [2966.9, 8100.0], [2966.85, 7500.0], [2966.75, 7463.0], [2966.7, 40000.0], [2966.65, 4714.0], [2966.55, 4702.0], [2966.4, 10124.0], [2966.3, 2393.0], [2966.25, 6935.0], [2966.1, 7500.0], [2966.05, 1431.0], [2966.0, 4780.0]], "asks": [[2967.7, 250.0], [2967.8, 40000.0], [2968.35, 6674.0], [2968.45, 2354.0], [2968.5, 1401.0], [2968.55, 4694.0], [2968.65, 1401.0], [2968.7, 20006.0], [2968.75, 4694.0], [2968.8, 1403.0], [2968.95, 4699.0], [2969.15, 1403.0], [2969.2, 4699.0], [2969.25, 1405.0], [2969.35, 4699.0], [2969.4, 6187.0], [2969.45, 50000.0], [2969.5, 10086.0], [2969.55, 22484.0], [2969.65, 179100.0]]}}}
{"jsonrpc": "2.0", "method": "subscription", "params": {"channel": "book.ETH-PERPETUAL.none.20.100ms", "data": {"timestamp": 1764688728228, "change_id": 99720355684, "instrument_name": "ETH-PERPETUAL", "bids": [[2967.35, 38789.0], [2967.2, 2239.0], [2967.15, 7500.0], [2966.95, 4657.0], [2966.9, 8100.0], [2966.85, 7500.0], [2966.75, 4478.0], [2966.7, 24914.0], [2966.65, 29714.0], [2966.55, 4702.0], [2966.4, 8929.0], [2966.25, 6935.0], [2966.1, 7500.0], [2966.05, 1431.0], [2966.0, 4780.0], [2965.85, 2239.0], [2965.8, 8900.0], [2965.75, 4690.0], [2965.7, 45.0], [2965.65, 1400.0]], "asks": [[2967.4, 9539.0], [2967.65, 12015.0], [2967.7, 40250.0], [2967.8, 20005.0], [2968.45, 2354.0], [2968.5, 1401.0], [2968.55, 4694.0], [2968.65, 16147.0], [2968.75, 4694.0], [2968.8, 51403.0], [2968.85, 17785.0], [2968.9, 1420.0], [2968.95, 4699.0], [2969.15, 1403.0], [2969.2, 12199.0], [2969.25, 1405.0], [2969.3, 20014.0], [2969.35, 4699.0], [2969.4, 3641.0], [2969.5, 10086.0]]}}}
{"jsonrpc": "2.0", "method": "subscription", "params": {"channel": "book.ETH-PERPETUAL.none.20.100ms", "data": {"timestamp": 1764688728549, "change_id": 99720356890, "instrument_name": "ETH-PERPETUAL", "bids": [[2967.35, 62418.0], [2967.2, 2239.0], [2967.15, 7500.0], [2966.95, 4657.0], [2966.9, 8100.0], [2966.85, 7500.0], [2966.75, 4478.0], [2966.7, 24914.0], [2966.65, 29714.0], [2966.55, 4702.0], [2966.45, 2239.0], [2966.4, 8929.0], [2966.3, 45.0], [2966.25, 6935.0], [2966.1, 7500.0], [2966.05, 1431.0], [2966.0, 4780.0], [2965.85, 2239.0], [2965.8, 8900.0], [2965.75, 4690.0]], "asks": [[2967.4, 4401.0], [2967.65, 12015.0], [2967.7, 40250.0], [2968.3, 20005.0], [2968.45, 2354.0], [2968.5, 1401.0], [2968.55, 4694.0], [2968.65, 1401.0], [2968.75, 4694.0], [2968.8, 1403.0], [2968.9, 1420.0], [2968.95, 4699.0], [2969.15, 1403.0], [2969.2, 12199.0], [2969.25, 1405.0], [2969.3, 17785.0], [2969.35, 4699.0], [2969.4, 3641.0], [2969.45, 50000.0], [2969.5, 10086.0]]}}}
{"jsonrpc": "2.0", "method": "subscription", "params": {"channel": "book.ETH-PERPETUAL.none.20.100ms", "data": {"timestamp": 1764688728887, "change_id": 99720357996, "instrument_name": "ETH-PERPETUAL", "bids": [[2967.65, 39901.0], [2967.55, 1826.0], [2967.5, 8100.0], [2967.45, 11579.0], [2967.35, 38790.0], [2967.2, 2239.0], [2967.15, 7500.0], [2966.95, 11524.0], [2966.9, 33100.0], [2966.85, 7500.0], [2966.75, 4478.0], [2966.7, 17811.0], [2966.65, 4714.0], [2966.55, 4702.0], [2966.45, 2239.0], [2966.4, 8929.0], [2966.3, 45.0], [2966.25, 6935.0], [2966.1, 7500.0], [2966.05, 1431.0]], "asks": [[2967.7, 404.0], [2967.9, 40000.0], [2968.45, 8325.0], [2968.5, 21406.0], [2968.55, 4694.0], [2968.65, 1401.0], [2968.75, 4694.0], [2968.8, 1403.0], [2968.95, 4699.0], [2969.15, 1403.0], [2969.2, 15616.0], [2969.25, 1403.0], [2969.35, 4699.0], [2969.4, 3641.0], [2969.5, 27870.0], [2969.55, 4699.0], [2969.7, 1403.0], [2969.75, 7500.0], [2969.8, 4699.0], [2970.0, 21417.0]]}}}
