{"jsonrpc": "2.0", "id": 1, "result": ["book.ETH-PERPETUAL.none.20.100ms"], "usIn": 1756498118738111, "usOut": 1756498118762480, "usDiff": 24369, "testnet": false}
{"jsonrpc": "2.0", "method": "subscription", "params": {"channel": "book.ETH-PERPETUAL.none.20.100ms", "data": {"timestamp": 1756498117623, "change_id": 84297515180, "instrument_name": "ETH-PERPETUAL", "bids": [[4322.15, 8159.0], [4322.0, 8002.0], [4321.85, 8159.0], [4321.75, 8760.0], [4321.45, 21800.0], [4321.4, 290366.0], [4321.35, 3152.0], [4321.3, 6000.0], [4321.25, 111975.0], [4321.2, 3630.0], [4321.1, 13000.0], [4321.0, 2628.0], [4320.95, 8760.0], [4320.65, 19974.0], [4320.6, 20966.0], [4320.5, 200.0], [4320.45, 26512.0], [4320.2, 10782.0], [4320.15, 12115.0], [4320.0, 21007.0]], "asks": [[4322.65, 10.0], [4322.7, 181440.0], [4323.85, 240.0], [4323.9, 12723.0], [4324.0, 8039.0], [4324.2, 16701.0], [4324.25, 8069.0], [4324.35, 47600.0], [4324.4, 2633.0], [4324.45, 8777.0], [4324.65, 29819.0], [4324.7, 72500.0], [4324.85, 2628.0], [4324.9, 8760.0], [4325.0, 10015.0], [4325.05, 8063.0], [4325.15, 19995.0], [4325.2, 2906.0], [4325.35, 8777.0], [4325.4, 3005.0]]}}}
{"jsonrpc": "2.0", "method": "subscription", "params": {"channel": "book.ETH-PERPETUAL.none.20.100ms", "data": {"timestamp": 1756498118901, "change_id": 84297524663, "instrument_name": "ETH-PERPETUAL", "bids": [[4324.2, 95.0], [4324.15, 9790.0], [4323.8, 1271.0], [4323.7, 3462.0], [4323.65, 10953.0], [4323.6, 2256.0], [4323.55, 3499.0], [4323.45, 5347.0], [4322.9, 89287.0], [4322.85, 181440.0], [4322.8, 119288.0], [4322.75, 16000.0], [4322.65, 8036.0], [4322.5, 2628.0], [4322.45, 8760.0], [4322.2, 13013.0], [4322.15, 37726.0], [4322.1, 8992.0], [4321.8, 5264.0], [4321.7, 8039.0]], "asks": [[4324.65, 181440.0], [4324.9, 8760.0], [4324.95, 911.0], [4325.05, 200.0], [4325.3, 9666.0], [4325.35, 8777.0], [4325.4, 27117.0], [4325.45, 8084.0], [4325.55, 3998.0], [4325.8, 4698.0], [4325.85, 16843.0], [4326.0, 41431.0], [4326.05, 47464.0], [4326.1, 72500.0], [4326.2, 8088.0], [4326.25, 2628.0], [4326.3, 8760.0], [4326.45, 2426.0], [4326.5, 360.0], [4326.6, 8088.0]]}}}
{"jsonrpc": "2.0", "method": "subscription", "params": {"channel": "book.ETH-PERPETUAL.none.20.100ms", "data": {"timestamp": 1756498119242, "change_id": 84297526270, "instrument_name": "ETH-PERPETUAL", "bids": [[4324.15, 3790.0], [4324.1, 15025.0], [4324.05, 739.0], [4323.85, 739.0], [4323.8, 2067.0], [4323.7, 176.0], [4323.4, 7362.0], [4323.35, 24540.0], [4323.2, 15523.0], [4323.15, 8036.0], [4323.1, 44713.0], [4322.9, 70468.0], [4322.85, 181440.0], [4322.8, 7211.0], [4322.75, 16000.0], [4322.65, 8036.0], [4322.4, 2411.0], [4322.35, 8036.0], [4322.15, 2698.0], [4322.1, 8992.0]], "asks": [[4324.2, 27485.0], [4324.6, 88060.0], [4324.65, 293532.0], [4324.75, 1500.0], [4324.95, 911.0], [4325.05, 200.0], [4325.1, 1169.0], [4325.3, 9666.0], [4325.35, 8777.0], [4325.4, 27117.0], [4325.45, 8084.0], [4325.55, 3998.0], [4325.8, 4698.0], [4325.85, 16843.0], [4326.0, 24215.0], [4326.1, 72500.0], [4326.2, 28083.0], [4326.25, 2628.0], [4326.3, 8760.0], [4326.45, 2426.0]]}}}
{"jsonrpc": "2.0", "method": "subscription", "params": {"channel": "book.ETH-PERPETUAL.none.20.100ms", "data": {"timestamp": 1756498119503, "change_id": 84297527655, "instrument_name": "ETH-PERPETUAL", "bids": [[4324.1, 3000.0], [4324.05, 6000.0], [4323.85, 13000.0], [4323.35, 24540.0], [4323.1, 181440.0], [4322.95, 2400.0], [4322.9, 8000.0], [4322.8, 2411.0], [4322.65, 8036.0], [4322.4, 2411.0], [4322.35, 8036.0], [4322.15, 7160.0], [4322.1, 8039.0], [4322.0, 16000.0], [4321.8, 2636.0], [4321.7, 8039.0], [4321.6, 24296.0], [4321.5, 7154.0], [4321.45, 57228.0], [4321.2, 7436.0]], "asks": [[4324.15, 165578.0], [4324.2, 66810.0], [4324.5, 6540.0], [4324.55, 21800.0], [4324.6, 142600.0], [4324.65, 181440.0], [4324.8, 2073.0], [4324.85, 6000.0], [4325.05, 200.0], [4325.1, 1169.0], [4325.2, 15095.0], [4325.25, 13000.0], [4325.35, 8777.0], [4325.4, 31115.0], [4325.45, 8084.0], [4325.55, 3998.0], [4325.8, 15085.0], [4325.85, 16843.0], [4325.95, 37767.0], [4326.0, 24215.0]]}}}
{"jsonrpc": "2.0", "method": "subscription", "params": {"channel": "book.ETH-PERPETUAL.none.20.100ms", "data": {"timestamp": 1756498119988, "change_id": 84297529704, "instrument_name": "ETH-PERPETUAL", "bids": [[4323.1, 229546.0], [4323.05, 3000.0], [4322.85, 3900.0], [4322.8, 13000.0], [4322.55, 10046.0], [4322.5, 19984.0], [4322.45, 16000.0], [4322.4, 9471.0], [4322.35, 32576.0], [4322.15, 2698.0], [4322.1, 8039.0], [4321.8, 2636.0], [4321.7, 8039.0], [4321.6, 6127.0], [4321.5, 7154.0], [4321.45, 8039.0], [4321.35, 2628.0], [4321.3, 8760.0], [4321.2, 12762.0], [4321.1, 37726.0]], "asks": [[4323.15, 66800.0], [4323.55, 8760.0], [4324.1, 77132.0], [4324.15, 184440.0], [4324.3, 3156.0], [4324.35, 7169.0], [4324.4, 3998.0], [4324.6, 6028.0], [4324.65, 13000.0], [4324.7, 8036.0], [4324.95, 2411.0], [4325.0, 8036.0], [4325.05, 200.0], [4325.2, 11195.0], [4325.35, 8777.0], [4325.4, 27477.0], [4325.45, 8084.0], [4325.7, 5999.0], [4325.75, 19995.0], [4325.8, 5065.0]]}}}
{"jsonrpc": "2.0", "method": "subscription", "params": {"channel": "book.ETH-PERPETUAL.none.20.100ms", "data": {"timestamp": 1756498120478, "change_id": 84297532165, "instrument_name": "ETH-PERPETUAL", "bids": [[4324.15, 2.0], [4324.1, 2756.0], [4324.05, 2288.0], [4323.65, 1571.0], [4323.6, 940.0], [4323.55, 844.0], [4323.5, 2906.0], [4323.4, 1048.0], [4323.15, 75740.0], [4323.1, 183915.0], [4322.7, 19984.0], [4322.65, 2411.0], [4322.6, 8036.0], [4322.4, 12401.0], [4322.35, 32576.0], [4322.3, 4848.0], [4322.2, 2412.0], [4322.1, 8039.0], [4321.8, 7900.0], [4321.7, 8039.0]], "asks": [[4324.2, 153085.0], [4324.25, 2458.0], [4324.3, 8159.0], [4324.6, 54432.0], [4324.65, 181440.0], [4324.8, 11039.0], [4324.85, 28760.0], [4325.0, 8036.0], [4325.2, 10103.0], [4325.25, 24540.0], [4325.35, 8777.0], [4325.4, 2577.0], [4325.45, 12083.0], [4325.6, 7048.0], [4325.65, 3998.0], [4325.8, 29758.0], [4325.85, 16843.0], [4326.0, 17811.0], [4326.05, 24176.0], [4326.1, 72500.0]]}}}
{"jsonrpc": "2.0", "method": "subscription", "params": {"channel": "book.ETH-PERPETUAL.none.20.100ms", "data": {"timestamp": 1756498120796, "change_id": 84297533807, "instrument_name": "ETH-PERPETUAL", "bids": [[4323.95, 15790.0], [4323.7, 9082.0], [4323.65, 29304.0], [4323.6, 5995.0], [4323.55, 19984.0], [4323.15, 41121.0], [4323.1, 181440.0], [4322.7, 2411.0], [4322.65, 8036.0], [4322.6, 8760.0], [4322.5, 38915.0], [4322.4, 119290.0], [4322.35, 8036.0], [4322.25, 24540.0], [4322.2, 2412.0], [4322.1, 8039.0], [4321.9, 2628.0], [4321.85, 8760.0], [4321.8, 8628.0], [4321.7, 8039.0]], "asks": [[4324.0, 10.0], [4324.05, 206440.0], [4324.85, 28760.0], [4324.95, 3999.0], [4325.0, 8036.0], [4325.15, 2411.0], [4325.2, 18139.0], [4325.25, 24540.0], [4325.35, 8777.0], [4325.4, 3110.0], [4325.45, 9195.0], [4325.8, 5065.0], [4325.85, 16843.0], [4326.0, 39.0], [4326.05, 28634.0], [4326.1, 72500.0], [4326.2, 8448.0], [4326.25, 19995.0], [4326.3, 8760.0], [4326.5, 17395.0]]}}}
{"jsonrpc": "2.0", "method": "subscription", "params": {"channel": "book.ETH-PERPETUAL.none.20.100ms", "data": {"timestamp": 1756498121137, "change_id": 84297535348, "instrument_name": "ETH-PERPETUAL", "bids": [[4324.0, 8918.0], [4323.95, 3000.0], [4323.9, 9180.0], [4323.85, 876.0], [4323.7, 13000.0], [4323.65, 6986.0], [4323.15, 74416.0], [4323.1, 181440.0], [4322.7, 2411.0], [4322.65, 8036.0], [4322.4, 9773.0], [4322.35, 8036.0], [4322.25, 24540.0], [4322.15, 2412.0], [4322.1, 8039.0], [4321.95, 1270.0], [4321.9, 2628.0], [4321.85, 8760.0], [4321.75, 7962.0], [4321.7, 8039.0]], "asks": [[4324.05, 219282.0], [4324.1, 112244.0], [4324.15, 10.0], [4324.45, 200.0], [4324.8, 12239.0], [4324.85, 28760.0], [4324.95, 3999.0], [4325.0, 8036.0], [4325.15, 2411.0], [4325.2, 18031.0], [4325.25, 24540.0], [4325.35, 8777.0], [4325.4, 2425.0], [4325.45, 8084.0], [4325.8, 5065.0], [4325.85, 16843.0], [4326.0, 39.0], [4326.05, 24284.0], [4326.1, 72500.0], [4326.2, 16715.0]]}}}
{"jsonrpc": "2.0", "method": "subscription", "params": {"channel": "book.ETH-PERPETUAL.none.20.100ms", "data": {"timestamp": 1756498121473, "change_id": 84297536522, "instrument_name": "ETH-PERPETUAL", "bids": [[4324.0, 42882.0], [4323.95, 3000.0], [4323.9, 6000.0], [4323.35, 5995.0], [4323.3, 19984.0], [4323.15, 54432.0], [4323.1, 181440.0], [4322.85, 22070.0], [4322.8, 73568.0], [4322.75, 9773.0], [4322.7, 24540.0], [4322.65, 8036.0], [4322.4, 2411.0], [4322.35, 8036.0], [4322.2, 2412.0], [4322.1, 8039.0], [4322.0, 14327.0], [4321.95, 19022.0], [4321.9, 19974.0], [4321.85, 8760.0]], "asks": [[4324.05, 210763.0], [4324.2, 10.0], [4324.85, 28760.0], [4324.95, 3999.0], [4325.0, 8236.0], [4325.15, 2411.0], [4325.2, 18031.0], [4325.25, 24540.0], [4325.35, 8777.0], [4325.4, 2425.0], [4325.45, 8084.0], [4325.8, 5065.0], [4325.85, 16843.0], [4326.0, 39.0], [4326.05, 24284.0], [4326.1, 72500.0], [4326.2, 10716.0], [4326.3, 8760.0], [4326.55, 2534.0], [4326.6, 17078.0]]}}}
{"jsonrpc": "2.0", "method": "subscription", "params": {"channel": "book.ETH-PERPETUAL.none.20.100ms", "data": {"timestamp": 1756498121811, "change_id": 84297537958, "instrument_name": "ETH-PERPETUAL", "bids": [[4324.0, 103829.0], [4323.95, 10005.0], [4323.9, 6000.0], [4323.85, 18100.0], [4323.8, 3900.0], [4323.7, 13000.0], [4323.15, 54432.0], [4323.1, 190200.0], [4322.85, 22070.0], [4322.8, 73568.0], [4322.75, 16505.0], [4322.7, 24540.0], [4322.65, 16796.0], [4322.6, 10569.0], [4322.55, 37726.0], [4322.4, 2411.0], [4322.35, 8036.0], [4322.2, 2412.0], [4322.1, 8039.0], [4322.0, 3009.0]], "asks": [[4324.05, 4323.0], [4324.45, 112291.0], [4324.8, 181440.0], [4325.15, 25000.0], [4325.2, 8033.0], [4325.3, 3997.0], [4325.35, 8777.0], [4325.6, 8033.0], [4325.65, 2700.0], [4325.7, 3000.0], [4325.8, 17793.0], [4325.85, 41583.0], [4326.0, 39.0], [4326.05, 24284.0], [4326.1, 72500.0], [4326.15, 13000.0], [4326.2, 10716.0], [4326.3, 8760.0], [4326.55, 2534.0], [4326.6, 8448.0]]}}}
{"jsonrpc": "2.0", "method": "subscription", "params": {"channel": "book.ETH-PERPETUAL.none.20.100ms", "data": {"timestamp": 1756498122142, "change_id": 84297539190, "instrument_name": "ETH-PERPETUAL", "bids": [[4324.75, 39279.0], [4324.65, 6000.0], [4324.45, 13000.0], [4324.15, 19984.0], [4324.1, 16000.0], [4324.05, 21895.0], [4324.0, 5462.0], [4323.7, 54432.0], [4323.65, 181440.0], [4323.6, 41720.0], [4323.55, 112291.0], [4323.25, 4509.0], [4323.2, 16033.0], [4323.15, 2628.0], [4323.1, 8760.0], [4323.0, 14404.0], [4322.95, 19974.0], [4322.9, 10286.0], [4322.8, 17752.0], [4322.75, 16505.0]], "asks": [[4324.8, 333738.0], [4324.95, 10.0], [4325.55, 25000.0], [4325.8, 18427.0], [4325.85, 41583.0], [4325.95, 20000.0], [4326.0, 39.0], [4326.05, 34281.0], [4326.1, 72500.0], [4326.2, 10716.0], [4326.3, 8760.0], [4326.45, 6434.0], [4326.5, 13000.0], [4326.6, 8448.0], [4326.7, 2631.0], [4326.75, 8771.0], [4326.8, 2425.0], [4326.85, 8084.0], [4327.0, 5116.0], [4327.2, 17053.0]]}}}
{"jsonrpc": "2.0", "method": "subscription", "params": {"channel": "book.ETH-PERPETUAL.none.20.100ms", "data": {"timestamp": 1756498122465, "change_id": 84297540331, "instrument_name": "ETH-PERPETUAL", "bids": [[4324.75, 14124.0], [4324.65, 6000.0], [4324.4, 1960.0], [4324.15, 19984.0], [4324.1, 16000.0], [4324.05, 21895.0], [4323.75, 1999.0], [4323.7, 54432.0], [4323.65, 181440.0], [4323.6, 41720.0], [4323.55, 112291.0], [4323.25, 4509.0], [4323.2, 16033.0], [4323.15, 2628.0], [4323.1, 8760.0], [4323.0, 3086.0], [4322.9, 10286.0], [4322.75, 16505.0], [4322.7, 25852.0], [4322.65, 16796.0]], "asks": [[4324.8, 387820.0], [4324.95, 10.0], [4325.25, 11760.0], [4325.3, 200.0], [4325.35, 6000.0], [4325.75, 3900.0], [4325.8, 25487.0], [4325.85, 41383.0], [4326.0, 39.0], [4326.05, 28281.0], [4326.1, 72500.0], [4326.2, 10716.0], [4326.3, 8760.0], [4326.45, 2534.0], [4326.6, 8088.0], [4326.7, 2631.0], [4326.75, 8771.0], [4326.8, 8121.0], [4326.85, 8084.0], [4326.95, 19995.0]]}}}
{"jsonrpc": "2.0", "method": "subscription", "params": {"channel": "book.ETH-PERPETUAL.none.20.100ms", "data": {"timestamp": 1756498122898, "change_id": 84297541290, "instrument_name": "ETH-PERPETUAL", "bids": [[4324.75, 16629.0], [4324.65, 6000.0], [4324.4, 13000.0], [4324.05, 95.0], [4323.75, 1999.0], [4323.7, 54432.0], [4323.65, 181440.0], [4323.6, 41720.0], [4323.55, 112291.0], [4323.25, 4509.0], [4323.2, 16033.0], [4323.0, 3086.0], [4322.9, 10286.0], [4322.75, 16505.0], [4322.7, 25852.0], [4322.65, 16796.0], [4322.5, 15328.0], [4322.45, 49523.0], [4322.4, 12762.0], [4322.35, 8036.0]], "asks": [[4324.8, 388020.0], [4325.2, 4992.0], [4325.25, 11760.0], [4325.35, 6000.0], [4325.65, 3900.0], [4325.7, 13000.0], [4325.8, 12487.0], [4325.85, 41383.0], [4325.95, 7110.0], [4326.0, 39.0], [4326.05, 28281.0], [4326.1, 72500.0], [4326.2, 10716.0], [4326.3, 8760.0], [4326.45, 2534.0], [4326.6, 8088.0], [4326.7, 8301.0], [4326.75, 8771.0], [4326.8, 22420.0], [4326.85, 8084.0]]}}}
{"jsonrpc": "2.0", "method": "subscription", "params": {"channel": "book.ETH-PERPETUAL.none.20.100ms", "data": {"timestamp": 1756498123210, "change_id": 84297541790, "instrument_name": "ETH-PERPETUAL", "bids": [[4324.75, 30139.0], [4324.65, 6000.0], [4324.5, 9895.0], [4324.45, 19984.0], [4324.4, 13000.0], [4324.05, 4895.0], [4324.0, 16000.0], [4323.95, 2400.0], [4323.8, 8000.0], [4323.75, 1999.0], [4323.7, 54432.0], [4323.65, 181440.0], [4323.6, 41720.0], [4323.55, 112291.0], [4323.25, 2410.0], [4323.2, 8033.0], [4323.0, 3086.0], [4322.9, 10286.0], [4322.75, 16505.0], [4322.7, 25852.0]], "asks": [[4324.8, 379661.0], [4324.9, 10.0], [4325.1, 200.0], [4325.25, 8760.0], [4325.8, 12487.0], [4325.85, 41383.0], [4325.95, 7110.0], [4326.0, 39.0], [4326.05, 28281.0], [4326.1, 72500.0], [4326.2, 10716.0], [4326.3, 8760.0], [4326.45, 2534.0], [4326.6, 8088.0], [4326.7, 2631.0], [4326.75, 8771.0], [4326.8, 2425.0], [4326.85, 8084.0], [4327.0, 10475.0], [4327.15, 19995.0]]}}}
{"jsonrpc": "2.0", "method": "subscription", "params": {"channel": "book.ETH-PERPETUAL.none.20.100ms", "data": {"timestamp": 1756498123554, "change_id": 84297542512, "instrument_name": "ETH-PERPETUAL", "bids": [[4324.75, 26409.0], [4324.65, 6000.0], [4324.4, 13000.0], [4324.25, 5995.0], [4324.2, 19984.0], [4324.15, 4829.0], [4324.05, 95.0], [4324.0, 16000.0], [4323.95, 2400.0], [4323.8, 8000.0], [4323.75, 1999.0], [4323.7, 54432.0], [4323.65, 181440.0], [4323.6, 41720.0], [4323.55, 112291.0], [4323.25, 2410.0], [4323.2, 8033.0], [4323.0, 3086.0], [4322.9, 10286.0], [4322.75, 16505.0]], "asks": [[4324.8, 387820.0], [4324.9, 10.0], [4325.1, 200.0], [4325.25, 8760.0], [4325.4, 6000.0], [4325.7, 3900.0], [4325.75, 13000.0], [4325.8, 12487.0], [4325.85, 41383.0], [4325.95, 7110.0], [4326.0, 39.0], [4326.05, 28281.0], [4326.1, 72500.0], [4326.2, 10716.0], [4326.3, 8760.0], [4326.45, 2534.0], [4326.6, 8088.0], [4326.7, 2631.0], [4326.75, 8771.0], [4326.8, 2425.0]]}}}
{"jsonrpc": "2.0", "method": "subscription", "params": {"channel": "book.ETH-PERPETUAL.none.20.100ms", "data": {"timestamp": 1756498123897, "change_id": 84297543072, "instrument_name": "ETH-PERPETUAL", "bids": [[4324.75, 28095.0], [4324.65, 6000.0], [4324.4, 13000.0], [4324.15, 10220.0], [4324.05, 20079.0], [4324.0, 16000.0], [4323.95, 2400.0], [4323.8, 8000.0], [4323.75, 1999.0], [4323.7, 54432.0], [4323.65, 181440.0], [4323.6, 41720.0], [4323.55, 112291.0], [4323.25, 2410.0], [4323.2, 8033.0], [4323.0, 3086.0], [4322.9, 10286.0], [4322.75, 16505.0], [4322.7, 24540.0], [4322.65, 16796.0]], "asks": [[4324.8, 387820.0], [4324.9, 10.0], [4325.1, 200.0], [4325.25, 8760.0], [4325.8, 12487.0], [4325.85, 41383.0], [4325.95, 7110.0], [4326.0, 39.0], [4326.05, 28281.0], [4326.1, 72500.0], [4326.2, 10716.0], [4326.3, 8760.0], [4326.45, 2534.0], [4326.6, 8088.0], [4326.7, 2631.0], [4326.75, 8771.0], [4326.8, 22420.0], [4326.85, 8084.0], [4327.0, 24361.0], [4327.1, 48510.0]]}}}
{"jsonrpc": "2.0", "method": "subscription", "params": {"channel": "book.ETH-PERPETUAL.none.20.100ms", "data": {"timestamp": 1756498124207, "change_id": 84297543554, "instrument_name": "ETH-PERPETUAL", "bids": [[4324.75, 27635.0], [4324.65, 6000.0], [4324.4, 13000.0], [4324.15, 10220.0], [4324.05, 20079.0], [4324.0, 16000.0], [4323.95, 2400.0], [4323.8, 8000.0], [4323.75, 1999.0], [4323.7, 54432.0], [4323.65, 181440.0], [4323.6, 41720.0], [4323.55, 112291.0], [4323.25, 2410.0], [4323.2, 8033.0], [4323.0, 3086.0], [4322.9, 10286.0], [4322.75, 16505.0], [4322.7, 24540.0], [4322.65, 16796.0]], "asks": [[4324.8, 387820.0], [4324.9, 10.0], [4325.1, 200.0], [4325.25, 8760.0], [4325.8, 12487.0], [4325.85, 41383.0], [4325.95, 7110.0], [4326.0, 39.0], [4326.05, 28281.0], [4326.1, 72500.0], [4326.2, 10716.0], [4326.3, 8760.0], [4326.45, 2534.0], [4326.6, 8088.0], [4326.7, 2631.0], [4326.75, 8771.0], [4326.8, 22420.0], [4326.85, 8084.0], [4327.0, 24361.0], [4327.1, 48510.0]]}}}
{"jsonrpc": "2.0", "method": "subscription", "params": {"channel": "book.ETH-PERPETUAL.none.20.100ms", "data": {"timestamp": 1756498124561, "change_id": 84297544408, "instrument_name": "ETH-PERPETUAL", "bids": [[4324.75, 78896.0], [4324.7, 21784.0], [4324.65, 6000.0], [4324.5, 3900.0], [4324.4, 13000.0], [4324.15, 4829.0], [4324.05, 95.0], [4324.0, 16000.0], [4323.95, 2400.0], [4323.8, 8000.0], [4323.75, 1999.0], [4323.7, 54432.0], [4323.65, 181440.0], [4323.6, 41720.0], [4323.55, 112291.0], [4323.4, 8760.0], [4323.25, 2410.0], [4323.2, 8033.0], [4323.0, 8026.0], [4322.95, 37726.0]], "asks": [[4324.8, 334137.0], [4324.95, 10.0], [4325.25, 25000.0], [4325.85, 16843.0], [4326.0, 39.0], [4326.05, 28481.0], [4326.1, 97040.0], [4326.2, 10716.0], [4326.3, 8760.0], [4326.45, 2534.0], [4326.6, 8088.0], [4326.7, 2631.0], [4326.75, 8771.0], [4326.8, 2425.0], [4326.85, 8084.0], [4327.0, 5116.0], [4327.1, 400.0], [4327.2, 44136.0], [4327.25, 6.0], [4327.4, 75057.0]]}}}
{"jsonrpc": "2.0", "method": "subscription", "params": {"channel": "book.ETH-PERPETUAL.none.20.100ms", "data": {"timestamp": 1756498124889, "change_id": 84297545958, "instrument_name": "ETH-PERPETUAL", "bids": [[4324.75, 122905.0], [4324.7, 30737.0], [4324.65, 6000.0], [4324.6, 28440.0], [4324.4, 101077.0], [4324.35, 112149.0], [4324.3, 181440.0], [4323.95, 4728.0], [4323.85, 8760.0], [4323.8, 8000.0], [4323.75, 1999.0], [4323.6, 15489.0], [4323.4, 8760.0], [4323.3, 17752.0], [4323.25, 22384.0], [4323.2, 8033.0], [4323.0, 3086.0], [4322.9, 10286.0], [4322.75, 6732.0], [4322.7, 1220.0]], "asks": [[4324.8, 36270.0], [4325.55, 181440.0], [4326.0, 39.0], [4326.05, 20000.0], [4326.4, 200.0], [4326.55, 2426.0], [4326.6, 8088.0], [4326.65, 13988.0], [4326.7, 24540.0], [4326.75, 8771.0], [4326.8, 2425.0], [4326.85, 8084.0], [4327.0, 5116.0], [4327.1, 400.0], [4327.2, 44136.0], [4327.25, 6.0], [4327.4, 75057.0], [4327.45, 8094.0], [4327.6, 7148.0], [4327.65, 64903.0]]}}}
{"jsonrpc": "2.0", "method": "subscription", "params": {"channel": "book.ETH-PERPETUAL.none.20.100ms", "data": {"timestamp": 1756498125222, "change_id": 84297547154, "instrument_name": "ETH-PERPETUAL", "bids": [[4325.5, 51474.0], [4325.45, 19984.0], [4325.4, 6000.0], [4325.2, 13000.0], [4324.95, 60155.0], [4324.9, 181440.0], [4324.8, 35547.0], [4324.75, 25166.0], [4324.6, 28440.0], [4324.4, 38681.0], [4324.35, 120176.0], [4324.3, 8760.0], [4324.2, 2400.0], [4324.15, 8000.0], [4324.0, 5430.0], [4323.95, 8027.0], [4323.85, 8760.0], [4323.8, 1312.0], [4323.75, 1999.0], [4323.7, 14635.0]], "asks": [[4325.55, 181440.0], [4325.8, 25000.0], [4326.0, 39.0], [4326.7, 32567.0], [4326.75, 8771.0], [4326.8, 4195.0], [4327.0, 4866.0], [4327.1, 8427.0], [4327.2, 36045.0], [4327.25, 6.0], [4327.4, 75057.0], [4327.45, 8094.0], [4327.6, 2690.0], [4327.75, 8968.0], [4327.8, 2558.0], [4327.85, 8094.0], [4328.0, 431.0], [4328.05, 2426.0], [4328.2, 14087.0], [4328.25, 19995.0]]}}}
{"jsonrpc": "2.0", "method": "subscription", "params": {"channel": "book.ETH-PERPETUAL.none.20.100ms", "data": {"timestamp": 1756498125545, "change_id": 84297548630, "instrument_name": "ETH-PERPETUAL", "bids": [[4325.95, 19161.0], [4325.9, 1800.0], [4325.85, 6000.0], [4325.7, 3900.0], [4325.65, 13000.0], [4325.6, 7706.0], [4325.55, 19984.0], [4325.5, 6093.0], [4325.25, 5366.0], [4325.2, 17275.0], [4325.0, 94619.0], [4324.95, 112155.0], [4324.9, 181440.0], [4324.8, 13747.0], [4324.75, 10100.0], [4324.6, 28440.0], [4324.4, 5036.0], [4324.35, 8027.0], [4324.3, 8760.0], [4324.2, 2400.0]], "asks": [[4326.0, 137194.0], [4326.1, 10.0], [4326.25, 181440.0], [4326.5, 20000.0], [4326.7, 24540.0], [4326.75, 8771.0], [4326.8, 4195.0], [4327.0, 4866.0], [4327.1, 11427.0], [4327.2, 36045.0], [4327.25, 6006.0], [4327.4, 78509.0], [4327.45, 8094.0], [4327.5, 13000.0], [4327.6, 2690.0], [4327.75, 8968.0], [4327.8, 2558.0], [4327.85, 8094.0], [4328.0, 431.0], [4328.05, 2426.0]]}}}
{"jsonrpc": "2.0", "method": "subscription", "params": {"channel": "book.ETH-PERPETUAL.none.20.100ms", "data": {"timestamp": 1756498125880, "change_id": 84297549657, "instrument_name": "ETH-PERPETUAL", "bids": [[4325.95, 19161.0], [4325.9, 1800.0], [4325.85, 6000.0], [4325.75, 9408.0], [4325.7, 19984.0], [4325.65, 13000.0], [4325.35, 4800.0], [4325.2, 16000.0], [4325.0, 94619.0], [4324.95, 112155.0], [4324.9, 181440.0], [4324.8, 13747.0], [4324.75, 10100.0], [4324.6, 28440.0], [4324.4, 5036.0], [4324.35, 8027.0], [4324.3, 8760.0], [4324.2, 8092.0], [4324.15, 8000.0], [4324.05, 19974.0]], "asks": [[4326.0, 137194.0], [4326.25, 181440.0], [4326.5, 20000.0], [4326.75, 8771.0], [4326.8, 4195.0], [4327.0, 11970.0], [4327.1, 32967.0], [4327.2, 36045.0], [4327.25, 6.0], [4327.4, 78509.0], [4327.45, 8094.0], [4327.5, 13000.0], [4327.6, 2690.0], [4327.75, 8968.0], [4327.8, 2558.0], [4327.85, 8094.0], [4328.0, 431.0], [4328.05, 2426.0], [4328.2, 8088.0], [4328.4, 6195.0]]}}}
{"jsonrpc": "2.0", "method": "subscription", "params": {"channel": "book.ETH-PERPETUAL.none.20.100ms", "data": {"timestamp": 1756498126207, "change_id": 84297550172, "instrument_name": "ETH-PERPETUAL", "bids": [[4325.95, 19161.0], [4325.9, 1800.0], [4325.85, 6000.0], [4325.8, 3900.0], [4325.65, 13000.0], [4325.55, 5995.0], [4325.5, 19984.0], [4325.35, 4800.0], [4325.2, 16000.0], [4325.0, 94619.0], [4324.95, 112155.0], [4324.9, 181440.0], [4324.8, 7362.0], [4324.6, 28440.0], [4324.4, 5036.0], [4324.35, 8027.0], [4324.3, 8760.0], [4324.2, 8092.0], [4324.15, 8000.0], [4324.05, 19974.0]], "asks": [[4326.0, 138364.0], [4326.25, 181440.0], [4326.5, 20000.0], [4326.75, 8771.0], [4326.8, 4195.0], [4327.05, 13619.0], [4327.1, 32967.0], [4327.2, 42493.0], [4327.25, 6.0], [4327.4, 88057.0], [4327.45, 8094.0], [4327.6, 2690.0], [4327.75, 8968.0], [4327.8, 2558.0], [4327.85, 8094.0], [4328.0, 431.0], [4328.05, 2426.0], [4328.2, 8088.0], [4328.4, 6195.0], [4328.45, 8109.0]]}}}
{"jsonrpc": "2.0", "method": "subscription", "params": {"channel": "book.ETH-PERPETUAL.none.20.100ms", "data": {"timestamp": 1756498126548, "change_id": 84297550927, "instrument_name": "ETH-PERPETUAL", "bids": [[4325.95, 19161.0], [4325.85, 6000.0], [4325.7, 9408.0], [4325.65, 32984.0], [4325.35, 4800.0], [4325.3, 8000.0], [4325.2, 16000.0], [4325.0, 94619.0], [4324.95, 112155.0], [4324.9, 181440.0], [4324.8, 7362.0], [4324.6, 28440.0], [4324.4, 5036.0], [4324.35, 8027.0], [4324.3, 8760.0], [4324.05, 5326.0], [4324.0, 28495.0], [4323.95, 28001.0], [4323.85, 8760.0], [4323.8, 1312.0]], "asks": [[4326.0, 138346.0], [4326.1, 10.0], [4326.25, 181440.0], [4326.5, 20000.0], [4326.75, 8771.0], [4326.8, 4195.0], [4327.05, 13619.0], [4327.1, 32967.0], [4327.2, 42493.0], [4327.25, 6.0], [4327.35, 1112.0], [4327.4, 75057.0], [4327.45, 8094.0], [4327.6, 2690.0], [4327.75, 8968.0], [4327.8, 2558.0], [4327.85, 8094.0], [4328.0, 431.0], [4328.05, 2426.0], [4328.2, 9108.0]]}}}
{"jsonrpc": "2.0", "method": "subscription", "params": {"channel": "book.ETH-PERPETUAL.none.20.100ms", "data": {"timestamp": 1756498126879, "change_id": 84297551791, "instrument_name": "ETH-PERPETUAL", "bids": [[4325.95, 40961.0], [4325.9, 7570.0], [4325.85, 6000.0], [4325.8, 3900.0], [4325.7, 19984.0], [4325.65, 13000.0], [4325.35, 4800.0], [4325.3, 8000.0], [4325.2, 16000.0], [4325.0, 94619.0], [4324.95, 112155.0], [4324.9, 181440.0], [4324.8, 7362.0], [4324.6, 28440.0], [4324.4, 5036.0], [4324.35, 8027.0], [4324.3, 8760.0], [4324.2, 11318.0], [4324.15, 17752.0], [4324.05, 19974.0]], "asks": [[4326.0, 112128.0], [4326.2, 14300.0], [4326.25, 181440.0], [4326.45, 25000.0], [4326.5, 20000.0], [4326.75, 8771.0], [4326.8, 3995.0], [4327.05, 7211.0], [4327.1, 8427.0], [4327.15, 200.0], [4327.2, 42493.0], [4327.25, 6.0], [4327.4, 99597.0], [4327.45, 8094.0], [4327.6, 6254.0], [4327.65, 13000.0], [4327.75, 8968.0], [4327.8, 2558.0], [4327.85, 8094.0], [4328.0, 431.0]]}}}
{"jsonrpc": "2.0", "method": "subscription", "params": {"channel": "book.ETH-PERPETUAL.none.20.100ms", "data": {"timestamp": 1756498127197, "change_id": 84297552587, "instrument_name": "ETH-PERPETUAL", "bids": [[4325.95, 11002.0], [4325.85, 6000.0], [4325.65, 13000.0], [4325.3, 8000.0], [4325.1, 5995.0], [4325.0, 114602.0], [4324.95, 112155.0], [4324.9, 181440.0], [4324.8, 7362.0], [4324.6, 28440.0], [4324.4, 2408.0], [4324.35, 8027.0], [4324.0, 6650.0], [4323.95, 8027.0], [4323.85, 8760.0], [4323.75, 6646.0], [4323.6, 15489.0], [4323.55, 13315.0], [4323.5, 37726.0], [4323.45, 748.0]], "asks": [[4326.0, 151184.0], [4326.2, 14300.0], [4326.25, 181440.0], [4326.45, 6000.0], [4326.5, 20000.0], [4326.65, 200.0], [4326.7, 3830.0], [4326.75, 8771.0], [4326.8, 3995.0], [4327.05, 5217.0], [4327.1, 8027.0], [4327.2, 36045.0], [4327.25, 6.0], [4327.4, 100709.0], [4327.45, 8094.0], [4327.6, 2690.0], [4327.75, 8968.0], [4327.8, 2558.0], [4327.85, 8094.0], [4328.0, 431.0]]}}}
{"jsonrpc": "2.0", "method": "subscription", "params": {"channel": "book.ETH-PERPETUAL.none.20.100ms", "data": {"timestamp": 1756498127531, "change_id": 84297553442, "instrument_name": "ETH-PERPETUAL", "bids": [[4325.95, 11734.0], [4325.85, 6000.0], [4325.65, 13000.0], [4325.35, 2400.0], [4325.3, 8000.0], [4325.15, 5995.0], [4325.1, 19984.0], [4325.0, 94619.0], [4324.95, 112155.0], [4324.9, 181440.0], [4324.6, 8409.0], [4324.55, 28031.0], [4324.4, 2408.0], [4324.35, 8027.0], [4324.0, 5430.0], [4323.95, 8027.0], [4323.85, 8760.0], [4323.75, 12057.0], [4323.6, 35463.0], [4323.55, 9131.0]], "asks": [[4326.0, 151184.0], [4326.2, 14300.0], [4326.25, 181440.0], [4326.4, 200.0], [4326.5, 20000.0], [4326.7, 6830.0], [4326.75, 8771.0], [4326.8, 3995.0], [4326.95, 8409.0], [4327.0, 28031.0], [4327.05, 8345.0], [4327.1, 8027.0], [4327.2, 49045.0], [4327.25, 6.0], [4327.4, 76169.0], [4327.45, 8094.0], [4327.6, 2690.0], [4327.75, 8968.0], [4327.8, 2558.0], [4327.85, 8094.0]]}}}
{"jsonrpc": "2.0", "method": "subscription", "params": {"channel": "book.ETH-PERPETUAL.none.20.100ms", "data": {"timestamp": 1756498127871, "change_id": 84297554238, "instrument_name": "ETH-PERPETUAL", "bids": [[4325.95, 15907.0], [4325.85, 6000.0], [4325.65, 13000.0], [4325.35, 2400.0], [4325.3, 8000.0], [4325.0, 94619.0], [4324.95, 112155.0], [4324.9, 181440.0], [4324.8, 5995.0], [4324.75, 19984.0], [4324.6, 8409.0], [4324.55, 28031.0], [4324.4, 2408.0], [4324.35, 8027.0], [4324.0, 5430.0], [4323.95, 8027.0], [4323.85, 8760.0], [4323.75, 6646.0], [4323.6, 15489.0], [4323.5, 9131.0]], "asks": [[4326.0, 151184.0], [4326.25, 181440.0], [4326.4, 200.0], [4326.45, 7800.0], [4326.5, 20000.0], [4326.6, 6000.0], [4326.7, 3830.0], [4326.75, 8771.0], [4326.8, 3995.0], [4326.95, 21409.0], [4327.0, 28031.0], [4327.05, 5217.0], [4327.1, 8027.0], [4327.15, 6564.0], [4327.2, 36045.0], [4327.25, 6.0], [4327.4, 76169.0], [4327.45, 8094.0], [4327.6, 2690.0], [4327.75, 8968.0]]}}}
{"jsonrpc": "2.0", "method": "subscription", "params": {"channel": "book.ETH-PERPETUAL.none.20.100ms", "data": {"timestamp": 1756498128206, "change_id": 84297555139, "instrument_name": "ETH-PERPETUAL", "bids": [[4325.95, 2642.0], [4325.3, 8000.0], [4324.9, 181440.0], [4324.45, 19984.0], [4324.4, 2408.0], [4324.35, 8027.0], [4324.1, 28031.0], [4323.95, 8027.0], [4323.75, 1999.0], [4323.6, 15489.0], [4323.45, 748.0], [4323.4, 953.0], [4323.25, 2410.0], [4323.2, 8033.0], [4322.8, 37728.0], [4322.75, 5039.0], [4322.65, 16796.0], [4322.4, 22031.0], [4322.35, 56788.0], [4322.2, 2412.0]], "asks": [[4326.0, 168869.0], [4326.2, 54492.0], [4326.25, 181440.0], [4326.45, 6000.0], [4326.5, 48031.0], [4326.7, 3830.0], [4326.75, 8771.0], [4326.8, 3995.0], [4327.05, 5217.0], [4327.1, 8027.0], [4327.2, 36045.0], [4327.25, 6.0], [4327.4, 76169.0], [4327.45, 8094.0], [4327.6, 2690.0], [4327.75, 8968.0], [4327.8, 22553.0], [4327.85, 8094.0], [4328.0, 1343.0], [4328.05, 2426.0]]}}}
{"jsonrpc": "2.0", "method": "subscription", "params": {"channel": "book.ETH-PERPETUAL.none.20.100ms", "data": {"timestamp": 1756498128524, "change_id": 84297556145, "instrument_name": "ETH-PERPETUAL", "bids": [[4325.65, 15671.0], [4325.6, 3000.0], [4325.45, 13000.0], [4325.3, 8000.0], [4324.95, 35087.0], [4324.9, 181440.0], [4324.75, 22075.0], [4324.6, 6971.0], [4324.4, 2408.0], [4324.35, 8027.0], [4324.1, 28031.0], [4323.95, 8027.0], [4323.75, 1999.0], [4323.6, 15489.0], [4323.45, 748.0], [4323.4, 8548.0], [4323.25, 20163.0], [4323.2, 8033.0], [4323.0, 19975.0], [4322.95, 8029.0]], "asks": [[4325.7, 87015.0], [4325.8, 112019.0], [4325.95, 95.0], [4326.0, 39.0], [4326.2, 54492.0], [4326.25, 181440.0], [4326.3, 11548.0], [4326.45, 13659.0], [4326.5, 48031.0], [4326.7, 7251.0], [4326.75, 8771.0], [4326.8, 16995.0], [4327.05, 5217.0], [4327.1, 8027.0], [4327.2, 36957.0], [4327.25, 6.0], [4327.4, 76169.0], [4327.45, 8094.0], [4327.6, 2690.0], [4327.75, 8968.0]]}}}
{"jsonrpc": "2.0", "method": "subscription", "params": {"channel": "book.ETH-PERPETUAL.none.20.100ms", "data": {"timestamp": 1756498128844, "change_id": 84297556696, "instrument_name": "ETH-PERPETUAL", "bids": [[4325.65, 24392.0], [4325.6, 3000.0], [4325.45, 13000.0], [4325.3, 8000.0], [4324.95, 35087.0], [4324.9, 181440.0], [4324.85, 19984.0], [4324.8, 2091.0], [4324.6, 6971.0], [4324.4, 2408.0], [4324.35, 8027.0], [4324.15, 8409.0], [4324.1, 28031.0], [4323.95, 8027.0], [4323.75, 1999.0], [4323.6, 15489.0], [4323.45, 748.0], [4323.4, 8548.0], [4323.3, 19975.0], [4323.25, 20163.0]], "asks": [[4325.7, 87015.0], [4325.75, 21800.0], [4325.8, 112019.0], [4325.95, 95.0], [4326.0, 39.0], [4326.2, 54492.0], [4326.25, 181440.0], [4326.3, 11548.0], [4326.45, 13659.0], [4326.5, 48031.0], [4326.7, 7251.0], [4326.75, 8771.0], [4326.8, 16995.0], [4327.05, 8022.0], [4327.1, 8027.0], [4327.15, 11014.0], [4327.2, 36045.0], [4327.25, 6.0], [4327.4, 75057.0], [4327.45, 8094.0]]}}}
{"jsonrpc": "2.0", "method": "subscription", "params": {"channel": "book.ETH-PERPETUAL.none.20.100ms", "data": {"timestamp": 1756498129185, "change_id": 84297557778, "instrument_name": "ETH-PERPETUAL", "bids": [[4325.3, 8000.0], [4324.9, 181440.0], [4324.5, 5995.0], [4324.45, 19984.0], [4324.4, 35704.0], [4324.35, 8027.0], [4324.3, 111991.0], [4324.15, 8409.0], [4324.1, 28031.0], [4324.0, 2408.0], [4323.95, 8027.0], [4323.75, 1999.0], [4323.6, 15489.0], [4323.45, 748.0], [4323.25, 2410.0], [4323.2, 8033.0], [4322.95, 8029.0], [4322.8, 17753.0], [4322.75, 5039.0], [4322.7, 19975.0]], "asks": [[4325.35, 187447.0], [4325.5, 1201.0], [4325.55, 21800.0], [4325.65, 21895.0], [4325.7, 8548.0], [4325.75, 181440.0], [4326.0, 39.0], [4326.2, 2564.0], [4326.3, 8548.0], [4326.45, 6000.0], [4326.5, 28031.0], [4326.6, 3830.0], [4326.75, 8771.0], [4326.8, 3995.0], [4327.05, 8022.0], [4327.1, 9138.0], [4327.15, 11014.0], [4327.2, 36045.0], [4327.25, 6.0], [4327.4, 75057.0]]}}}
{"jsonrpc": "2.0", "method": "subscription", "params": {"channel": "book.ETH-PERPETUAL.none.20.100ms", "data": {"timestamp": 1756498129525, "change_id": 84297559000, "instrument_name": "ETH-PERPETUAL", "bids": [[4324.9, 17487.0], [4324.8, 6000.0], [4324.6, 13000.0], [4324.25, 54432.0], [4324.2, 189849.0], [4324.15, 19983.0], [4324.0, 2408.0], [4323.95, 8027.0], [4323.75, 1999.0], [4323.6, 15489.0], [4323.55, 28031.0], [4323.45, 16748.0], [4323.25, 2410.0], [4323.2, 8033.0], [4323.1, 8548.0], [4322.95, 8029.0], [4322.8, 17753.0], [4322.75, 5039.0], [4322.7, 19975.0], [4322.65, 16796.0]], "asks": [[4324.95, 76457.0], [4325.05, 111991.0], [4325.1, 10.0], [4325.3, 95.0], [4325.35, 200.0], [4325.65, 21800.0], [4325.7, 62980.0], [4325.75, 181440.0], [4325.95, 8421.0], [4326.0, 28070.0], [4326.15, 1199.0], [4326.2, 6560.0], [4326.3, 8548.0], [4326.45, 2408.0], [4326.5, 8028.0], [4326.7, 3542.0], [4326.75, 8771.0], [4327.05, 8022.0], [4327.1, 9138.0], [4327.15, 11014.0]]}}}
{"jsonrpc": "2.0", "method": "subscription", "params": {"channel": "book.ETH-PERPETUAL.none.20.100ms", "data": {"timestamp": 1756498129841, "change_id": 84297559578, "instrument_name": "ETH-PERPETUAL", "bids": [[4324.9, 16248.0], [4324.8, 6000.0], [4324.4, 13000.0], [4324.25, 54432.0], [4324.2, 181440.0], [4324.15, 53591.0], [4324.1, 112028.0], [4324.0, 6907.0], [4323.95, 8027.0], [4323.9, 16000.0], [4323.75, 1999.0], [4323.6, 15489.0], [4323.55, 28031.0], [4323.45, 748.0], [4323.25, 2410.0], [4323.2, 8033.0], [4323.1, 8548.0], [4322.95, 8029.0], [4322.8, 37728.0], [4322.75, 5039.0]], "asks": [[4324.95, 98457.0], [4325.0, 15700.0], [4325.05, 111991.0], [4325.1, 10.0], [4325.3, 95.0], [4325.65, 21800.0], [4325.7, 62980.0], [4325.75, 181440.0], [4325.95, 8421.0], [4326.0, 28070.0], [4326.15, 1199.0], [4326.2, 6560.0], [4326.3, 8548.0], [4326.45, 2408.0], [4326.5, 8028.0], [4326.7, 3542.0], [4326.75, 8771.0], [4327.05, 8022.0], [4327.1, 9138.0], [4327.15, 11014.0]]}}}
{"jsonrpc": "2.0", "method": "subscription", "params": {"channel": "book.ETH-PERPETUAL.none.20.100ms", "data": {"timestamp": 1756498130181, "change_id": 84297560744, "instrument_name": "ETH-PERPETUAL", "bids": [[4324.9, 4334.0], [4324.2, 181440.0], [4324.05, 13000.0], [4323.75, 12641.0], [4323.65, 19983.0], [4323.6, 8033.0], [4323.45, 748.0], [4323.25, 2410.0], [4323.2, 8033.0], [4323.0, 2409.0], [4322.95, 8029.0], [4322.7, 17312.0], [4322.65, 8036.0], [4322.6, 7122.0], [4322.5, 47080.0], [4322.45, 17753.0], [4322.4, 2411.0], [4322.35, 8036.0], [4322.25, 19975.0], [4322.2, 2412.0]], "asks": [[4324.95, 110983.0], [4325.0, 103732.0], [4325.05, 111991.0], [4325.1, 10.0], [4325.15, 181440.0], [4325.3, 95.0], [4325.4, 3.0], [4325.6, 9104.0], [4325.65, 21800.0], [4325.7, 8548.0], [4326.0, 39.0], [4326.15, 1199.0], [4326.2, 6560.0], [4326.3, 8548.0], [4326.45, 2408.0], [4326.5, 8028.0], [4326.7, 3542.0], [4326.75, 8771.0], [4327.0, 19995.0], [4327.05, 5217.0]]}}}
{"jsonrpc": "2.0", "method": "subscription", "params": {"channel": "book.ETH-PERPETUAL.none.20.100ms", "data": {"timestamp": 1756498130515, "change_id": 84297562393, "instrument_name": "ETH-PERPETUAL", "bids": [[4324.2, 3072.0], [4323.75, 1999.0], [4323.6, 19984.0], [4323.5, 36450.0], [4323.45, 181440.0], [4323.4, 112000.0], [4323.35, 2410.0], [4323.2, 8033.0], [4323.15, 7809.0], [4323.1, 28031.0], [4323.0, 2409.0], [4322.95, 8029.0], [4322.7, 4547.0], [4322.65, 8036.0], [4322.6, 7122.0], [4322.4, 2411.0], [4322.35, 8136.0], [4322.2, 2442.0], [4322.15, 748.0], [4322.1, 8039.0]], "asks": [[4324.25, 106805.0], [4324.4, 112016.0], [4324.6, 200.0], [4324.85, 22954.0], [4324.9, 30443.0], [4324.95, 21800.0], [4325.0, 70135.0], [4325.15, 181440.0], [4325.4, 8412.0], [4325.45, 28031.0], [4325.5, 3994.0], [4325.6, 4651.0], [4325.7, 8548.0], [4325.8, 8025.0], [4325.95, 911.0], [4326.0, 39.0], [4326.05, 15869.0], [4326.15, 2258.0], [4326.2, 10589.0], [4326.3, 8548.0]]}}}
{"jsonrpc": "2.0", "method": "subscription", "params": {"channel": "book.ETH-PERPETUAL.none.20.100ms", "data": {"timestamp": 1756498130842, "change_id": 84297563921, "instrument_name": "ETH-PERPETUAL", "bids": [[4324.2, 632.0], [4323.45, 181440.0], [4323.15, 13000.0], [4323.0, 5995.0], [4322.85, 19984.0], [4322.8, 5147.0], [4322.65, 8036.0], [4322.6, 7122.0], [4322.55, 1999.0], [4322.4, 19311.0], [4322.35, 8136.0], [4322.3, 28031.0], [4322.25, 16000.0], [4322.2, 2442.0], [4322.15, 748.0], [4322.1, 8039.0], [4322.0, 1311.0], [4321.8, 16299.0], [4321.7, 8039.0], [4321.6, 47297.0]], "asks": [[4324.25, 219000.0], [4324.35, 6000.0], [4324.4, 10.0], [4324.55, 54492.0], [4324.6, 181440.0], [4324.8, 11002.0], [4324.85, 28031.0], [4324.9, 8643.0], [4325.4, 1201.0], [4325.5, 3994.0], [4325.6, 4651.0], [4325.7, 8548.0], [4325.8, 8025.0], [4325.9, 6284.0], [4325.95, 20906.0], [4326.0, 11643.0], [4326.05, 15869.0], [4326.15, 17773.0], [4326.2, 10589.0], [4326.3, 8548.0]]}}}
{"jsonrpc": "2.0", "method": "subscription", "params": {"channel": "book.ETH-PERPETUAL.none.20.100ms", "data": {"timestamp": 1756498131176, "change_id": 84297567228, "instrument_name": "ETH-PERPETUAL", "bids": [[4323.15, 32532.0], [4323.0, 1728.0], [4322.95, 3000.0], [4322.7, 48131.0], [4322.65, 181440.0], [4322.6, 19984.0], [4322.55, 1999.0], [4322.4, 40702.0], [4322.3, 140094.0], [4322.2, 7524.0], [4322.15, 748.0], [4322.1, 8039.0], [4322.05, 16000.0], [4322.0, 100.0], [4321.8, 2412.0], [4321.7, 8039.0], [4321.5, 2412.0], [4321.45, 8039.0], [4321.4, 4400.0], [4321.35, 8548.0]], "asks": [[4323.2, 68401.0], [4323.25, 112063.0], [4323.3, 10.0], [4323.5, 3000.0], [4323.65, 8548.0], [4323.75, 200.0], [4323.85, 54492.0], [4323.9, 181440.0], [4324.0, 27279.0], [4324.05, 85500.0], [4324.2, 8643.0], [4324.35, 8409.0], [4324.4, 29229.0], [4324.45, 3994.0], [4324.7, 2408.0], [4324.75, 8025.0], [4324.8, 2564.0], [4324.9, 8548.0], [4325.1, 2408.0], [4325.15, 8025.0]]}}}
{"jsonrpc": "2.0", "method": "subscription", "params": {"channel": "book.ETH-PERPETUAL.none.20.100ms", "data": {"timestamp": 1756498131504, "change_id": 84297568883, "instrument_name": "ETH-PERPETUAL", "bids": [[4323.15, 36517.0], [4322.7, 13000.0], [4322.65, 181440.0], [4322.55, 1999.0], [4322.4, 5995.0], [4322.25, 19984.0], [4322.2, 2442.0], [4322.15, 748.0], [4322.1, 8039.0], [4322.0, 4900.0], [4321.95, 16000.0], [4321.8, 2412.0], [4321.7, 8039.0], [4321.5, 2412.0], [4321.45, 8039.0], [4321.4, 2564.0], [4321.2, 9598.0], [4321.05, 8039.0], [4320.8, 10368.0], [4320.7, 17753.0]], "asks": [[4323.2, 85308.0], [4323.25, 112063.0], [4323.3, 10.0], [4323.6, 2624.0], [4323.65, 8548.0], [4323.85, 54492.0], [4323.9, 181440.0], [4324.0, 27279.0], [4324.05, 72500.0], [4324.2, 8643.0], [4324.35, 8409.0], [4324.4, 29229.0], [4324.45, 3994.0], [4324.7, 3727.0], [4324.75, 13427.0], [4324.8, 2564.0], [4324.9, 8548.0], [4325.1, 2408.0], [4325.15, 8025.0], [4325.25, 911.0]]}}}
{"jsonrpc": "2.0", "method": "subscription", "params": {"channel": "book.ETH-PERPETUAL.none.20.100ms", "data": {"timestamp": 1756498131838, "change_id": 84297569806, "instrument_name": "ETH-PERPETUAL", "bids": [[4323.15, 32316.0], [4322.7, 65911.0], [4322.65, 181440.0], [4322.55, 1999.0], [4322.5, 19984.0], [4322.3, 100.0], [4322.2, 35976.0], [4322.15, 112799.0], [4322.1, 8039.0], [4322.0, 12609.0], [4321.95, 16000.0], [4321.9, 28031.0], [4321.8, 2412.0], [4321.7, 8039.0], [4321.5, 2412.0], [4321.45, 8039.0], [4321.4, 2564.0], [4321.2, 15933.0], [4321.1, 17753.0], [4321.05, 8039.0]], "asks": [[4323.2, 76949.0], [4323.25, 112063.0], [4323.3, 10.0], [4323.65, 8548.0], [4323.7, 200.0], [4323.85, 54492.0], [4323.9, 181440.0], [4324.0, 27279.0], [4324.05, 72500.0], [4324.2, 8643.0], [4324.35, 8409.0], [4324.4, 29229.0], [4324.45, 3994.0], [4324.7, 3727.0], [4324.75, 13427.0], [4324.8, 2564.0], [4324.9, 8548.0], [4325.1, 2408.0], [4325.15, 8025.0], [4325.25, 911.0]]}}}
{"jsonrpc": "2.0", "method": "subscription", "params": {"channel": "book.ETH-PERPETUAL.none.20.100ms", "data": {"timestamp": 1756498132169, "change_id": 84297570821, "instrument_name": "ETH-PERPETUAL", "bids": [[4323.15, 25985.0], [4322.7, 48611.0], [4322.65, 181440.0], [4322.55, 1999.0], [4322.3, 16100.0], [4322.25, 19984.0], [4322.2, 35976.0], [4322.15, 112799.0], [4322.1, 8039.0], [4322.0, 7809.0], [4321.9, 28031.0], [4321.8, 2412.0], [4321.7, 8039.0], [4321.5, 2412.0], [4321.45, 8039.0], [4321.4, 2564.0], [4321.2, 10909.0], [4321.05, 8039.0], [4320.8, 11032.0], [4320.75, 17753.0]], "asks": [[4323.2, 85308.0], [4323.25, 112063.0], [4323.3, 10.0], [4323.65, 8548.0], [4323.85, 54492.0], [4323.9, 181440.0], [4324.0, 27279.0], [4324.05, 72500.0], [4324.2, 8643.0], [4324.35, 8409.0], [4324.4, 29229.0], [4324.45, 3994.0], [4324.7, 3727.0], [4324.75, 13427.0], [4324.8, 2564.0], [4324.9, 8548.0], [4325.1, 2408.0], [4325.15, 8025.0], [4325.25, 911.0], [4325.3, 5999.0]]}}}
{"jsonrpc": "2.0", "method": "subscription", "params": {"channel": "book.ETH-PERPETUAL.none.20.100ms", "data": {"timestamp": 1756498132508, "change_id": 84297571810, "instrument_name": "ETH-PERPETUAL", "bids": [[4323.15, 30908.0], [4323.1, 3000.0], [4323.0, 6000.0], [4322.7, 48611.0], [4322.65, 181440.0], [4322.55, 1999.0], [4322.4, 10825.0], [4322.35, 20084.0], [4322.3, 16000.0], [4322.2, 35976.0], [4322.15, 112799.0], [4322.1, 8039.0], [4322.0, 7809.0], [4321.9, 28031.0], [4321.8, 2412.0], [4321.7, 8039.0], [4321.5, 2412.0], [4321.45, 8039.0], [4321.4, 2564.0], [4321.2, 10909.0]], "asks": [[4323.2, 76949.0], [4323.25, 112063.0], [4323.3, 10.0], [4323.65, 8548.0], [4323.7, 200.0], [4323.85, 54492.0], [4323.9, 181440.0], [4324.0, 27279.0], [4324.05, 72500.0], [4324.2, 8643.0], [4324.35, 8409.0], [4324.4, 29229.0], [4324.45, 3994.0], [4324.7, 3727.0], [4324.75, 13427.0], [4324.8, 2564.0], [4324.9, 8548.0], [4325.1, 2408.0], [4325.15, 8025.0], [4325.25, 911.0]]}}}
{"jsonrpc": "2.0", "method": "subscription", "params": {"channel": "book.ETH-PERPETUAL.none.20.100ms", "data": {"timestamp": 1756498132833, "change_id": 84297572288, "instrument_name": "ETH-PERPETUAL", "bids": [[4323.15, 22185.0], [4322.7, 48611.0], [4322.65, 181440.0], [4322.55, 1999.0], [4322.35, 24884.0], [4322.3, 16000.0], [4322.2, 35976.0], [4322.15, 112799.0], [4322.1, 8039.0], [4322.0, 7809.0], [4321.9, 28031.0], [4321.8, 2412.0], [4321.7, 8039.0], [4321.5, 2412.0], [4321.45, 8039.0], [4321.4, 2564.0], [4321.2, 10909.0], [4321.05, 8039.0], [4320.95, 5992.0], [4320.85, 19974.0]], "asks": [[4323.2, 85736.0], [4323.25, 112063.0], [4323.3, 10.0], [4323.65, 8548.0], [4323.85, 54492.0], [4323.9, 181440.0], [4324.0, 27279.0], [4324.05, 72500.0], [4324.2, 8643.0], [4324.35, 8409.0], [4324.4, 29229.0], [4324.45, 3994.0], [4324.7, 3727.0], [4324.75, 13427.0], [4324.8, 2564.0], [4324.9, 8548.0], [4325.1, 2408.0], [4325.15, 8025.0], [4325.25, 911.0], [4325.4, 8108.0]]}}}
{"jsonrpc": "2.0", "method": "subscription", "params": {"channel": "book.ETH-PERPETUAL.none.20.100ms", "data": {"timestamp": 1756498133157, "change_id": 84297574079, "instrument_name": "ETH-PERPETUAL", "bids": [[4322.45, 10.0], [4322.3, 100.0], [4322.15, 748.0], [4321.95, 32148.0], [4321.9, 181440.0], [4321.8, 112011.0], [4321.75, 22994.0], [4321.7, 8039.0], [4321.6, 3011.0], [4321.45, 10038.0], [4321.4, 10638.0], [4321.3, 28031.0], [4321.2, 10909.0], [4321.05, 8039.0], [4320.7, 2412.0], [4320.65, 8039.0], [4320.5, 2612.0], [4320.45, 8039.0], [4320.3, 5992.0], [4320.25, 17753.0]], "asks": [[4322.5, 8159.0], [4322.55, 400.0], [4322.65, 95.0], [4322.7, 146760.0], [4322.85, 10.0], [4322.95, 6540.0], [4323.0, 28017.0], [4323.05, 200.0], [4323.2, 74024.0], [4323.4, 181440.0], [4323.6, 10653.0], [4323.65, 8548.0], [4323.8, 28031.0], [4323.9, 1199.0], [4323.95, 3997.0], [4324.0, 27279.0], [4324.05, 72500.0], [4324.2, 10957.0], [4324.25, 8031.0], [4324.7, 9561.0]]}}}
{"jsonrpc": "2.0", "method": "subscription", "params": {"channel": "book.ETH-PERPETUAL.none.20.100ms", "data": {"timestamp": 1756498133503, "change_id": 84297575860, "instrument_name": "ETH-PERPETUAL", "bids": [[4322.3, 14712.0], [4322.1, 8000.0], [4321.9, 181440.0], [4321.5, 3011.0], [4321.45, 10038.0], [4321.4, 4944.0], [4321.25, 19984.0], [4321.2, 2412.0], [4321.05, 8039.0], [4320.9, 4800.0], [4320.85, 16000.0], [4320.7, 2412.0], [4320.65, 8039.0], [4320.55, 2472.0], [4320.5, 200.0], [4320.45, 8039.0], [4320.25, 748.0], [4320.2, 6391.0], [4320.15, 12115.0], [4320.0, 11641.0]], "asks": [[4322.35, 63518.0], [4322.4, 95.0], [4322.45, 112011.0], [4322.75, 54492.0], [4322.8, 181440.0], [4322.95, 6540.0], [4323.0, 23004.0], [4323.2, 428.0], [4323.25, 8409.0], [4323.3, 28031.0], [4323.45, 3608.0], [4323.5, 8031.0], [4323.6, 6561.0], [4323.65, 8548.0], [4323.85, 2409.0], [4323.9, 8031.0], [4324.0, 28390.0], [4324.05, 72500.0], [4324.2, 16655.0], [4324.25, 8031.0]]}}}
{"jsonrpc": "2.0", "method": "subscription", "params": {"channel": "book.ETH-PERPETUAL.none.20.100ms", "data": {"timestamp": 1756498133826, "change_id": 84297576747, "instrument_name": "ETH-PERPETUAL", "bids": [[4322.3, 6256.0], [4322.05, 3000.0], [4322.0, 100.0], [4321.9, 181440.0], [4321.5, 13000.0], [4321.45, 43641.0], [4321.4, 116955.0], [4321.25, 19984.0], [4321.2, 2412.0], [4321.05, 8039.0], [4320.9, 12609.0], [4320.85, 44031.0], [4320.7, 2412.0], [4320.65, 8039.0], [4320.55, 2472.0], [4320.5, 200.0], [4320.45, 8039.0], [4320.25, 748.0], [4320.2, 6391.0], [4320.15, 12115.0]], "asks": [[4322.35, 63518.0], [4322.4, 3095.0], [4322.45, 162011.0], [4322.55, 6000.0], [4322.75, 54492.0], [4322.8, 181440.0], [4322.9, 4261.0], [4322.95, 13000.0], [4323.0, 1204.0], [4323.2, 428.0], [4323.25, 8409.0], [4323.3, 28031.0], [4323.45, 3608.0], [4323.5, 8031.0], [4323.6, 6561.0], [4323.65, 8548.0], [4323.85, 2409.0], [4323.9, 8031.0], [4324.0, 28390.0], [4324.05, 72500.0]]}}}
{"jsonrpc": "2.0", "method": "subscription", "params": {"channel": "book.ETH-PERPETUAL.none.20.100ms", "data": {"timestamp": 1756498134153, "change_id": 84297578036, "instrument_name": "ETH-PERPETUAL", "bids": [[4322.3, 1560.0], [4322.0, 100.0], [4321.45, 1999.0], [4321.4, 181440.0], [4321.2, 2412.0], [4321.1, 19983.0], [4321.05, 8039.0], [4320.9, 7809.0], [4320.85, 28031.0], [4320.7, 2412.0], [4320.65, 8039.0], [4320.55, 2472.0], [4320.5, 200.0], [4320.45, 8039.0], [4320.25, 748.0], [4320.15, 12115.0], [4320.0, 2864.0], [4319.9, 8181.0], [4319.65, 8182.0], [4319.6, 60825.0]], "asks": [[4322.35, 69123.0], [4322.4, 53498.0], [4322.45, 168011.0], [4322.75, 54492.0], [4322.8, 181440.0], [4323.0, 1204.0], [4323.2, 428.0], [4323.25, 8409.0], [4323.3, 28031.0], [4323.45, 3608.0], [4323.5, 8031.0], [4323.6, 6561.0], [4323.65, 8548.0], [4323.85, 2409.0], [4323.9, 8031.0], [4324.0, 48385.0], [4324.05, 72500.0], [4324.2, 10957.0], [4324.25, 8031.0], [4324.4, 20182.0]]}}}
{"jsonrpc": "2.0", "method": "subscription", "params": {"channel": "book.ETH-PERPETUAL.none.20.100ms", "data": {"timestamp": 1756498134458, "change_id": 84297579363, "instrument_name": "ETH-PERPETUAL", "bids": [[4322.0, 100.0], [4321.45, 1999.0], [4321.4, 181440.0], [4320.9, 19984.0], [4320.7, 4499.0], [4320.55, 2472.0], [4320.5, 200.0], [4320.45, 8039.0], [4320.25, 748.0], [4320.2, 3758.0], [4320.15, 12115.0], [4320.0, 2864.0], [4319.9, 8181.0], [4319.7, 2455.0], [4319.65, 8182.0], [4319.6, 5183.0], [4319.45, 17278.0], [4319.4, 15377.0], [4319.35, 8182.0], [4319.3, 26300.0]], "asks": [[4322.05, 175558.0], [4322.2, 50251.0], [4322.25, 181440.0], [4322.3, 95.0], [4322.4, 16800.0], [4322.45, 50000.0], [4323.0, 1204.0], [4323.15, 2537.0], [4323.2, 8458.0], [4323.25, 8409.0], [4323.3, 32027.0], [4323.4, 5117.0], [4323.45, 9025.0], [4323.5, 8031.0], [4323.6, 2564.0], [4323.65, 8548.0], [4323.75, 911.0], [4323.85, 8440.0], [4323.9, 8031.0], [4324.0, 48386.0]]}}}
{"jsonrpc": "2.0", "method": "subscription", "params": {"channel": "book.ETH-PERPETUAL.none.20.100ms", "data": {"timestamp": 1756498134817, "change_id": 84297581377, "instrument_name": "ETH-PERPETUAL", "bids": [[4321.65, 8183.0], [4320.8, 13972.0], [4320.6, 50014.0], [4320.55, 50921.0], [4320.5, 181640.0], [4320.45, 10857.0], [4320.4, 16000.0], [4320.25, 748.0], [4320.2, 3758.0], [4320.15, 12115.0], [4320.0, 2864.0], [4319.9, 8181.0], [4319.75, 2455.0], [4319.65, 8182.0], [4319.4, 15039.0], [4319.35, 8182.0], [4319.3, 17752.0], [4319.25, 19974.0], [4319.2, 24608.0], [4319.15, 8181.0]], "asks": [[4321.7, 174966.0], [4322.0, 95.0], [4322.2, 54432.0], [4322.25, 181440.0], [4322.4, 15060.0], [4322.45, 50000.0], [4322.5, 200.0], [4322.9, 1560.0], [4322.95, 3996.0], [4323.0, 1204.0], [4323.1, 10947.0], [4323.15, 29141.0], [4323.2, 8458.0], [4323.4, 5117.0], [4323.45, 9025.0], [4323.5, 8031.0], [4323.6, 2564.0], [4323.65, 8548.0], [4323.75, 911.0], [4323.85, 8107.0]]}}}
{"jsonrpc": "2.0", "method": "subscription", "params": {"channel": "book.ETH-PERPETUAL.none.20.100ms", "data": {"timestamp": 1756498135160, "change_id": 84297582708, "instrument_name": "ETH-PERPETUAL", "bids": [[4321.25, 8002.0], [4320.6, 1999.0], [4320.55, 70905.0], [4320.5, 181640.0], [4320.4, 16000.0], [4320.25, 748.0], [4320.2, 3758.0], [4320.15, 12115.0], [4320.0, 30895.0], [4319.9, 8181.0], [4319.75, 2455.0], [4319.65, 8182.0], [4319.5, 1311.0], [4319.4, 2455.0], [4319.35, 8182.0], [4319.2, 2454.0], [4319.15, 8181.0], [4318.9, 8181.0], [4318.8, 17752.0], [4318.75, 14499.0]], "asks": [[4321.3, 42107.0], [4321.45, 210.0], [4321.5, 1201.0], [4321.65, 95.0], [4321.7, 74432.0], [4321.75, 181440.0], [4322.4, 21527.0], [4322.45, 58030.0], [4322.55, 3996.0], [4322.6, 28031.0], [4322.8, 3969.0], [4322.85, 8030.0], [4322.95, 3996.0], [4323.0, 1204.0], [4323.1, 2870.0], [4323.15, 1110.0], [4323.2, 8458.0], [4323.35, 19996.0], [4323.4, 10476.0], [4323.45, 9025.0]]}}}
{"jsonrpc": "2.0", "method": "subscription", "params": {"channel": "book.ETH-PERPETUAL.none.20.100ms", "data": {"timestamp": 1756498135506, "change_id": 84297583933, "instrument_name": "ETH-PERPETUAL", "bids": [[4321.25, 52.0], [4320.9, 10037.0], [4320.6, 1999.0], [4320.5, 181640.0], [4320.35, 13000.0], [4320.25, 748.0], [4320.2, 12167.0], [4320.15, 12115.0], [4320.05, 19984.0], [4320.0, 30895.0], [4319.9, 8181.0], [4319.75, 2455.0], [4319.65, 8182.0], [4319.4, 2455.0], [4319.35, 8182.0], [4319.2, 2454.0], [4319.15, 8181.0], [4318.95, 20903.0], [4318.9, 55166.0], [4318.75, 4102.0]], "asks": [[4321.3, 175552.0], [4321.45, 10.0], [4321.65, 95.0], [4321.7, 54432.0], [4321.75, 181440.0], [4322.4, 21527.0], [4322.45, 58030.0], [4322.55, 3996.0], [4322.6, 28031.0], [4322.8, 2770.0], [4322.85, 8030.0], [4323.0, 1204.0], [4323.05, 911.0], [4323.1, 8510.0], [4323.15, 21106.0], [4323.2, 8458.0], [4323.4, 2409.0], [4323.5, 8031.0], [4323.6, 7849.0], [4323.65, 8548.0]]}}}
{"jsonrpc": "2.0", "method": "subscription", "params": {"channel": "book.ETH-PERPETUAL.none.20.100ms", "data": {"timestamp": 1756498135829, "change_id": 84297584671, "instrument_name": "ETH-PERPETUAL", "bids": [[4321.25, 52.0], [4320.6, 1999.0], [4320.5, 181640.0], [4320.25, 34371.0], [4320.2, 124245.0], [4320.15, 12115.0], [4320.05, 19984.0], [4320.0, 35389.0], [4319.95, 16000.0], [4319.9, 8181.0], [4319.75, 2455.0], [4319.65, 8182.0], [4319.4, 2455.0], [4319.35, 8182.0], [4319.2, 2454.0], [4319.15, 8181.0], [4318.95, 20903.0], [4318.9, 55166.0], [4318.75, 4102.0], [4318.7, 8841.0]], "asks": [[4321.3, 175552.0], [4321.45, 10.0], [4321.65, 95.0], [4321.7, 54432.0], [4321.75, 181440.0], [4322.05, 8409.0], [4322.1, 28031.0], [4322.4, 21527.0], [4322.45, 58030.0], [4322.55, 3996.0], [4322.8, 2770.0], [4322.85, 8030.0], [4323.0, 1204.0], [4323.05, 911.0], [4323.1, 8510.0], [4323.15, 21106.0], [4323.2, 8458.0], [4323.4, 7440.0], [4323.45, 17773.0], [4323.5, 8031.0]]}}}
{"jsonrpc": "2.0", "method": "subscription", "params": {"channel": "book.ETH-PERPETUAL.none.20.100ms", "data": {"timestamp": 1756498136173, "change_id": 84297586066, "instrument_name": "ETH-PERPETUAL", "bids": [[4320.6, 18714.0], [4320.55, 3095.0], [4320.5, 169649.0], [4320.3, 13000.0], [4320.25, 36396.0], [4320.2, 112078.0], [4320.15, 4067.0], [4320.05, 28516.0], [4320.0, 35389.0], [4319.95, 16000.0], [4319.9, 8181.0], [4319.75, 2455.0], [4319.65, 8182.0], [4319.4, 4712.0], [4319.35, 8182.0], [4319.25, 8548.0], [4319.2, 2454.0], [4319.15, 8181.0], [4318.95, 20903.0], [4318.9, 55166.0]], "asks": [[4320.65, 54360.0], [4320.75, 112084.0], [4321.2, 181440.0], [4321.25, 8548.0], [4321.45, 200.0], [4321.65, 95.0], [4321.85, 1199.0], [4321.9, 3996.0], [4322.0, 10818.0], [4322.1, 28031.0], [4322.2, 8030.0], [4322.4, 21527.0], [4322.45, 63891.0], [4322.8, 2770.0], [4322.85, 8030.0], [4322.9, 400.0], [4323.0, 1204.0], [4323.05, 911.0], [4323.1, 8510.0], [4323.15, 21106.0]]}}}
{"jsonrpc": "2.0", "method": "subscription", "params": {"channel": "book.ETH-PERPETUAL.none.20.100ms", "data": {"timestamp": 1756498136515, "change_id": 84297586920, "instrument_name": "ETH-PERPETUAL", "bids": [[4320.6, 24597.0], [4320.55, 3137.0], [4320.5, 169649.0], [4320.4, 8000.0], [4320.3, 13000.0], [4320.25, 36396.0], [4320.2, 112078.0], [4320.15, 4067.0], [4320.1, 19984.0], [4320.05, 8532.0], [4320.0, 35389.0], [4319.95, 16000.0], [4319.9, 8181.0], [4319.75, 2455.0], [4319.65, 8182.0], [4319.4, 4712.0], [4319.35, 8182.0], [4319.25, 8548.0], [4319.2, 2454.0], [4319.15, 8181.0]], "asks": [[4320.65, 45400.0], [4320.75, 112084.0], [4321.2, 181640.0], [4321.25, 8548.0], [4321.65, 95.0], [4321.85, 1199.0], [4321.9, 3996.0], [4322.0, 10818.0], [4322.1, 28031.0], [4322.2, 8030.0], [4322.4, 21527.0], [4322.45, 63891.0], [4322.8, 2770.0], [4322.85, 8030.0], [4323.0, 1204.0], [4323.05, 911.0], [4323.1, 2870.0], [4323.2, 26677.0], [4323.25, 19996.0], [4323.3, 46198.0]]}}}
{"jsonrpc": "2.0", "method": "subscription", "params": {"channel": "book.ETH-PERPETUAL.none.20.100ms", "data": {"timestamp": 1756498136846, "change_id": 84297587876, "instrument_name": "ETH-PERPETUAL", "bids": [[4320.6, 18347.0], [4320.55, 3137.0], [4320.5, 169649.0], [4320.4, 8000.0], [4320.2, 7170.0], [4320.15, 4067.0], [4320.05, 19984.0], [4320.0, 45724.0], [4319.95, 16000.0], [4319.9, 8181.0], [4319.8, 112026.0], [4319.75, 10557.0], [4319.65, 8182.0], [4319.6, 28031.0], [4319.4, 2455.0], [4319.35, 8182.0], [4319.2, 2454.0], [4319.15, 8181.0], [4318.95, 2847.0], [4318.9, 8181.0]], "asks": [[4320.65, 33159.0], [4320.75, 112084.0], [4321.2, 181640.0], [4321.25, 8548.0], [4321.65, 95.0], [4321.85, 1199.0], [4321.9, 3996.0], [4322.0, 10818.0], [4322.1, 28031.0], [4322.2, 8030.0], [4322.4, 21527.0], [4322.45, 63891.0], [4322.6, 1110.0], [4322.8, 2770.0], [4322.85, 8030.0], [4323.0, 4415.0], [4323.05, 911.0], [4323.2, 26677.0], [4323.3, 46198.0], [4323.35, 19996.0]]}}}
{"jsonrpc": "2.0", "method": "subscription", "params": {"channel": "book.ETH-PERPETUAL.none.20.100ms", "data": {"timestamp": 1756498137173, "change_id": 84297588660, "instrument_name": "ETH-PERPETUAL", "bids": [[4320.55, 3137.0], [4320.5, 169649.0], [4320.15, 4067.0], [4320.0, 45724.0], [4319.95, 35984.0], [4319.9, 8181.0], [4319.8, 112026.0], [4319.75, 2455.0], [4319.65, 8182.0], [4319.6, 8409.0], [4319.55, 28031.0], [4319.4, 2455.0], [4319.35, 8182.0], [4319.2, 4339.0], [4319.15, 8181.0], [4319.05, 7305.0], [4318.95, 2847.0], [4318.9, 8181.0], [4318.85, 1310.0], [4318.75, 4102.0]], "asks": [[4320.6, 8254.0], [4320.65, 26601.0], [4320.75, 112084.0], [4321.2, 184204.0], [4321.25, 8548.0], [4321.7, 2410.0], [4321.75, 8034.0], [4321.85, 1199.0], [4321.9, 3996.0], [4322.0, 10818.0], [4322.1, 28031.0], [4322.2, 8030.0], [4322.4, 21527.0], [4322.45, 63891.0], [4322.8, 2770.0], [4322.85, 8030.0], [4323.0, 9662.0], [4323.05, 911.0], [4323.15, 19996.0], [4323.2, 26677.0]]}}}
{"jsonrpc": "2.0", "method": "subscription", "params": {"channel": "book.ETH-PERPETUAL.none.20.100ms", "data": {"timestamp": 1756498137509, "change_id": 84297589304, "instrument_name": "ETH-PERPETUAL", "bids": [[4320.55, 24635.0], [4320.5, 163649.0], [4320.2, 1343.0], [4320.15, 4067.0], [4320.0, 45724.0], [4319.95, 19984.0], [4319.9, 8181.0], [4319.8, 112026.0], [4319.75, 2455.0], [4319.65, 8182.0], [4319.6, 8409.0], [4319.55, 28031.0], [4319.4, 2455.0], [4319.35, 8182.0], [4319.2, 4339.0], [4319.15, 8181.0], [4319.05, 7305.0], [4318.95, 2847.0], [4318.9, 8181.0], [4318.85, 1310.0]], "asks": [[4320.6, 95.0], [4320.65, 25400.0], [4320.75, 112084.0], [4321.2, 181640.0], [4321.25, 8548.0], [4321.65, 2410.0], [4321.75, 8034.0], [4321.85, 1199.0], [4321.9, 3996.0], [4322.0, 10818.0], [4322.1, 28031.0], [4322.2, 8030.0], [4322.4, 22637.0], [4322.45, 63891.0], [4322.8, 2770.0], [4322.85, 8030.0], [4323.0, 4015.0], [4323.05, 911.0], [4323.2, 26677.0], [4323.25, 19996.0]]}}}
{"jsonrpc": "2.0", "method": "subscription", "params": {"channel": "book.ETH-PERPETUAL.none.20.100ms", "data": {"timestamp": 1756498137837, "change_id": 84297589793, "instrument_name": "ETH-PERPETUAL", "bids": [[4320.55, 16476.0], [4320.5, 163649.0], [4320.45, 6000.0], [4320.25, 13000.0], [4320.2, 1343.0], [4320.15, 4067.0], [4320.0, 45724.0], [4319.9, 8181.0], [4319.85, 19984.0], [4319.8, 112026.0], [4319.75, 2455.0], [4319.65, 8182.0], [4319.6, 8409.0], [4319.55, 28031.0], [4319.4, 2455.0], [4319.35, 8182.0], [4319.2, 4339.0], [4319.15, 8181.0], [4319.05, 7305.0], [4318.95, 2847.0]], "asks": [[4320.6, 120284.0], [4320.65, 25400.0], [4321.2, 181640.0], [4321.25, 8548.0], [4321.65, 2410.0], [4321.75, 8034.0], [4321.85, 1199.0], [4321.9, 3996.0], [4322.0, 10818.0], [4322.1, 28031.0], [4322.2, 8030.0], [4322.4, 21527.0], [4322.45, 58030.0], [4322.8, 2770.0], [4322.85, 8030.0], [4323.0, 9662.0], [4323.05, 911.0], [4323.15, 19996.0], [4323.2, 26677.0], [4323.3, 46198.0]]}}}
{"jsonrpc": "2.0", "method": "subscription", "params": {"channel": "book.ETH-PERPETUAL.none.20.100ms", "data": {"timestamp": 1756498138165, "change_id": 84297591228, "instrument_name": "ETH-PERPETUAL", "bids": [[4320.2, 23598.0], [4320.15, 4067.0], [4320.0, 410.0], [4319.85, 81309.0], [4319.8, 293466.0], [4319.75, 5995.0], [4319.7, 19984.0], [4319.4, 10557.0], [4319.35, 8182.0], [4319.3, 28031.0], [4319.2, 4339.0], [4319.15, 8181.0], [4319.05, 7305.0], [4318.95, 4717.0], [4318.9, 8181.0], [4318.85, 8730.0], [4318.75, 2454.0], [4318.65, 8181.0], [4318.55, 13548.0], [4318.5, 17752.0]], "asks": [[4320.25, 25000.0], [4320.5, 95.0], [4320.55, 1201.0], [4320.6, 112030.0], [4320.65, 400.0], [4321.2, 181640.0], [4321.25, 8548.0], [4321.45, 1200.0], [4321.5, 3999.0], [4321.65, 6409.0], [4321.75, 8034.0], [4321.85, 2261.0], [4321.95, 8036.0], [4322.0, 10818.0], [4322.1, 28031.0], [4322.2, 8030.0], [4322.25, 1110.0], [4322.4, 21527.0], [4322.45, 58030.0], [4322.8, 2770.0]]}}}
{"jsonrpc": "2.0", "method": "subscription", "params": {"channel": "book.ETH-PERPETUAL.none.20.100ms", "data": {"timestamp": 1756498138420, "change_id": 84297591587, "instrument_name": "ETH-PERPETUAL", "bids": [[4320.2, 42013.0], [4320.15, 5990.0], [4320.1, 6000.0], [4320.0, 410.0], [4319.95, 13000.0], [4319.9, 19984.0], [4319.85, 81309.0], [4319.8, 293466.0], [4319.4, 10557.0], [4319.35, 8182.0], [4319.3, 28031.0], [4319.2, 12806.0], [4319.15, 8181.0], [4319.05, 7305.0], [4319.0, 29010.0], [4318.95, 4717.0], [4318.9, 8181.0], [4318.85, 8730.0], [4318.75, 2454.0], [4318.65, 8181.0]], "asks": [[4320.25, 25000.0], [4320.5, 95.0], [4320.55, 1201.0], [4320.6, 112030.0], [4320.65, 400.0], [4321.2, 181640.0], [4321.25, 8548.0], [4321.3, 3000.0], [4321.45, 1200.0], [4321.5, 3999.0], [4321.65, 2410.0], [4321.75, 8034.0], [4321.8, 6895.0], [4321.85, 16374.0], [4321.95, 8036.0], [4322.0, 10818.0], [4322.1, 28031.0], [4322.2, 8030.0], [4322.4, 21527.0], [4322.45, 58030.0]]}}}
{"jsonrpc": "2.0", "method": "subscription", "params": {"channel": "book.ETH-PERPETUAL.none.20.100ms", "data": {"timestamp": 1756498138835, "change_id": 84297592766, "instrument_name": "ETH-PERPETUAL", "bids": [[4320.45, 27163.0], [4320.35, 6000.0], [4320.3, 19984.0], [4320.25, 9382.0], [4320.2, 26885.0], [4320.15, 4067.0], [4320.0, 410.0], [4319.85, 109340.0], [4319.8, 293466.0], [4319.4, 2455.0], [4319.35, 8182.0], [4319.2, 12806.0], [4319.15, 8181.0], [4319.05, 25057.0], [4319.0, 29010.0], [4318.95, 9809.0], [4318.9, 8181.0], [4318.85, 8730.0], [4318.8, 19974.0], [4318.75, 2454.0]], "asks": [[4320.5, 25095.0], [4320.65, 111979.0], [4321.2, 181440.0], [4321.25, 8548.0], [4321.5, 3999.0], [4321.6, 200.0], [4321.65, 2410.0], [4321.75, 8034.0], [4321.8, 3423.0], [4321.85, 3374.0], [4321.95, 8036.0], [4322.0, 10818.0], [4322.1, 28031.0], [4322.2, 8030.0], [4322.4, 21527.0], [4322.45, 58030.0], [4322.8, 2770.0], [4322.85, 8030.0], [4323.0, 4015.0], [4323.05, 911.0]]}}}
{"jsonrpc": "2.0", "method": "subscription", "params": {"channel": "book.ETH-PERPETUAL.none.20.100ms", "data": {"timestamp": 1756498139150, "change_id": 84297594280, "instrument_name": "ETH-PERPETUAL", "bids": [[4321.1, 19004.0], [4321.0, 6000.0], [4320.6, 19984.0], [4320.5, 21795.0], [4320.4, 111979.0], [4320.35, 28031.0], [4320.3, 181440.0], [4320.2, 42.0], [4320.15, 4067.0], [4320.0, 410.0], [4319.9, 2412.0], [4319.85, 8041.0], [4319.4, 8140.0], [4319.35, 8182.0], [4319.25, 19974.0], [4319.2, 4934.0], [4319.15, 8181.0], [4319.05, 7305.0], [4318.95, 5073.0], [4318.9, 8181.0]], "asks": [[4321.15, 9360.0], [4321.25, 8548.0], [4321.5, 112029.0], [4321.85, 56843.0], [4321.9, 181440.0], [4321.95, 8036.0], [4322.15, 2409.0], [4322.2, 8030.0], [4322.35, 1260.0], [4322.4, 21942.0], [4322.45, 58030.0], [4322.55, 1110.0], [4322.8, 10833.0], [4322.85, 8030.0], [4322.9, 28031.0], [4323.0, 4015.0], [4323.05, 911.0], [4323.2, 8458.0], [4323.3, 400.0], [4323.4, 2409.0]]}}}
{"jsonrpc": "2.0", "method": "subscription", "params": {"channel": "book.ETH-PERPETUAL.none.20.100ms", "data": {"timestamp": 1756498139492, "change_id": 84297595474, "instrument_name": "ETH-PERPETUAL", "bids": [[4321.05, 19046.0], [4321.0, 95.0], [4320.95, 6000.0], [4320.8, 42.0], [4320.4, 131962.0], [4320.35, 40554.0], [4320.3, 181440.0], [4320.2, 1343.0], [4320.15, 4067.0], [4320.0, 410.0], [4319.9, 2412.0], [4319.85, 8041.0], [4319.4, 2848.0], [4319.35, 8182.0], [4319.2, 10702.0], [4319.15, 8181.0], [4319.05, 7305.0], [4319.0, 17752.0], [4318.95, 17814.0], [4318.9, 8181.0]], "asks": [[4321.1, 44389.0], [4321.2, 10.0], [4321.5, 112029.0], [4321.55, 20000.0], [4321.85, 59662.0], [4321.9, 190170.0], [4321.95, 8036.0], [4322.15, 2409.0], [4322.2, 17452.0], [4322.25, 4000.0], [4322.3, 28031.0], [4322.4, 17742.0], [4322.45, 58030.0], [4322.8, 2770.0], [4322.85, 8030.0], [4323.0, 2811.0], [4323.2, 8458.0], [4323.3, 400.0], [4323.4, 8107.0], [4323.5, 8031.0]]}}}
{"jsonrpc": "2.0", "method": "subscription", "params": {"channel": "book.ETH-PERPETUAL.none.20.100ms", "data": {"timestamp": 1756498139825, "change_id": 84297596371, "instrument_name": "ETH-PERPETUAL", "bids": [[4321.05, 33400.0], [4321.0, 21939.0], [4320.95, 6000.0], [4320.8, 3942.0], [4320.75, 13000.0], [4320.45, 33594.0], [4320.4, 111979.0], [4320.35, 40554.0], [4320.3, 197440.0], [4320.15, 4067.0], [4320.05, 8532.0], [4320.0, 30853.0], [4319.85, 8041.0], [4319.4, 12761.0], [4319.35, 8182.0], [4319.25, 17752.0], [4319.2, 24620.0], [4319.15, 8181.0], [4319.05, 7305.0], [4318.95, 17814.0]], "asks": [[4321.1, 35029.0], [4321.15, 111988.0], [4321.2, 10.0], [4321.7, 20000.0], [4321.9, 190170.0], [4321.95, 8036.0], [4322.15, 2609.0], [4322.2, 9230.0], [4322.25, 4000.0], [4322.4, 17742.0], [4322.45, 58030.0], [4322.8, 10472.0], [4322.85, 36061.0], [4323.0, 2811.0], [4323.2, 8458.0], [4323.3, 400.0], [4323.4, 2409.0], [4323.5, 8031.0], [4323.6, 2564.0], [4323.65, 8548.0]]}}}
{"jsonrpc": "2.0", "method": "subscription", "params": {"channel": "book.ETH-PERPETUAL.none.20.100ms", "data": {"timestamp": 1756498140158, "change_id": 84297597402, "instrument_name": "ETH-PERPETUAL", "bids": [[4321.05, 59451.0], [4321.0, 1908.0], [4320.95, 6000.0], [4320.8, 3942.0], [4320.75, 13000.0], [4320.6, 5560.0], [4320.55, 28031.0], [4320.45, 33594.0], [4320.4, 111979.0], [4320.35, 40554.0], [4320.3, 197440.0], [4320.2, 1343.0], [4320.15, 4067.0], [4320.0, 2822.0], [4319.85, 8041.0], [4319.75, 2619.0], [4319.7, 8730.0], [4319.5, 5993.0], [4319.45, 19975.0], [4319.4, 7780.0]], "asks": [[4321.1, 1204.0], [4321.25, 10.0], [4321.9, 190170.0], [4322.2, 8030.0], [4322.25, 4000.0], [4322.45, 58030.0], [4322.55, 25200.0], [4322.85, 36061.0], [4323.0, 2811.0], [4323.2, 8458.0], [4323.3, 400.0], [4323.4, 2409.0], [4323.5, 8031.0], [4323.6, 2564.0], [4323.65, 8548.0], [4323.8, 2409.0], [4323.9, 8031.0], [4324.0, 39790.0], [4324.05, 72500.0], [4324.1, 45173.0]]}}}
{"jsonrpc": "2.0", "method": "subscription", "params": {"channel": "book.ETH-PERPETUAL.none.20.100ms", "data": {"timestamp": 1756498140489, "change_id": 84297598341, "instrument_name": "ETH-PERPETUAL", "bids": [[4321.05, 149250.0], [4321.0, 95.0], [4320.95, 119970.0], [4320.85, 60005.0], [4320.8, 185340.0], [4320.75, 13000.0], [4320.2, 1343.0], [4320.15, 4067.0], [4320.0, 410.0], [4319.9, 2412.0], [4319.85, 8041.0], [4319.8, 8612.0], [4319.75, 19975.0], [4319.7, 8730.0], [4319.5, 5326.0], [4319.45, 17752.0], [4319.4, 2848.0], [4319.35, 8182.0], [4319.2, 5957.0], [4319.15, 8181.0]], "asks": [[4321.1, 1204.0], [4321.85, 136971.0], [4321.9, 190170.0], [4322.45, 50000.0], [4322.55, 200.0], [4322.65, 8644.0], [4322.7, 24001.0], [4322.8, 2409.0], [4322.85, 8030.0], [4323.0, 6086.0], [4323.05, 13000.0], [4323.2, 8458.0], [4323.3, 8809.0], [4323.35, 28031.0], [4323.4, 2409.0], [4323.5, 8031.0], [4323.6, 2564.0], [4323.65, 8548.0], [4323.8, 2409.0], [4323.9, 8031.0]]}}}
{"jsonrpc": "2.0", "method": "subscription", "params": {"channel": "book.ETH-PERPETUAL.none.20.100ms", "data": {"timestamp": 1756498140817, "change_id": 84297599014, "instrument_name": "ETH-PERPETUAL", "bids": [[4321.05, 129266.0], [4321.0, 95.0], [4320.95, 119970.0], [4320.85, 79989.0], [4320.8, 185340.0], [4320.75, 13000.0], [4320.2, 3794.0], [4320.15, 12797.0], [4320.0, 410.0], [4319.9, 6700.0], [4319.85, 23339.0], [4319.8, 8977.0], [4319.75, 19975.0], [4319.7, 8730.0], [4319.6, 5326.0], [4319.55, 17752.0], [4319.4, 2848.0], [4319.35, 8182.0], [4319.2, 5957.0], [4319.15, 8181.0]], "asks": [[4321.1, 1204.0], [4321.85, 136971.0], [4321.9, 181440.0], [4322.0, 8730.0], [4322.05, 20000.0], [4322.45, 58730.0], [4322.55, 200.0], [4322.65, 1200.0], [4322.7, 4001.0], [4322.8, 4727.0], [4322.85, 8030.0], [4322.9, 8730.0], [4323.0, 2811.0], [4323.2, 8458.0], [4323.3, 8809.0], [4323.35, 28031.0], [4323.4, 2409.0], [4323.5, 8031.0], [4323.6, 2564.0], [4323.65, 8548.0]]}}}
{"jsonrpc": "2.0", "method": "subscription", "params": {"channel": "book.ETH-PERPETUAL.none.20.100ms", "data": {"timestamp": 1756498141153, "change_id": 84297600072, "instrument_name": "ETH-PERPETUAL", "bids": [[4321.05, 53594.0], [4321.0, 112049.0], [4320.95, 6000.0], [4320.9, 5560.0], [4320.85, 74429.0], [4320.8, 190848.0], [4320.75, 13000.0], [4320.55, 8409.0], [4320.5, 28031.0], [4320.4, 1999.0], [4320.2, 5975.0], [4320.15, 4067.0], [4320.05, 16000.0], [4320.0, 410.0], [4319.9, 6700.0], [4319.85, 23339.0], [4319.75, 3838.0], [4319.7, 8730.0], [4319.4, 8484.0], [4319.35, 8182.0]], "asks": [[4321.1, 1204.0], [4321.85, 111971.0], [4321.9, 181440.0], [4322.0, 8730.0], [4322.05, 20200.0], [4322.35, 4001.0], [4322.4, 17679.0], [4322.45, 66777.0], [4322.8, 12846.0], [4322.85, 36061.0], [4322.9, 8730.0], [4323.0, 2811.0], [4323.2, 8458.0], [4323.3, 400.0], [4323.4, 2409.0], [4323.5, 8031.0], [4323.6, 2564.0], [4323.65, 8548.0], [4323.8, 2409.0], [4323.9, 8031.0]]}}}
{"jsonrpc": "2.0", "method": "subscription", "params": {"channel": "book.ETH-PERPETUAL.none.20.100ms", "data": {"timestamp": 1756498141458, "change_id": 84297600964, "instrument_name": "ETH-PERPETUAL", "bids": [[4321.05, 75197.0], [4321.0, 112049.0], [4320.95, 6000.0], [4320.85, 74429.0], [4320.8, 185340.0], [4320.75, 13000.0], [4320.55, 8409.0], [4320.5, 28031.0], [4320.4, 1999.0], [4320.2, 1343.0], [4320.15, 4067.0], [4320.0, 410.0], [4319.9, 6700.0], [4319.85, 23339.0], [4319.75, 2619.0], [4319.7, 8730.0], [4319.55, 11318.0], [4319.5, 17752.0], [4319.45, 19975.0], [4319.4, 2848.0]], "asks": [[4321.1, 1204.0], [4321.55, 25000.0], [4321.75, 111939.0], [4321.9, 181440.0], [4322.0, 8730.0], [4322.05, 20000.0], [4322.3, 1400.0], [4322.35, 4001.0], [4322.4, 20033.0], [4322.45, 66777.0], [4322.7, 3900.0], [4322.75, 13000.0], [4322.8, 13437.0], [4322.85, 36061.0], [4322.9, 8730.0], [4323.0, 2811.0], [4323.2, 8458.0], [4323.3, 400.0], [4323.45, 2409.0], [4323.5, 8031.0]]}}}
{"jsonrpc": "2.0", "method": "subscription", "params": {"channel": "book.ETH-PERPETUAL.none.20.100ms", "data": {"timestamp": 1756498141814, "change_id": 84297602407, "instrument_name": "ETH-PERPETUAL", "bids": [[4321.05, 162563.0], [4320.95, 6000.0], [4320.85, 54445.0], [4320.8, 185340.0], [4320.75, 13000.0], [4320.4, 1999.0], [4320.2, 3794.0], [4320.15, 12797.0], [4320.0, 410.0], [4319.95, 32303.0], [4319.9, 17753.0], [4319.85, 23339.0], [4319.75, 2619.0], [4319.7, 8730.0], [4319.4, 15698.0], [4319.35, 53512.0], [4319.2, 4932.0], [4319.15, 8181.0], [4319.05, 8258.0], [4319.0, 1219.0]], "asks": [[4321.1, 586.0], [4322.4, 556.0], [4322.45, 58730.0], [4322.65, 181440.0], [4322.9, 8730.0], [4323.1, 4004.0], [4323.2, 8680.0], [4323.3, 400.0], [4323.45, 25000.0], [4323.5, 8031.0], [4323.65, 8548.0], [4323.8, 10517.0], [4323.9, 36062.0], [4324.0, 27279.0], [4324.05, 72500.0], [4324.2, 24046.0], [4324.25, 8031.0], [4324.4, 47041.0], [4324.45, 8031.0], [4324.6, 6862.0]]}}}
{"jsonrpc": "2.0", "method": "subscription", "params": {"channel": "book.ETH-PERPETUAL.none.20.100ms", "data": {"timestamp": 1756498142140, "change_id": 84297603777, "instrument_name": "ETH-PERPETUAL", "bids": [[4321.05, 152655.0], [4320.95, 6000.0], [4320.9, 8000.0], [4320.85, 50813.0], [4320.8, 185340.0], [4320.75, 13000.0], [4320.6, 6961.0], [4320.55, 19984.0], [4320.45, 1219.0], [4320.4, 10408.0], [4320.35, 28031.0], [4320.2, 1343.0], [4320.15, 4067.0], [4320.0, 410.0], [4319.95, 2412.0], [4319.85, 8041.0], [4319.5, 17753.0], [4319.45, 19975.0], [4319.35, 8182.0], [4319.2, 4932.0]], "asks": [[4321.1, 586.0], [4321.55, 8730.0], [4321.7, 25000.0], [4322.0, 50.0], [4322.05, 20556.0], [4322.25, 8052.0], [4322.35, 4004.0], [4322.4, 17619.0], [4322.45, 58730.0], [4322.6, 62132.0], [4322.65, 217523.0], [4322.85, 6236.0], [4322.9, 16782.0], [4323.0, 2544.0], [4323.2, 8480.0], [4323.3, 400.0], [4323.45, 2409.0], [4323.5, 8031.0], [4323.6, 2564.0], [4323.65, 8548.0]]}}}
{"jsonrpc": "2.0", "method": "subscription", "params": {"channel": "book.ETH-PERPETUAL.none.20.100ms", "data": {"timestamp": 1756498142357, "change_id": 84297604730, "instrument_name": "ETH-PERPETUAL", "bids": [[4321.95, 73223.0], [4321.75, 1668.0], [4321.7, 5561.0], [4321.35, 181440.0], [4321.3, 2448.0], [4321.1, 46772.0], [4321.05, 84847.0], [4320.95, 16809.0], [4320.9, 36031.0], [4320.8, 3900.0], [4320.75, 13000.0], [4320.45, 21194.0], [4320.4, 1999.0], [4320.25, 5993.0], [4320.2, 34963.0], [4320.15, 12797.0], [4320.05, 31612.0], [4320.0, 1721.0], [4319.95, 2412.0], [4319.85, 8041.0]], "asks": [[4322.0, 50.0], [4322.45, 50000.0], [4322.65, 181440.0], [4322.9, 9840.0], [4323.2, 428.0], [4323.3, 4403.0], [4323.65, 8548.0], [4323.8, 2409.0], [4323.9, 8031.0], [4324.0, 27329.0], [4324.05, 72500.0], [4324.2, 10957.0], [4324.25, 8031.0], [4324.4, 2409.0], [4324.45, 8031.0], [4324.65, 6862.0], [4324.7, 14848.0], [4324.75, 8025.0], [4324.85, 2564.0], [4324.9, 8548.0]]}}}
{"jsonrpc": "2.0", "method": "subscription", "params": {"channel": "book.ETH-PERPETUAL.none.20.100ms", "data": {"timestamp": 1756498142840, "change_id": 84297610303, "instrument_name": "ETH-PERPETUAL", "bids": [[4323.15, 5425.0], [4323.1, 14560.0], [4322.9, 181440.0], [4322.85, 9195.0], [4322.65, 112305.0], [4322.45, 3058.0], [4322.4, 10193.0], [4322.0, 5568.0], [4321.95, 18560.0], [4321.7, 10195.0], [4321.65, 16000.0], [4321.6, 6392.0], [4321.55, 2638.0], [4321.4, 15249.0], [4321.25, 2415.0], [4321.2, 16235.0], [4321.1, 748.0], [4321.05, 27902.0], [4321.0, 10411.0], [4320.9, 27975.0]], "asks": [[4323.2, 43518.0], [4323.6, 20000.0], [4323.95, 54447.0], [4324.0, 181490.0], [4324.05, 7852.0], [4324.1, 17625.0], [4324.15, 12191.0], [4324.2, 8548.0], [4324.4, 22801.0], [4324.45, 4003.0], [4324.6, 72500.0], [4324.65, 2408.0], [4324.75, 8025.0], [4324.85, 2564.0], [4324.9, 8548.0], [4325.05, 2408.0], [4325.15, 8025.0], [4325.4, 2408.0], [4325.55, 8025.0], [4325.6, 4972.0]]}}}
{"jsonrpc": "2.0", "method": "subscription", "params": {"channel": "book.ETH-PERPETUAL.none.20.100ms", "data": {"timestamp": 1756498143170, "change_id": 84297612332, "instrument_name": "ETH-PERPETUAL", "bids": [[4323.15, 8159.0], [4323.05, 33707.0], [4323.0, 112356.0], [4322.95, 52780.0], [4322.9, 181440.0], [4322.6, 19984.0], [4322.5, 4800.0], [4322.45, 16000.0], [4322.4, 8409.0], [4322.35, 28031.0], [4322.2, 5995.0], [4321.8, 5993.0], [4321.75, 19975.0], [4321.6, 15930.0], [4321.5, 17752.0], [4321.45, 39757.0], [4321.4, 20283.0], [4321.35, 8730.0], [4321.2, 10673.0], [4321.1, 748.0]], "asks": [[4323.2, 481.0], [4324.0, 50.0], [4324.05, 25000.0], [4324.1, 112356.0], [4324.15, 193431.0], [4324.2, 8548.0], [4324.45, 4003.0], [4324.5, 200.0], [4324.55, 21750.0], [4324.6, 72500.0], [4324.7, 2408.0], [4324.75, 8025.0], [4324.85, 3582.0], [4324.9, 8548.0], [4325.0, 1020.0], [4325.05, 2408.0], [4325.1, 911.0], [4325.15, 8025.0], [4325.25, 28031.0], [4325.4, 2408.0]]}}}
{"jsonrpc": "2.0", "method": "subscription", "params": {"channel": "book.ETH-PERPETUAL.none.20.100ms", "data": {"timestamp": 1756498143498, "change_id": 84297613639, "instrument_name": "ETH-PERPETUAL", "bids": [[4323.15, 21825.0], [4323.1, 3000.0], [4323.05, 39707.0], [4323.0, 112356.0], [4322.95, 52780.0], [4322.9, 181440.0], [4322.85, 13000.0], [4322.6, 10195.0], [4322.55, 19984.0], [4322.45, 16000.0], [4322.4, 8409.0], [4322.35, 28031.0], [4321.85, 2619.0], [4321.6, 25757.0], [4321.5, 37727.0], [4321.45, 39757.0], [4321.4, 20283.0], [4321.35, 8730.0], [4321.2, 10673.0], [4321.1, 748.0]], "asks": [[4323.2, 17370.0], [4323.65, 8730.0], [4323.75, 25000.0], [4324.0, 50.0], [4324.05, 94301.0], [4324.1, 112356.0], [4324.15, 193431.0], [4324.2, 8548.0], [4324.45, 4003.0], [4324.5, 3200.0], [4324.55, 21750.0], [4324.6, 72500.0], [4324.65, 4208.0], [4324.7, 6000.0], [4324.75, 8025.0], [4324.8, 6373.0], [4324.9, 8548.0], [4325.0, 14020.0], [4325.05, 2408.0], [4325.15, 8025.0]]}}}
{"jsonrpc": "2.0", "method": "subscription", "params": {"channel": "book.ETH-PERPETUAL.none.20.100ms", "data": {"timestamp": 1756498143829, "change_id": 84297615571, "instrument_name": "ETH-PERPETUAL", "bids": [[4323.15, 23468.0], [4323.05, 1800.0], [4323.0, 6000.0], [4322.95, 54432.0], [4322.9, 181440.0], [4322.85, 13000.0], [4322.55, 39717.0], [4322.5, 160419.0], [4322.25, 5194.0], [4322.2, 17312.0], [4321.85, 2619.0], [4321.8, 8730.0], [4321.45, 4575.0], [4321.4, 26275.0], [4321.35, 8730.0], [4321.25, 19975.0], [4321.2, 15622.0], [4321.1, 18500.0], [4321.05, 8000.0], [4320.9, 2702.0]], "asks": [[4323.2, 9841.0], [4323.65, 8730.0], [4324.0, 540.0], [4324.1, 85594.0], [4324.15, 193431.0], [4324.2, 8548.0], [4324.25, 200.0], [4324.45, 4003.0], [4324.55, 21750.0], [4324.6, 72500.0], [4324.65, 2408.0], [4324.75, 8025.0], [4324.85, 2564.0], [4324.9, 8548.0], [4325.05, 10516.0], [4325.1, 28031.0], [4325.15, 8025.0], [4325.4, 2408.0], [4325.55, 8025.0], [4325.65, 4972.0]]}}}
{"jsonrpc": "2.0", "method": "subscription", "params": {"channel": "book.ETH-PERPETUAL.none.20.100ms", "data": {"timestamp": 1756498144153, "change_id": 84297617184, "instrument_name": "ETH-PERPETUAL", "bids": [[4323.15, 14259.0], [4323.05, 1800.0], [4323.0, 6000.0], [4322.95, 58332.0], [4322.9, 181440.0], [4322.8, 13000.0], [4322.65, 13353.0], [4322.6, 48014.0], [4322.55, 33729.0], [4322.5, 112431.0], [4322.4, 5194.0], [4322.35, 16000.0], [4321.55, 14643.0], [4321.5, 37727.0], [4321.4, 20676.0], [4321.35, 8730.0], [4321.3, 1311.0], [4321.2, 8049.0], [4321.1, 748.0], [4321.0, 2702.0]], "asks": [[4323.2, 481.0], [4323.65, 33730.0], [4324.0, 50.0], [4324.1, 20000.0], [4324.15, 193431.0], [4324.2, 8548.0], [4324.45, 12257.0], [4324.55, 21750.0], [4324.6, 74908.0], [4324.75, 8025.0], [4324.85, 14106.0], [4324.9, 8548.0], [4325.0, 28031.0], [4325.05, 2408.0], [4325.15, 8025.0], [4325.4, 2408.0], [4325.55, 8025.0], [4325.65, 4972.0], [4325.7, 8548.0], [4325.8, 8025.0]]}}}
{"jsonrpc": "2.0", "method": "subscription", "params": {"channel": "book.ETH-PERPETUAL.none.20.100ms", "data": {"timestamp": 1756498144490, "change_id": 84297618420, "instrument_name": "ETH-PERPETUAL", "bids": [[4323.15, 33242.0], [4323.05, 1800.0], [4323.0, 6000.0], [4322.95, 170823.0], [4322.9, 181440.0], [4322.8, 13000.0], [4322.7, 14405.0], [4322.65, 19986.0], [4322.6, 28031.0], [4321.6, 14572.0], [4321.45, 37727.0], [4321.4, 20676.0], [4321.35, 8730.0], [4321.3, 1311.0], [4321.2, 8049.0], [4321.1, 748.0], [4321.0, 2702.0], [4320.85, 9005.0], [4320.75, 2619.0], [4320.6, 8730.0]], "asks": [[4323.2, 33640.0], [4323.65, 8730.0], [4323.75, 24712.0], [4324.0, 50.0], [4324.1, 20000.0], [4324.15, 193431.0], [4324.2, 8748.0], [4324.45, 12057.0], [4324.55, 21750.0], [4324.6, 74908.0], [4324.75, 8025.0], [4324.85, 14106.0], [4324.9, 8548.0], [4325.0, 28031.0], [4325.05, 2408.0], [4325.15, 8025.0], [4325.4, 2408.0], [4325.55, 8025.0], [4325.65, 18535.0], [4325.7, 8548.0]]}}}
{"jsonrpc": "2.0", "method": "subscription", "params": {"channel": "book.ETH-PERPETUAL.none.20.100ms", "data": {"timestamp": 1756498144820, "change_id": 84297619475, "instrument_name": "ETH-PERPETUAL", "bids": [[4323.15, 26389.0], [4323.1, 1800.0], [4323.0, 94738.0], [4322.95, 112491.0], [4322.9, 181440.0], [4322.8, 21409.0], [4322.6, 44031.0], [4322.5, 100.0], [4321.8, 5995.0], [4321.75, 19984.0], [4321.6, 14733.0], [4321.45, 19975.0], [4321.4, 52082.0], [4321.3, 1311.0], [4321.2, 55822.0], [4321.1, 748.0], [4321.0, 2702.0], [4320.85, 9005.0], [4320.75, 2619.0], [4320.6, 8730.0]], "asks": [[4323.2, 26682.0], [4323.65, 8730.0], [4323.75, 44102.0], [4324.0, 20050.0], [4324.15, 193431.0], [4324.2, 8748.0], [4324.45, 12057.0], [4324.55, 21750.0], [4324.6, 74908.0], [4324.75, 8025.0], [4324.85, 14106.0], [4324.9, 8548.0], [4325.0, 28031.0], [4325.05, 2408.0], [4325.15, 8025.0], [4325.3, 911.0], [4325.4, 2408.0], [4325.55, 8025.0], [4325.65, 18535.0], [4325.7, 8548.0]]}}}
{"jsonrpc": "2.0", "method": "subscription", "params": {"channel": "book.ETH-PERPETUAL.none.20.100ms", "data": {"timestamp": 1756498145160, "change_id": 84297621500, "instrument_name": "ETH-PERPETUAL", "bids": [[4322.1, 4185.0], [4322.0, 13541.0], [4321.65, 54432.0], [4321.6, 181440.0], [4321.3, 6510.0], [4321.25, 21700.0], [4321.2, 30224.0], [4321.15, 100000.0], [4321.1, 748.0], [4320.7, 10652.0], [4320.65, 37727.0], [4320.6, 5634.0], [4320.55, 8730.0], [4320.4, 10051.0], [4320.25, 2415.0], [4320.2, 9392.0], [4320.15, 4067.0], [4320.0, 410.0], [4319.95, 2412.0], [4319.85, 8041.0]], "asks": [[4322.8, 26296.0], [4323.15, 16591.0], [4323.2, 12472.0], [4323.3, 73142.0], [4323.5, 181440.0], [4323.6, 2619.0], [4323.65, 8730.0], [4323.85, 10901.0], [4323.9, 28031.0], [4323.95, 200.0], [4324.0, 13081.0], [4324.05, 4028.0], [4324.15, 4007.0], [4324.2, 8548.0], [4324.45, 8054.0], [4324.55, 21750.0], [4324.6, 74908.0], [4324.75, 8025.0], [4324.85, 2564.0], [4324.9, 8548.0]]}}}
{"jsonrpc": "2.0", "method": "subscription", "params": {"channel": "book.ETH-PERPETUAL.none.20.100ms", "data": {"timestamp": 1756498145476, "change_id": 84297623681, "instrument_name": "ETH-PERPETUAL", "bids": [[4322.75, 29107.0], [4322.7, 3000.0], [4322.65, 1800.0], [4322.6, 6000.0], [4322.5, 4539.0], [4322.45, 4050.0], [4322.4, 8000.0], [4322.3, 1048.0], [4322.2, 480.0], [4322.15, 5271.0], [4322.05, 23564.0], [4322.0, 8409.0], [4321.95, 28031.0], [4321.7, 19984.0], [4321.65, 54432.0], [4321.6, 188657.0], [4321.55, 16000.0], [4321.4, 8456.0], [4321.2, 4749.0], [4321.15, 7026.0]], "asks": [[4322.8, 34455.0], [4322.9, 10.0], [4323.15, 129391.0], [4323.2, 12472.0], [4323.35, 20000.0], [4323.5, 181440.0], [4323.65, 8730.0], [4323.7, 200.0], [4323.95, 2432.0], [4324.0, 13081.0], [4324.05, 4028.0], [4324.15, 4007.0], [4324.2, 8548.0], [4324.3, 8409.0], [4324.35, 28031.0], [4324.45, 8054.0], [4324.55, 21750.0], [4324.6, 74908.0], [4324.75, 8025.0], [4324.85, 2564.0]]}}}
{"jsonrpc": "2.0", "method": "subscription", "params": {"channel": "book.ETH-PERPETUAL.none.20.100ms", "data": {"timestamp": 1756498145827, "change_id": 84297624800, "instrument_name": "ETH-PERPETUAL", "bids": [[4322.75, 21891.0], [4322.7, 3000.0], [4322.65, 1800.0], [4322.6, 6000.0], [4322.5, 6000.0], [4322.4, 21000.0], [4322.15, 12406.0], [4322.1, 19984.0], [4322.05, 23564.0], [4322.0, 12158.0], [4321.95, 28031.0], [4321.9, 16000.0], [4321.65, 54432.0], [4321.6, 181440.0], [4321.4, 8056.0], [4321.2, 4749.0], [4321.15, 7026.0], [4321.1, 8804.0], [4321.0, 1311.0], [4320.9, 19975.0]], "asks": [[4322.8, 63585.0], [4322.9, 10.0], [4323.05, 112808.0], [4323.15, 16591.0], [4323.2, 12472.0], [4323.45, 200.0], [4323.5, 181440.0], [4323.55, 3000.0], [4323.6, 6000.0], [4323.65, 8730.0], [4323.9, 6332.0], [4323.95, 13000.0], [4324.0, 13081.0], [4324.05, 4028.0], [4324.15, 4007.0], [4324.2, 8548.0], [4324.3, 14472.0], [4324.35, 28031.0], [4324.4, 23712.0], [4324.45, 8054.0]]}}}
{"jsonrpc": "2.0", "method": "subscription", "params": {"channel": "book.ETH-PERPETUAL.none.20.100ms", "data": {"timestamp": 1756498146105, "change_id": 84297625311, "instrument_name": "ETH-PERPETUAL", "bids": [[4322.75, 794.0], [4322.7, 3000.0], [4322.65, 1800.0], [4322.6, 6000.0], [4322.5, 6000.0], [4322.4, 21000.0], [4322.3, 4800.0], [4322.25, 16000.0], [4322.15, 12406.0], [4322.1, 19984.0], [4322.05, 23564.0], [4322.0, 8409.0], [4321.95, 28031.0], [4321.65, 54432.0], [4321.6, 181440.0], [4321.4, 8056.0], [4321.2, 4749.0], [4321.15, 7026.0], [4321.1, 8804.0], [4321.0, 1311.0]], "asks": [[4322.8, 85285.0], [4322.95, 10.0], [4323.0, 21700.0], [4323.05, 112808.0], [4323.2, 12472.0], [4323.45, 200.0], [4323.5, 181440.0], [4323.6, 6000.0], [4323.65, 8730.0], [4323.9, 6332.0], [4323.95, 13000.0], [4324.0, 13081.0], [4324.05, 4028.0], [4324.15, 4007.0], [4324.2, 8548.0], [4324.3, 14472.0], [4324.35, 28031.0], [4324.4, 23712.0], [4324.45, 8054.0], [4324.55, 21750.0]]}}}
{"jsonrpc": "2.0", "method": "subscription", "params": {"channel": "book.ETH-PERPETUAL.none.20.100ms", "data": {"timestamp": 1756498146492, "change_id": 84297626814, "instrument_name": "ETH-PERPETUAL", "bids": [[4322.5, 90235.0], [4322.45, 8095.0], [4322.4, 8000.0], [4322.2, 80602.0], [4322.1, 181440.0], [4322.05, 23564.0], [4322.0, 8409.0], [4321.95, 28031.0], [4321.45, 2417.0], [4321.4, 8056.0], [4321.2, 4749.0], [4321.15, 7026.0], [4321.1, 8804.0], [4321.0, 1311.0], [4320.85, 19975.0], [4320.8, 2417.0], [4320.75, 17752.0], [4320.7, 8056.0], [4320.55, 5634.0], [4320.5, 8730.0]], "asks": [[4322.55, 25000.0], [4322.6, 1296.0], [4322.95, 20000.0], [4323.1, 61209.0], [4323.2, 12472.0], [4323.45, 200.0], [4323.5, 181440.0], [4323.65, 8730.0], [4323.7, 8057.0], [4323.8, 8033.0], [4323.9, 2432.0], [4324.0, 10670.0], [4324.2, 8548.0], [4324.3, 14472.0], [4324.35, 28031.0], [4324.4, 23712.0], [4324.45, 8054.0], [4324.55, 21750.0], [4324.6, 74908.0], [4324.75, 8025.0]]}}}
{"jsonrpc": "2.0", "method": "subscription", "params": {"channel": "book.ETH-PERPETUAL.none.20.100ms", "data": {"timestamp": 1756498146821, "change_id": 84297627981, "instrument_name": "ETH-PERPETUAL", "bids": [[4323.1, 16004.0], [4322.85, 205.0], [4322.75, 5390.0], [4322.6, 76804.0], [4322.55, 62138.0], [4322.5, 113299.0], [4322.4, 8000.0], [4322.2, 60618.0], [4322.1, 181440.0], [4322.0, 8409.0], [4321.95, 28031.0], [4321.45, 2417.0], [4321.4, 8056.0], [4321.2, 15867.0], [4321.15, 44754.0], [4321.1, 8804.0], [4321.0, 1311.0], [4320.8, 2417.0], [4320.7, 8056.0], [4320.55, 5634.0]], "asks": [[4323.15, 41984.0], [4323.2, 13673.0], [4323.45, 112743.0], [4323.5, 181440.0], [4323.65, 8730.0], [4323.75, 20000.0], [4323.8, 8033.0], [4324.0, 8106.0], [4324.1, 200.0], [4324.2, 8548.0], [4324.3, 8409.0], [4324.4, 23712.0], [4324.45, 8054.0], [4324.5, 13000.0], [4324.55, 21750.0], [4324.6, 74908.0], [4324.75, 8025.0], [4324.85, 10653.0], [4324.9, 36579.0], [4325.05, 2808.0]]}}}
{"jsonrpc": "2.0", "method": "subscription", "params": {"channel": "book.ETH-PERPETUAL.none.20.100ms", "data": {"timestamp": 1756498147156, "change_id": 84297628908, "instrument_name": "ETH-PERPETUAL", "bids": [[4323.1, 8513.0], [4323.0, 6000.0], [4322.85, 13000.0], [4322.75, 10636.0], [4322.65, 16000.0], [4322.6, 60733.0], [4322.5, 112751.0], [4322.4, 8000.0], [4322.25, 19984.0], [4322.2, 60618.0], [4322.1, 181440.0], [4322.0, 8409.0], [4321.95, 28031.0], [4321.45, 2417.0], [4321.4, 8056.0], [4321.25, 19975.0], [4321.2, 4749.0], [4321.15, 24779.0], [4321.1, 10116.0], [4321.0, 1311.0]], "asks": [[4323.15, 43185.0], [4323.2, 12472.0], [4323.5, 294174.0], [4323.65, 8730.0], [4323.75, 20000.0], [4323.8, 8033.0], [4323.95, 2432.0], [4324.0, 8106.0], [4324.1, 200.0], [4324.15, 2564.0], [4324.2, 8548.0], [4324.3, 8409.0], [4324.4, 23712.0], [4324.45, 8054.0], [4324.55, 21750.0], [4324.6, 74908.0], [4324.75, 8025.0], [4324.85, 10653.0], [4324.9, 36579.0], [4325.05, 2808.0]]}}}
{"jsonrpc": "2.0", "method": "subscription", "params": {"channel": "book.ETH-PERPETUAL.none.20.100ms", "data": {"timestamp": 1756498147487, "change_id": 84297629687, "instrument_name": "ETH-PERPETUAL", "bids": [[4322.9, 34100.0], [4322.85, 8310.0], [4322.8, 6000.0], [4322.6, 73733.0], [4322.5, 112751.0], [4322.4, 10195.0], [4322.35, 19983.0], [4322.3, 16000.0], [4322.2, 60618.0], [4322.1, 181440.0], [4322.0, 8409.0], [4321.95, 28031.0], [4321.85, 8057.0], [4321.45, 2417.0], [4321.4, 8056.0], [4321.25, 19975.0], [4321.2, 4749.0], [4321.15, 24779.0], [4321.1, 10116.0], [4321.0, 1311.0]], "asks": [[4322.95, 25000.0], [4323.05, 1296.0], [4323.15, 8730.0], [4323.2, 12472.0], [4323.4, 20000.0], [4323.5, 294174.0], [4323.65, 8730.0], [4323.8, 8233.0], [4324.0, 8106.0], [4324.15, 2564.0], [4324.2, 8548.0], [4324.3, 8409.0], [4324.35, 13000.0], [4324.4, 23712.0], [4324.45, 8054.0], [4324.55, 21750.0], [4324.6, 74908.0], [4324.75, 8025.0], [4324.85, 10653.0], [4324.9, 36579.0]]}}}
{"jsonrpc": "2.0", "method": "subscription", "params": {"channel": "book.ETH-PERPETUAL.none.20.100ms", "data": {"timestamp": 1756498147819, "change_id": 84297630234, "instrument_name": "ETH-PERPETUAL", "bids": [[4322.9, 56653.0], [4322.85, 5700.0], [4322.8, 6000.0], [4322.6, 52033.0], [4322.5, 112751.0], [4322.3, 8095.0], [4322.25, 27984.0], [4322.2, 60618.0], [4322.1, 181440.0], [4322.0, 8409.0], [4321.95, 28031.0], [4321.85, 9369.0], [4321.45, 2417.0], [4321.4, 8056.0], [4321.25, 19975.0], [4321.2, 4749.0], [4321.15, 24779.0], [4321.1, 17769.0], [4321.0, 1311.0], [4320.9, 14229.0]], "asks": [[4322.95, 35000.0], [4323.05, 1296.0], [4323.15, 8730.0], [4323.2, 12472.0], [4323.4, 20000.0], [4323.5, 294174.0], [4323.65, 8730.0], [4323.8, 8233.0], [4324.0, 8106.0], [4324.05, 6000.0], [4324.2, 8548.0], [4324.3, 8409.0], [4324.4, 23712.0], [4324.45, 8054.0], [4324.55, 21750.0], [4324.6, 74908.0], [4324.75, 8025.0], [4324.85, 10653.0], [4324.9, 36579.0], [4325.05, 2808.0]]}}}
{"jsonrpc": "2.0", "method": "subscription", "params": {"channel": "book.ETH-PERPETUAL.none.20.100ms", "data": {"timestamp": 1756498148146, "change_id": 84297630714, "instrument_name": "ETH-PERPETUAL", "bids": [[4322.9, 66653.0], [4322.85, 5700.0], [4322.8, 6000.0], [4322.6, 52033.0], [4322.5, 112751.0], [4322.4, 8095.0], [4322.3, 19984.0], [4322.25, 8000.0], [4322.2, 60618.0], [4322.1, 181440.0], [4322.0, 8409.0], [4321.95, 28031.0], [4321.85, 9369.0], [4321.45, 2417.0], [4321.4, 8056.0], [4321.25, 19975.0], [4321.2, 4749.0], [4321.15, 24779.0], [4321.1, 17769.0], [4321.0, 1311.0]], "asks": [[4322.95, 35000.0], [4323.05, 1296.0], [4323.15, 8730.0], [4323.2, 12472.0], [4323.4, 20000.0], [4323.5, 181440.0], [4323.55, 112678.0], [4323.65, 8730.0], [4323.8, 8233.0], [4324.0, 8106.0], [4324.05, 2564.0], [4324.2, 8548.0], [4324.3, 8409.0], [4324.4, 23712.0], [4324.45, 8054.0], [4324.55, 21750.0], [4324.6, 74908.0], [4324.75, 8025.0], [4324.85, 10653.0], [4324.9, 36579.0]]}}}
{"jsonrpc": "2.0", "method": "subscription", "params": {"channel": "book.ETH-PERPETUAL.none.20.100ms", "data": {"timestamp": 1756498148478, "change_id": 84297631527, "instrument_name": "ETH-PERPETUAL", "bids": [[4322.9, 34376.0], [4322.85, 5700.0], [4322.8, 6000.0], [4322.6, 13000.0], [4322.5, 33798.0], [4322.45, 112659.0], [4322.4, 8095.0], [4322.3, 19984.0], [4322.25, 8000.0], [4322.2, 60618.0], [4322.1, 181440.0], [4322.0, 14969.0], [4321.95, 44031.0], [4321.85, 9369.0], [4321.45, 2417.0], [4321.4, 8056.0], [4321.25, 19975.0], [4321.2, 4749.0], [4321.15, 24779.0], [4321.1, 17769.0]], "asks": [[4322.95, 64360.0], [4323.05, 95.0], [4323.15, 8730.0], [4323.2, 12472.0], [4323.5, 181440.0], [4323.55, 112678.0], [4323.65, 8730.0], [4323.8, 8233.0], [4323.95, 2432.0], [4324.0, 8106.0], [4324.05, 2564.0], [4324.2, 8548.0], [4324.3, 8409.0], [4324.4, 23712.0], [4324.45, 8054.0], [4324.55, 21750.0], [4324.6, 74908.0], [4324.75, 8025.0], [4324.85, 10653.0], [4324.9, 36579.0]]}}}
{"jsonrpc": "2.0", "method": "subscription", "params": {"channel": "book.ETH-PERPETUAL.none.20.100ms", "data": {"timestamp": 1756498148813, "change_id": 84297632532, "instrument_name": "ETH-PERPETUAL", "bids": [[4323.0, 34544.0], [4322.95, 11973.0], [4322.9, 30790.0], [4322.75, 3900.0], [4322.7, 13000.0], [4322.5, 33798.0], [4322.45, 112659.0], [4322.4, 12295.0], [4322.3, 35983.0], [4322.25, 8000.0], [4322.2, 60618.0], [4322.1, 181440.0], [4322.0, 8409.0], [4321.95, 28031.0], [4321.85, 8057.0], [4321.4, 8056.0], [4321.3, 17753.0], [4321.25, 19975.0], [4321.2, 4749.0], [4321.15, 7026.0]], "asks": [[4323.05, 95.0], [4323.2, 12472.0], [4323.5, 181440.0], [4323.65, 8730.0], [4323.8, 33033.0], [4324.0, 8106.0], [4324.15, 2764.0], [4324.2, 14548.0], [4324.25, 20000.0], [4324.45, 8054.0], [4324.55, 21750.0], [4324.6, 74908.0], [4324.75, 8025.0], [4324.85, 10653.0], [4324.9, 36579.0], [4325.05, 2808.0], [4325.15, 8025.0], [4325.4, 16068.0], [4325.45, 45536.0], [4325.55, 8025.0]]}}}
{"jsonrpc": "2.0", "method": "subscription", "params": {"channel": "book.ETH-PERPETUAL.none.20.100ms", "data": {"timestamp": 1756498149134, "change_id": 84297633169, "instrument_name": "ETH-PERPETUAL", "bids": [[4323.0, 51903.0], [4322.95, 11152.0], [4322.9, 30790.0], [4322.75, 3900.0], [4322.7, 13000.0], [4322.55, 19984.0], [4322.5, 33798.0], [4322.45, 112659.0], [4322.4, 2400.0], [4322.25, 8000.0], [4322.2, 60618.0], [4322.1, 181440.0], [4322.0, 8409.0], [4321.95, 28031.0], [4321.85, 8057.0], [4321.45, 19975.0], [4321.4, 8056.0], [4321.3, 17753.0], [4321.2, 4749.0], [4321.15, 7026.0]], "asks": [[4323.05, 10133.0], [4323.2, 12472.0], [4323.4, 25000.0], [4323.5, 181440.0], [4323.6, 20000.0], [4323.65, 8730.0], [4323.8, 8033.0], [4324.0, 8106.0], [4324.15, 4863.0], [4324.2, 18410.0], [4324.3, 6000.0], [4324.45, 8054.0], [4324.55, 21750.0], [4324.6, 74908.0], [4324.75, 8025.0], [4324.85, 10653.0], [4324.9, 36579.0], [4325.05, 2808.0], [4325.15, 8025.0], [4325.4, 16068.0]]}}}
{"jsonrpc": "2.0", "method": "subscription", "params": {"channel": "book.ETH-PERPETUAL.none.20.100ms", "data": {"timestamp": 1756498149458, "change_id": 84297634291, "instrument_name": "ETH-PERPETUAL", "bids": [[4323.15, 71643.0], [4323.1, 23501.0], [4323.05, 6000.0], [4323.0, 45904.0], [4322.9, 10000.0], [4322.85, 125625.0], [4322.75, 54432.0], [4322.7, 181440.0], [4322.55, 8409.0], [4322.5, 28031.0], [4322.4, 2400.0], [4322.25, 8000.0], [4322.0, 13911.0], [4321.9, 19975.0], [4321.85, 8057.0], [4321.8, 8965.0], [4321.7, 1311.0], [4321.4, 8056.0], [4321.3, 17753.0], [4321.2, 4749.0]], "asks": [[4323.2, 17460.0], [4323.5, 181440.0], [4323.75, 25000.0], [4323.85, 112625.0], [4324.0, 50.0], [4324.2, 36610.0], [4324.45, 16093.0], [4324.5, 200.0], [4324.6, 74908.0], [4324.75, 8025.0], [4324.85, 2564.0], [4324.9, 8548.0], [4325.05, 2808.0], [4325.15, 8025.0], [4325.4, 10516.0], [4325.45, 28031.0], [4325.55, 8025.0], [4325.6, 4972.0], [4325.7, 8548.0], [4325.8, 8025.0]]}}}
{"jsonrpc": "2.0", "method": "subscription", "params": {"channel": "book.ETH-PERPETUAL.none.20.100ms", "data": {"timestamp": 1756498149805, "change_id": 84297636690, "instrument_name": "ETH-PERPETUAL", "bids": [[4324.8, 23861.0], [4324.1, 7499.0], [4324.05, 24995.0], [4324.0, 5995.0], [4323.95, 19984.0], [4323.7, 2418.0], [4323.65, 8060.0], [4323.55, 54432.0], [4323.5, 181440.0], [4323.3, 11491.0], [4323.25, 37109.0], [4323.2, 33272.0], [4323.15, 44630.0], [4323.1, 17753.0], [4323.0, 8618.0], [4322.95, 19975.0], [4322.9, 10000.0], [4322.85, 8060.0], [4322.55, 8409.0], [4322.5, 28031.0]], "asks": [[4324.85, 18965.0], [4325.3, 25000.0], [4325.45, 112658.0], [4325.55, 8025.0], [4325.65, 181440.0], [4325.7, 8548.0], [4325.8, 8025.0], [4326.0, 28699.0], [4326.05, 72500.0], [4326.1, 8038.0], [4326.2, 10589.0], [4326.3, 8548.0], [4326.45, 2408.0], [4326.5, 8028.0], [4326.6, 5039.0], [4326.75, 16796.0], [4327.0, 5403.0], [4327.1, 8027.0], [4327.2, 36087.0], [4327.25, 6.0]]}}}
{"jsonrpc": "2.0", "method": "subscription", "params": {"channel": "book.ETH-PERPETUAL.none.20.100ms", "data": {"timestamp": 1756498150115, "change_id": 84297638158, "instrument_name": "ETH-PERPETUAL", "bids": [[4324.8, 18376.0], [4324.65, 6000.0], [4324.45, 2690.0], [4324.2, 60993.0], [4324.1, 181440.0], [4324.05, 24995.0], [4324.0, 1056.0], [4323.95, 3358.0], [4323.75, 19984.0], [4323.7, 2418.0], [4323.65, 8060.0], [4323.6, 2372.0], [4323.3, 3173.0], [4323.25, 8060.0], [4323.2, 3512.0], [4323.15, 11706.0], [4322.85, 8060.0], [4322.75, 748.0], [4322.65, 10653.0], [4322.6, 17753.0]], "asks": [[4324.85, 73325.0], [4325.0, 10.0], [4325.45, 112658.0], [4325.5, 200.0], [4325.55, 8025.0], [4325.6, 59404.0], [4325.65, 181440.0], [4325.7, 8548.0], [4325.8, 8025.0], [4326.0, 28699.0], [4326.05, 72500.0], [4326.1, 8038.0], [4326.2, 18678.0], [4326.25, 28031.0], [4326.3, 8548.0], [4326.45, 2408.0], [4326.5, 8028.0], [4326.6, 5039.0], [4326.75, 16796.0], [4327.0, 5403.0]]}}}
{"jsonrpc": "2.0", "method": "subscription", "params": {"channel": "book.ETH-PERPETUAL.none.20.100ms", "data": {"timestamp": 1756498150453, "change_id": 84297638980, "instrument_name": "ETH-PERPETUAL", "bids": [[4324.8, 16923.0], [4324.65, 6000.0], [4324.5, 13000.0], [4324.2, 60993.0], [4324.1, 181440.0], [4324.05, 24995.0], [4323.95, 10899.0], [4323.9, 19984.0], [4323.85, 16000.0], [4323.8, 2681.0], [4323.65, 8060.0], [4323.3, 3173.0], [4323.25, 8060.0], [4323.2, 2400.0], [4323.15, 9312.0], [4323.0, 2418.0], [4322.85, 8060.0], [4322.8, 1312.0], [4322.75, 748.0], [4322.65, 10653.0]], "asks": [[4324.85, 73725.0], [4325.0, 10.0], [4325.4, 36265.0], [4325.5, 200.0], [4325.55, 8025.0], [4325.6, 59404.0], [4325.65, 181440.0], [4325.7, 8548.0], [4325.8, 8025.0], [4326.0, 28699.0], [4326.05, 72500.0], [4326.1, 8038.0], [4326.2, 18678.0], [4326.25, 28031.0], [4326.3, 8548.0], [4326.45, 2408.0], [4326.5, 9047.0], [4326.6, 5039.0], [4326.75, 16796.0], [4326.8, 1020.0]]}}}
{"jsonrpc": "2.0", "method": "subscription", "params": {"channel": "book.ETH-PERPETUAL.none.20.100ms", "data": {"timestamp": 1756498150790, "change_id": 84297640490, "instrument_name": "ETH-PERPETUAL", "bids": [[4325.25, 16004.0], [4325.05, 13000.0], [4325.0, 1552.0], [4324.8, 6286.0], [4324.65, 5995.0], [4324.6, 55747.0], [4324.55, 7500.0], [4324.5, 128646.0], [4324.2, 60993.0], [4324.1, 189502.0], [4323.8, 2681.0], [4323.65, 8060.0], [4323.55, 1313.0], [4323.4, 13736.0], [4323.3, 19975.0], [4323.25, 8060.0], [4323.2, 27401.0], [4323.15, 8000.0], [4322.9, 2418.0], [4322.85, 8060.0]], "asks": [[4325.3, 21588.0], [4325.4, 21700.0], [4325.45, 112646.0], [4325.55, 21700.0], [4325.6, 21795.0], [4325.65, 181440.0], [4325.85, 8965.0], [4326.0, 46839.0], [4326.05, 72500.0], [4326.25, 2564.0], [4326.3, 8548.0], [4326.4, 200.0], [4326.45, 3616.0], [4326.5, 8028.0], [4326.55, 8040.0], [4326.6, 12818.0], [4326.75, 16796.0], [4326.8, 29240.0], [4326.85, 4031.0], [4327.0, 5403.0]]}}}
{"jsonrpc": "2.0", "method": "subscription", "params": {"channel": "book.ETH-PERPETUAL.none.20.100ms", "data": {"timestamp": 1756498151121, "change_id": 84297641600, "instrument_name": "ETH-PERPETUAL", "bids": [[4325.25, 43173.0], [4325.2, 6000.0], [4325.1, 3900.0], [4325.05, 13000.0], [4324.95, 653.0], [4324.8, 5995.0], [4324.6, 35763.0], [4324.55, 7500.0], [4324.5, 128646.0], [4324.4, 2400.0], [4324.25, 8000.0], [4324.2, 60993.0], [4324.1, 189502.0], [4323.8, 2681.0], [4323.65, 8060.0], [4323.55, 1313.0], [4323.5, 10569.0], [4323.45, 46693.0], [4323.4, 4592.0], [4323.25, 8060.0]], "asks": [[4325.3, 40254.0], [4325.6, 95.0], [4325.65, 181440.0], [4325.75, 20000.0], [4325.85, 8965.0], [4326.0, 89.0], [4326.05, 72500.0], [4326.25, 200.0], [4326.3, 8548.0], [4326.5, 8028.0], [4326.55, 8040.0], [4326.6, 5039.0], [4326.75, 16796.0], [4326.85, 8409.0], [4326.9, 28031.0], [4327.0, 5403.0], [4327.1, 8027.0], [4327.15, 400.0], [4327.2, 36045.0], [4327.25, 6.0]]}}}
{"jsonrpc": "2.0", "method": "subscription", "params": {"channel": "book.ETH-PERPETUAL.none.20.100ms", "data": {"timestamp": 1756498151453, "change_id": 84297643214, "instrument_name": "ETH-PERPETUAL", "bids": [[4325.25, 129822.0], [4325.2, 6000.0], [4325.15, 28031.0], [4325.1, 3900.0], [4325.05, 13000.0], [4325.0, 88222.0], [4324.95, 112634.0], [4324.8, 187435.0], [4324.5, 10569.0], [4324.45, 19975.0], [4324.4, 22843.0], [4324.35, 8965.0], [4324.25, 8000.0], [4324.2, 2419.0], [4324.1, 8062.0], [4323.95, 3083.0], [4323.9, 10278.0], [4323.7, 2418.0], [4323.65, 8060.0], [4323.55, 1312.0]], "asks": [[4325.3, 15156.0], [4326.0, 89.0], [4326.35, 181440.0], [4326.65, 25000.0], [4326.75, 8771.0], [4326.9, 20000.0], [4327.1, 8027.0], [4327.15, 8639.0], [4327.2, 8962.0], [4327.25, 6.0], [4327.4, 74928.0], [4327.45, 8094.0], [4327.6, 11100.0], [4327.65, 28031.0], [4327.75, 8968.0], [4327.8, 2575.0], [4327.85, 8094.0], [4328.0, 2915.0], [4328.2, 8088.0], [4328.4, 5366.0]]}}}
{"jsonrpc": "2.0", "method": "subscription", "params": {"channel": "book.ETH-PERPETUAL.none.20.100ms", "data": {"timestamp": 1756498151781, "change_id": 84297645341, "instrument_name": "ETH-PERPETUAL", "bids": [[4327.05, 64409.0], [4326.75, 2135.0], [4326.7, 7118.0], [4326.6, 112681.0], [4326.55, 181440.0], [4326.15, 5137.0], [4326.0, 20100.0], [4325.95, 41305.0], [4325.9, 21700.0], [4325.85, 6000.0], [4325.75, 12309.0], [4325.7, 28031.0], [4325.65, 13000.0], [4325.5, 29792.0], [4325.4, 7225.0], [4325.25, 24449.0], [4325.2, 20172.0], [4325.15, 8462.0], [4325.0, 2690.0], [4324.8, 11384.0]], "asks": [[4327.1, 9410.0], [4327.25, 6.0], [4327.7, 25000.0], [4327.75, 6.0], [4328.0, 396.0], [4328.15, 28031.0], [4328.5, 11.0], [4328.6, 8753.0], [4328.75, 91.0], [4328.8, 2433.0], [4328.85, 12140.0], [4329.0, 2656.0], [4329.05, 8753.0], [4329.2, 2547.0], [4329.25, 8155.0], [4329.45, 400.0], [4329.6, 5091.0], [4329.65, 8156.0], [4329.7, 8753.0], [4329.75, 46.0]]}}}
{"jsonrpc": "2.0", "method": "subscription", "params": {"channel": "book.ETH-PERPETUAL.none.20.100ms", "data": {"timestamp": 1756498152142, "change_id": 84297649647, "instrument_name": "ETH-PERPETUAL", "bids": [[4327.2, 252899.0], [4327.05, 65190.0], [4327.0, 112707.0], [4326.8, 5244.0], [4326.4, 2667.0], [4326.35, 9456.0], [4326.2, 13048.0], [4326.15, 8965.0], [4326.0, 57827.0], [4325.95, 51047.0], [4325.9, 8062.0], [4325.75, 9161.0], [4325.7, 28031.0], [4325.6, 571.0], [4325.55, 7268.0], [4325.5, 17027.0], [4325.4, 7225.0], [4325.2, 4861.0], [4325.15, 8062.0], [4325.05, 8000.0]], "asks": [[4327.25, 6.0], [4327.75, 6.0], [4328.0, 396.0], [4328.35, 181440.0], [4328.5, 11.0], [4328.6, 8753.0], [4328.75, 291.0], [4328.95, 12093.0], [4329.0, 6664.0], [4329.05, 8753.0], [4329.15, 4031.0], [4329.2, 2547.0], [4329.25, 8155.0], [4329.45, 400.0], [4329.6, 5091.0], [4329.65, 8114.0], [4329.7, 8753.0], [4329.75, 46.0], [4329.9, 2447.0], [4329.95, 8114.0]]}}}
