{"jsonrpc": "2.0", "id": 1, "result": ["book.ETH-PERPETUAL.none.20.100ms"], "usIn": 1759954167930475, "usOut": 1759954167930750, "usDiff": 275, "testnet": false}
{"jsonrpc": "2.0", "method": "subscription", "params": {"channel": "book.ETH-PERPETUAL.none.20.100ms", "data": {"timestamp": 1759954167871, "change_id": 90156890989, "instrument_name": "ETH-PERPETUAL", "bids": [[4509.35, 112944.0], [4509.3, 5000.0], [4509.15, 19257.0], [4508.9, 25000.0], [4508.8, 100.0], [4508.75, 37.0], [4508.55, 3598.0], [4508.5, 15704.0], [4508.45, 5993.0], [4508.35, 2811.0], [4508.3, 2.0], [4508.25, 14055.0], [4508.2, 16691.0], [4508.0, 16690.0], [4507.95, 5787.0], [4507.9, 12082.0], [4507.75, 2737.0], [4507.65, 25539.0], [4507.55, 11938.0], [4507.5, 50000.0]], "asks": [[4509.4, 67571.0], [4509.45, 12523.0], [4509.55, 16000.0], [4509.6, 29756.0], [4509.7, 16000.0], [4509.75, 33832.0], [4509.8, 39600.0], [4509.85, 50000.0], [4510.15, 36.0], [4510.2, 1227.0], [4510.25, 16.0], [4510.3, 5840.0], [4510.35, 21150.0], [4510.4, 2692.0], [4510.5, 19.0], [4510.6, 13946.0], [4510.65, 46703.0], [4510.7, 3832.0], [4510.8, 42.0], [4510.85, 1006.0]]}}}
{"jsonrpc": "2.0", "method": "subscription", "params": {"channel": "book.ETH-PERPETUAL.none.20.100ms", "data": {"timestamp": 1759954167871, "change_id": 90156890989, "instrument_name": "ETH-PERPETUAL", "bids": [[4509.35, 112944.0], [4509.3, 5000.0], [4509.15, 19257.0], [4508.9, 25000.0], [4508.8, 100.0], [4508.75, 37.0], [4508.55, 3598.0], [4508.5, 15704.0], [4508.45, 5993.0], [4508.35, 2811.0], [4508.3, 2.0], [4508.25, 14055.0], [4508.2, 16691.0], [4508.0, 16690.0], [4507.95, 5787.0], [4507.9, 12082.0], [4507.75, 2737.0], [4507.65, 25539.0], [4507.55, 11938.0], [4507.5, 50000.0]], "asks": [[4509.4, 67571.0], [4509.45, 12523.0], [4509.55, 16000.0], [4509.6, 29756.0], [4509.7, 16000.0], [4509.75, 33832.0], [4509.8, 39600.0], [4509.85, 50000.0], [4510.15, 36.0], [4510.2, 1227.0], [4510.25, 16.0], [4510.3, 5840.0], [4510.35, 21150.0], [4510.4, 2692.0], [4510.5, 19.0], [4510.6, 13946.0], [4510.65, 46703.0], [4510.7, 3832.0], [4510.8, 42.0], [4510.85, 1006.0]]}}}
{"jsonrpc": "2.0", "method": "subscription", "params": {"channel": "book.ETH-PERPETUAL.none.20.100ms", "data": {"timestamp": 1759954168343, "change_id": 90156891543, "instrument_name": "ETH-PERPETUAL", "bids": [[4509.35, 112944.0], [4509.3, 5000.0], [4509.15, 19257.0], [4508.9, 25000.0], [4508.8, 100.0], [4508.75, 37.0], [4508.55, 3598.0], [4508.5, 15704.0], [4508.45, 5993.0], [4508.35, 2811.0], [4508.3, 2.0], [4508.25, 14055.0], [4508.2, 16691.0], [4508.0, 16690.0], [4507.95, 5787.0], [4507.9, 12082.0], [4507.75, 2737.0], [4507.65, 25539.0], [4507.55, 11938.0], [4507.5, 50000.0]], "asks": [[4509.4, 67571.0], [4509.45, 12523.0], [4509.55, 16000.0], [4509.6, 29756.0], [4509.7, 16000.0], [4509.75, 33832.0], [4509.8, 25100.0], [4509.85, 50000.0], [4510.15, 36.0], [4510.2, 1227.0], [4510.25, 16.0], [4510.3, 5840.0], [4510.35, 21150.0], [4510.4, 2692.0], [4510.5, 19.0], [4510.6, 13946.0], [4510.65, 46703.0], [4510.7, 3832.0], [4510.8, 42.0], [4510.85, 1006.0]]}}}
{"jsonrpc": "2.0", "method": "subscription", "params": {"channel": "book.ETH-PERPETUAL.none.20.100ms", "data": {"timestamp": 1759954168613, "change_id": 90156891995, "instrument_name": "ETH-PERPETUAL", "bids": [[4509.35, 106601.0], [4509.3, 5000.0], [4508.9, 50600.0], [4508.8, 100.0], [4508.75, 37.0], [4508.55, 3598.0], [4508.5, 14696.0], [4508.45, 5993.0], [4508.35, 2811.0], [4508.3, 2.0], [4508.25, 9547.0], [4508.2, 16691.0], [4508.0, 16690.0], [4507.95, 5787.0], [4507.9, 12082.0], [4507.75, 2737.0], [4507.65, 25539.0], [4507.6, 50000.0], [4507.55, 11938.0], [4507.35, 67450.0]], "asks": [[4509.4, 83671.0], [4509.45, 12523.0], [4509.55, 16000.0], [4509.6, 29756.0], [4509.7, 16000.0], [4509.75, 19283.0], [4509.8, 25100.0], [4509.85, 50000.0], [4510.15, 36.0], [4510.2, 1227.0], [4510.25, 16.0], [4510.3, 5840.0], [4510.35, 16640.0], [4510.4, 7202.0], [4510.5, 19.0], [4510.6, 13946.0], [4510.65, 46703.0], [4510.7, 3832.0], [4510.8, 42.0], [4510.85, 1006.0]]}}}
{"jsonrpc": "2.0", "method": "subscription", "params": {"channel": "book.ETH-PERPETUAL.none.20.100ms", "data": {"timestamp": 1759954169003, "change_id": 90156892606, "instrument_name": "ETH-PERPETUAL", "bids": [[4509.35, 132201.0], [4509.3, 5000.0], [4508.9, 25000.0], [4508.8, 100.0], [4508.75, 37.0], [4508.55, 3598.0], [4508.5, 14696.0], [4508.45, 5993.0], [4508.35, 2811.0], [4508.3, 4510.0], [4508.25, 9547.0], [4508.2, 16691.0], [4508.0, 16690.0], [4507.95, 5787.0], [4507.9, 12082.0], [4507.75, 2737.0], [4507.65, 7051.0], [4507.55, 11938.0], [4507.4, 50000.0], [4507.35, 67450.0]], "asks": [[4509.4, 83711.0], [4509.45, 12523.0], [4509.55, 16000.0], [4509.6, 29756.0], [4509.7, 16000.0], [4509.75, 19283.0], [4509.8, 25000.0], [4509.85, 50000.0], [4510.1, 100.0], [4510.15, 36.0], [4510.2, 1227.0], [4510.25, 16.0], [4510.3, 5840.0], [4510.35, 16640.0], [4510.4, 7202.0], [4510.5, 19.0], [4510.6, 13946.0], [4510.65, 46703.0], [4510.7, 3832.0], [4510.8, 42.0]]}}}
{"jsonrpc": "2.0", "method": "subscription", "params": {"channel": "book.ETH-PERPETUAL.none.20.100ms", "data": {"timestamp": 1759954169307, "change_id": 90156893052, "instrument_name": "ETH-PERPETUAL", "bids": [[4509.35, 1040.0], [4509.3, 5000.0], [4509.05, 6161.0], [4508.95, 25600.0], [4508.9, 25000.0], [4508.8, 100.0], [4508.75, 46.0], [4508.55, 3598.0], [4508.5, 14696.0], [4508.45, 5993.0], [4508.35, 2811.0], [4508.3, 4510.0], [4508.25, 9547.0], [4508.2, 16691.0], [4508.0, 16690.0], [4507.95, 5787.0], [4507.9, 12082.0], [4507.75, 2737.0], [4507.65, 7051.0], [4507.55, 11938.0]], "asks": [[4509.4, 83711.0], [4509.45, 12523.0], [4509.55, 16000.0], [4509.6, 29756.0], [4509.7, 16000.0], [4509.75, 19283.0], [4509.8, 25000.0], [4509.85, 50000.0], [4510.1, 100.0], [4510.15, 36.0], [4510.2, 1227.0], [4510.25, 16.0], [4510.3, 5840.0], [4510.35, 16640.0], [4510.4, 7202.0], [4510.5, 19.0], [4510.6, 23084.0], [4510.65, 46703.0], [4510.7, 3832.0], [4510.75, 32772.0]]}}}
{"jsonrpc": "2.0", "method": "subscription", "params": {"channel": "book.ETH-PERPETUAL.none.20.100ms", "data": {"timestamp": 1759954169657, "change_id": 90156893652, "instrument_name": "ETH-PERPETUAL", "bids": [[4509.3, 6000.0], [4509.25, 11.0], [4509.05, 6161.0], [4509.0, 19257.0], [4508.95, 25600.0], [4508.9, 25000.0], [4508.8, 100.0], [4508.75, 46.0], [4508.55, 3598.0], [4508.5, 14696.0], [4508.45, 5993.0], [4508.35, 2811.0], [4508.3, 4510.0], [4508.25, 9547.0], [4508.2, 16691.0], [4508.0, 16690.0], [4507.95, 5787.0], [4507.9, 12082.0], [4507.75, 2737.0], [4507.7, 5668.0]], "asks": [[4509.35, 87725.0], [4509.4, 70770.0], [4509.45, 8882.0], [4509.55, 8900.0], [4509.6, 29756.0], [4509.75, 19283.0], [4509.8, 25100.0], [4509.85, 50000.0], [4509.9, 36.0], [4510.2, 1227.0], [4510.25, 16.0], [4510.3, 5840.0], [4510.35, 16640.0], [4510.4, 2692.0], [4510.5, 19.0], [4510.55, 70000.0], [4510.6, 23084.0], [4510.65, 46703.0], [4510.7, 3832.0], [4510.75, 32772.0]]}}}
{"jsonrpc": "2.0", "method": "subscription", "params": {"channel": "book.ETH-PERPETUAL.none.20.100ms", "data": {"timestamp": 1759954169980, "change_id": 90156894167, "instrument_name": "ETH-PERPETUAL", "bids": [[4509.3, 6040.0], [4509.25, 11.0], [4509.05, 6161.0], [4509.0, 19257.0], [4508.95, 25700.0], [4508.9, 25000.0], [4508.75, 46.0], [4508.55, 3598.0], [4508.5, 14696.0], [4508.45, 5993.0], [4508.35, 2811.0], [4508.3, 4510.0], [4508.25, 9547.0], [4508.2, 16691.0], [4508.0, 16690.0], [4507.95, 5787.0], [4507.9, 12082.0], [4507.75, 2737.0], [4507.7, 5668.0], [4507.65, 7051.0]], "asks": [[4509.35, 71625.0], [4509.4, 54670.0], [4509.45, 8882.0], [4509.55, 8900.0], [4509.6, 29756.0], [4509.75, 19283.0], [4509.8, 25000.0], [4509.85, 50000.0], [4509.9, 36.0], [4510.15, 100.0], [4510.2, 1227.0], [4510.25, 16.0], [4510.3, 5840.0], [4510.35, 21150.0], [4510.4, 2692.0], [4510.5, 19.0], [4510.55, 70000.0], [4510.6, 23084.0], [4510.65, 46703.0], [4510.7, 3832.0]]}}}
{"jsonrpc": "2.0", "method": "subscription", "params": {"channel": "book.ETH-PERPETUAL.none.20.100ms", "data": {"timestamp": 1759954170299, "change_id": 90156894546, "instrument_name": "ETH-PERPETUAL", "bids": [[4509.3, 31640.0], [4509.25, 11.0], [4509.05, 6161.0], [4509.0, 19257.0], [4508.9, 25100.0], [4508.75, 46.0], [4508.55, 3598.0], [4508.5, 14696.0], [4508.45, 5993.0], [4508.35, 2811.0], [4508.3, 4510.0], [4508.25, 9547.0], [4508.2, 16691.0], [4508.0, 16690.0], [4507.95, 5787.0], [4507.9, 12082.0], [4507.75, 2737.0], [4507.7, 5668.0], [4507.65, 57051.0], [4507.55, 11938.0]], "asks": [[4509.35, 71625.0], [4509.4, 54670.0], [4509.45, 8882.0], [4509.55, 8900.0], [4509.6, 29756.0], [4509.75, 19283.0], [4509.8, 25000.0], [4509.85, 50100.0], [4509.9, 36.0], [4510.2, 1227.0], [4510.25, 16.0], [4510.3, 5840.0], [4510.35, 21150.0], [4510.4, 2692.0], [4510.5, 19.0], [4510.55, 70000.0], [4510.6, 23084.0], [4510.65, 46703.0], [4510.7, 3832.0], [4510.75, 32772.0]]}}}
{"jsonrpc": "2.0", "method": "subscription", "params": {"channel": "book.ETH-PERPETUAL.none.20.100ms", "data": {"timestamp": 1759954170649, "change_id": 90156895167, "instrument_name": "ETH-PERPETUAL", "bids": [[4509.3, 6040.0], [4509.25, 11.0], [4509.05, 6161.0], [4509.0, 19257.0], [4508.9, 25000.0], [4508.8, 25700.0], [4508.75, 46.0], [4508.55, 3598.0], [4508.5, 14696.0], [4508.45, 5993.0], [4508.35, 2811.0], [4508.3, 4510.0], [4508.25, 9556.0], [4508.2, 16691.0], [4508.0, 16690.0], [4507.95, 5787.0], [4507.9, 12082.0], [4507.75, 2737.0], [4507.7, 19874.0], [4507.65, 57051.0]], "asks": [[4509.35, 85725.0], [4509.4, 22670.0], [4509.45, 12552.0], [4509.55, 16100.0], [4509.6, 29756.0], [4509.7, 15500.0], [4509.75, 29485.0], [4509.8, 25100.0], [4509.85, 82000.0], [4509.9, 36.0], [4510.2, 1227.0], [4510.25, 16.0], [4510.3, 5840.0], [4510.35, 21150.0], [4510.4, 2692.0], [4510.5, 45781.0], [4510.55, 70000.0], [4510.65, 46703.0], [4510.7, 3832.0], [4510.75, 32772.0]]}}}
{"jsonrpc": "2.0", "method": "subscription", "params": {"channel": "book.ETH-PERPETUAL.none.20.100ms", "data": {"timestamp": 1759954170961, "change_id": 90156895640, "instrument_name": "ETH-PERPETUAL", "bids": [[4509.3, 6040.0], [4509.25, 11.0], [4509.05, 6161.0], [4508.9, 25000.0], [4508.8, 25700.0], [4508.75, 46.0], [4508.55, 3598.0], [4508.5, 14696.0], [4508.45, 5993.0], [4508.35, 2811.0], [4508.3, 4510.0], [4508.25, 9556.0], [4508.2, 16691.0], [4508.0, 16690.0], [4507.95, 5787.0], [4507.9, 12082.0], [4507.75, 2737.0], [4507.7, 19874.0], [4507.55, 11938.0], [4507.5, 50017.0]], "asks": [[4509.35, 117725.0], [4509.4, 158448.0], [4509.45, 12552.0], [4509.55, 16100.0], [4509.7, 15500.0], [4509.75, 29585.0], [4509.8, 25000.0], [4509.85, 50000.0], [4509.9, 36.0], [4510.2, 1227.0], [4510.25, 16.0], [4510.3, 5840.0], [4510.35, 21150.0], [4510.4, 2692.0], [4510.5, 45781.0], [4510.55, 70000.0], [4510.65, 46703.0], [4510.7, 3832.0], [4510.75, 32772.0], [4510.8, 42.0]]}}}
{"jsonrpc": "2.0", "method": "subscription", "params": {"channel": "book.ETH-PERPETUAL.none.20.100ms", "data": {"timestamp": 1759954171311, "change_id": 90156896043, "instrument_name": "ETH-PERPETUAL", "bids": [[4509.3, 6040.0], [4509.25, 11.0], [4509.05, 6161.0], [4508.9, 25000.0], [4508.8, 25600.0], [4508.75, 46.0], [4508.6, 100.0], [4508.55, 3598.0], [4508.5, 14696.0], [4508.45, 5993.0], [4508.35, 2811.0], [4508.3, 4510.0], [4508.25, 9556.0], [4508.2, 16691.0], [4508.0, 16690.0], [4507.95, 5787.0], [4507.9, 12082.0], [4507.75, 2737.0], [4507.7, 19874.0], [4507.55, 11938.0]], "asks": [[4509.35, 117725.0], [4509.4, 158448.0], [4509.45, 12552.0], [4509.55, 16100.0], [4509.65, 100.0], [4509.7, 15500.0], [4509.75, 29485.0], [4509.8, 25000.0], [4509.85, 50000.0], [4509.9, 36.0], [4510.2, 1227.0], [4510.25, 16.0], [4510.3, 5840.0], [4510.35, 21150.0], [4510.4, 2692.0], [4510.5, 45781.0], [4510.55, 70000.0], [4510.65, 46703.0], [4510.7, 3832.0], [4510.75, 32772.0]]}}}
{"jsonrpc": "2.0", "method": "subscription", "params": {"channel": "book.ETH-PERPETUAL.none.20.100ms", "data": {"timestamp": 1759954171650, "change_id": 90156896763, "instrument_name": "ETH-PERPETUAL", "bids": [[4509.3, 6040.0], [4509.25, 11.0], [4509.05, 6161.0], [4508.95, 16100.0], [4508.9, 25000.0], [4508.85, 16100.0], [4508.8, 25600.0], [4508.75, 46.0], [4508.65, 3628.0], [4508.55, 100.0], [4508.5, 14696.0], [4508.45, 5993.0], [4508.35, 2811.0], [4508.3, 2.0], [4508.25, 14064.0], [4508.2, 16691.0], [4508.0, 16690.0], [4507.95, 5787.0], [4507.9, 12082.0], [4507.75, 2737.0]], "asks": [[4509.35, 103625.0], [4509.4, 158448.0], [4509.45, 19582.0], [4509.65, 100.0], [4509.7, 15500.0], [4509.75, 50000.0], [4509.85, 7475.0], [4509.9, 25036.0], [4510.0, 6.0], [4510.2, 1227.0], [4510.25, 16.0], [4510.3, 5840.0], [4510.35, 22326.0], [4510.4, 2692.0], [4510.5, 45781.0], [4510.55, 70000.0], [4510.65, 46703.0], [4510.7, 3832.0], [4510.75, 32772.0], [4510.8, 42.0]]}}}
{"jsonrpc": "2.0", "method": "subscription", "params": {"channel": "book.ETH-PERPETUAL.none.20.100ms", "data": {"timestamp": 1759954171930, "change_id": 90156897026, "instrument_name": "ETH-PERPETUAL", "bids": [[4509.3, 6040.0], [4509.25, 11.0], [4509.05, 6161.0], [4508.95, 16100.0], [4508.9, 25000.0], [4508.85, 16100.0], [4508.8, 25600.0], [4508.75, 46.0], [4508.65, 3628.0], [4508.55, 100.0], [4508.5, 14696.0], [4508.45, 5993.0], [4508.35, 2811.0], [4508.3, 2.0], [4508.25, 14064.0], [4508.2, 16691.0], [4508.0, 16690.0], [4507.95, 5787.0], [4507.9, 12082.0], [4507.75, 2737.0]], "asks": [[4509.35, 103625.0], [4509.4, 158448.0], [4509.45, 19582.0], [4509.65, 100.0], [4509.7, 15500.0], [4509.75, 50000.0], [4509.85, 7475.0], [4509.9, 25036.0], [4510.0, 6.0], [4510.2, 1227.0], [4510.25, 16.0], [4510.3, 5840.0], [4510.35, 22326.0], [4510.4, 2692.0], [4510.5, 45781.0], [4510.55, 70000.0], [4510.65, 46703.0], [4510.7, 3832.0], [4510.75, 32772.0], [4510.8, 42.0]]}}}
{"jsonrpc": "2.0", "method": "subscription", "params": {"channel": "book.ETH-PERPETUAL.none.20.100ms", "data": {"timestamp": 1759954172218, "change_id": 90156897473, "instrument_name": "ETH-PERPETUAL", "bids": [[4509.3, 6040.0], [4509.25, 11.0], [4509.05, 6161.0], [4508.95, 16100.0], [4508.9, 25000.0], [4508.8, 25600.0], [4508.75, 46.0], [4508.65, 3628.0], [4508.55, 100.0], [4508.5, 14696.0], [4508.45, 5993.0], [4508.35, 2811.0], [4508.3, 2.0], [4508.25, 14064.0], [4508.2, 16691.0], [4508.0, 16690.0], [4507.95, 5787.0], [4507.9, 12082.0], [4507.75, 2737.0], [4507.7, 18494.0]], "asks": [[4509.35, 103625.0], [4509.4, 158448.0], [4509.45, 19582.0], [4509.65, 100.0], [4509.7, 15500.0], [4509.75, 50000.0], [4509.85, 7475.0], [4509.9, 25036.0], [4510.0, 6.0], [4510.2, 1227.0], [4510.25, 16.0], [4510.3, 5840.0], [4510.35, 22326.0], [4510.4, 2692.0], [4510.5, 45781.0], [4510.55, 70000.0], [4510.65, 46703.0], [4510.7, 3832.0], [4510.75, 32772.0], [4510.8, 42.0]]}}}
{"jsonrpc": "2.0", "method": "subscription", "params": {"channel": "book.ETH-PERPETUAL.none.20.100ms", "data": {"timestamp": 1759954172627, "change_id": 90156897996, "instrument_name": "ETH-PERPETUAL", "bids": [[4509.3, 5040.0], [4509.25, 11.0], [4509.2, 1000.0], [4509.05, 6161.0], [4508.95, 16100.0], [4508.9, 25000.0], [4508.8, 25600.0], [4508.75, 46.0], [4508.65, 3628.0], [4508.55, 100.0], [4508.5, 14696.0], [4508.45, 5993.0], [4508.35, 2811.0], [4508.3, 2.0], [4508.25, 14064.0], [4508.2, 16691.0], [4508.0, 16690.0], [4507.95, 5787.0], [4507.9, 12082.0], [4507.75, 2737.0]], "asks": [[4509.35, 103625.0], [4509.4, 158448.0], [4509.45, 19582.0], [4509.65, 100.0], [4509.7, 15500.0], [4509.75, 50000.0], [4509.85, 7475.0], [4509.9, 25036.0], [4510.0, 6.0], [4510.2, 1227.0], [4510.25, 16.0], [4510.3, 5840.0], [4510.35, 22326.0], [4510.4, 2692.0], [4510.5, 45781.0], [4510.55, 70000.0], [4510.65, 46703.0], [4510.7, 3832.0], [4510.75, 32772.0], [4510.8, 42.0]]}}}
{"jsonrpc": "2.0", "method": "subscription", "params": {"channel": "book.ETH-PERPETUAL.none.20.100ms", "data": {"timestamp": 1759954172823, "change_id": 90156898142, "instrument_name": "ETH-PERPETUAL", "bids": [[4509.3, 5040.0], [4509.25, 1011.0], [4509.05, 6161.0], [4508.9, 25000.0], [4508.8, 25600.0], [4508.75, 46.0], [4508.65, 3628.0], [4508.55, 100.0], [4508.5, 14696.0], [4508.45, 5993.0], [4508.35, 2811.0], [4508.3, 2.0], [4508.25, 14064.0], [4508.2, 16691.0], [4508.0, 16690.0], [4507.95, 5787.0], [4507.9, 12082.0], [4507.75, 2737.0], [4507.7, 18494.0], [4507.65, 50000.0]], "asks": [[4509.35, 103625.0], [4509.4, 158448.0], [4509.45, 19582.0], [4509.65, 100.0], [4509.7, 15500.0], [4509.75, 50000.0], [4509.85, 7475.0], [4509.9, 25036.0], [4510.0, 6.0], [4510.2, 1227.0], [4510.25, 16.0], [4510.3, 5840.0], [4510.35, 22326.0], [4510.4, 2692.0], [4510.5, 45781.0], [4510.55, 70000.0], [4510.65, 46703.0], [4510.7, 3832.0], [4510.75, 32772.0], [4510.8, 42.0]]}}}
{"jsonrpc": "2.0", "method": "subscription", "params": {"channel": "book.ETH-PERPETUAL.none.20.100ms", "data": {"timestamp": 1759954173149, "change_id": 90156898638, "instrument_name": "ETH-PERPETUAL", "bids": [[4509.3, 5040.0], [4509.25, 1011.0], [4508.9, 31021.0], [4508.8, 25600.0], [4508.75, 46.0], [4508.65, 3628.0], [4508.55, 100.0], [4508.5, 14696.0], [4508.45, 5993.0], [4508.35, 2811.0], [4508.3, 2.0], [4508.25, 14064.0], [4508.2, 16691.0], [4508.0, 16690.0], [4507.95, 5787.0], [4507.9, 12082.0], [4507.75, 2737.0], [4507.7, 18494.0], [4507.65, 50000.0], [4507.55, 11938.0]], "asks": [[4509.35, 103625.0], [4509.4, 158448.0], [4509.45, 19582.0], [4509.65, 100.0], [4509.7, 15500.0], [4509.75, 50000.0], [4509.85, 7475.0], [4509.9, 25036.0], [4510.0, 6.0], [4510.2, 1227.0], [4510.25, 16.0], [4510.3, 5840.0], [4510.35, 22326.0], [4510.4, 2692.0], [4510.5, 45781.0], [4510.55, 70000.0], [4510.65, 46703.0], [4510.7, 3832.0], [4510.75, 32772.0], [4510.8, 42.0]]}}}
{"jsonrpc": "2.0", "method": "subscription", "params": {"channel": "book.ETH-PERPETUAL.none.20.100ms", "data": {"timestamp": 1759954173628, "change_id": 90156899256, "instrument_name": "ETH-PERPETUAL", "bids": [[4509.3, 6040.0], [4509.25, 11.0], [4508.95, 16000.0], [4508.9, 31021.0], [4508.8, 25600.0], [4508.75, 46.0], [4508.7, 100.0], [4508.65, 3628.0], [4508.5, 14696.0], [4508.45, 5993.0], [4508.35, 2811.0], [4508.3, 2.0], [4508.25, 14064.0], [4508.2, 16691.0], [4508.0, 16690.0], [4507.95, 5787.0], [4507.9, 12082.0], [4507.75, 2737.0], [4507.7, 18494.0], [4507.65, 50000.0]], "asks": [[4509.35, 81725.0], [4509.4, 158448.0], [4509.45, 19582.0], [4509.65, 100.0], [4509.7, 15500.0], [4509.75, 67027.0], [4509.8, 32000.0], [4509.9, 25036.0], [4510.0, 6.0], [4510.2, 1227.0], [4510.25, 16.0], [4510.3, 5840.0], [4510.35, 22326.0], [4510.4, 2692.0], [4510.5, 45781.0], [4510.55, 70000.0], [4510.65, 46703.0], [4510.7, 3832.0], [4510.75, 32772.0], [4510.8, 42.0]]}}}
{"jsonrpc": "2.0", "method": "subscription", "params": {"channel": "book.ETH-PERPETUAL.none.20.100ms", "data": {"timestamp": 1759954173951, "change_id": 90156899555, "instrument_name": "ETH-PERPETUAL", "bids": [[4509.3, 31640.0], [4509.25, 11.0], [4508.9, 31021.0], [4508.75, 46.0], [4508.7, 100.0], [4508.65, 3628.0], [4508.5, 14696.0], [4508.45, 5993.0], [4508.35, 2811.0], [4508.3, 2.0], [4508.25, 14064.0], [4508.2, 16691.0], [4508.0, 16690.0], [4507.95, 5787.0], [4507.9, 12082.0], [4507.75, 2737.0], [4507.7, 18494.0], [4507.65, 50000.0], [4507.55, 11938.0], [4507.5, 17.0]], "asks": [[4509.35, 71625.0], [4509.4, 158448.0], [4509.45, 19582.0], [4509.65, 100.0], [4509.7, 15500.0], [4509.75, 66071.0], [4509.8, 32000.0], [4509.9, 25036.0], [4510.0, 6.0], [4510.2, 1227.0], [4510.25, 16.0], [4510.3, 5840.0], [4510.35, 22326.0], [4510.4, 2692.0], [4510.5, 45781.0], [4510.55, 70000.0], [4510.65, 46703.0], [4510.7, 3832.0], [4510.75, 32772.0], [4510.8, 42.0]]}}}
{"jsonrpc": "2.0", "method": "subscription", "params": {"channel": "book.ETH-PERPETUAL.none.20.100ms", "data": {"timestamp": 1759954174279, "change_id": 90156900029, "instrument_name": "ETH-PERPETUAL", "bids": [[4509.3, 31640.0], [4509.25, 11.0], [4508.95, 16100.0], [4508.9, 31021.0], [4508.75, 46.0], [4508.7, 100.0], [4508.65, 3628.0], [4508.5, 15706.0], [4508.45, 6033.0], [4508.35, 2811.0], [4508.3, 2.0], [4508.25, 14064.0], [4508.2, 16651.0], [4508.0, 16690.0], [4507.95, 5787.0], [4507.9, 12082.0], [4507.75, 2737.0], [4507.7, 18494.0], [4507.65, 50000.0], [4507.55, 11938.0]], "asks": [[4509.35, 103625.0], [4509.4, 158448.0], [4509.45, 19582.0], [4509.65, 100.0], [4509.7, 15500.0], [4509.75, 57475.0], [4509.9, 25000.0], [4510.0, 6.0], [4510.2, 1263.0], [4510.25, 16.0], [4510.3, 5840.0], [4510.35, 22326.0], [4510.4, 2692.0], [4510.5, 45781.0], [4510.55, 70000.0], [4510.65, 46703.0], [4510.7, 3832.0], [4510.75, 32772.0], [4510.8, 42.0], [4510.85, 1006.0]]}}}
{"jsonrpc": "2.0", "method": "subscription", "params": {"channel": "book.ETH-PERPETUAL.none.20.100ms", "data": {"timestamp": 1759954174596, "change_id": 90156900438, "instrument_name": "ETH-PERPETUAL", "bids": [[4509.3, 31640.0], [4509.25, 11.0], [4509.0, 14079.0], [4508.95, 16100.0], [4508.9, 31021.0], [4508.75, 46.0], [4508.7, 100.0], [4508.65, 3628.0], [4508.5, 15706.0], [4508.45, 6033.0], [4508.35, 2811.0], [4508.3, 2.0], [4508.25, 14064.0], [4508.2, 16651.0], [4508.0, 16690.0], [4507.95, 5787.0], [4507.9, 12082.0], [4507.75, 2737.0], [4507.7, 18494.0], [4507.65, 50000.0]], "asks": [[4509.35, 103625.0], [4509.4, 158448.0], [4509.45, 19582.0], [4509.65, 100.0], [4509.7, 15500.0], [4509.75, 57475.0], [4509.9, 25000.0], [4510.0, 6.0], [4510.2, 1263.0], [4510.25, 16.0], [4510.3, 5840.0], [4510.35, 22326.0], [4510.4, 2692.0], [4510.5, 45781.0], [4510.55, 70000.0], [4510.65, 46703.0], [4510.7, 3832.0], [4510.75, 32772.0], [4510.8, 42.0], [4510.85, 1006.0]]}}}
{"jsonrpc": "2.0", "method": "subscription", "params": {"channel": "book.ETH-PERPETUAL.none.20.100ms", "data": {"timestamp": 1759954174927, "change_id": 90156900834, "instrument_name": "ETH-PERPETUAL", "bids": [[4509.3, 42819.0], [4509.25, 11.0], [4509.05, 5848.0], [4509.0, 33336.0], [4508.95, 16100.0], [4508.9, 31021.0], [4508.75, 46.0], [4508.65, 3628.0], [4508.5, 15706.0], [4508.45, 6033.0], [4508.35, 2811.0], [4508.3, 2.0], [4508.25, 14064.0], [4508.2, 16651.0], [4508.0, 16690.0], [4507.95, 5787.0], [4507.9, 12082.0], [4507.75, 2737.0], [4507.7, 50000.0], [4507.55, 11938.0]], "asks": [[4509.35, 58237.0], [4509.4, 158328.0], [4509.45, 19582.0], [4509.75, 66061.0], [4509.85, 32000.0], [4509.9, 25000.0], [4510.0, 6.0], [4510.15, 100.0], [4510.2, 1227.0], [4510.25, 16.0], [4510.3, 5840.0], [4510.35, 22326.0], [4510.4, 2692.0], [4510.5, 45781.0], [4510.55, 70036.0], [4510.6, 3831.0], [4510.65, 46703.0], [4510.75, 32772.0], [4510.8, 42.0], [4510.85, 1006.0]]}}}
{"jsonrpc": "2.0", "method": "subscription", "params": {"channel": "book.ETH-PERPETUAL.none.20.100ms", "data": {"timestamp": 1759954175221, "change_id": 90156901338, "instrument_name": "ETH-PERPETUAL", "bids": [[4509.3, 38338.0], [4509.25, 11.0], [4509.05, 5848.0], [4509.0, 33336.0], [4508.95, 16100.0], [4508.9, 31021.0], [4508.75, 86.0], [4508.65, 3628.0], [4508.5, 15706.0], [4508.45, 5993.0], [4508.35, 2811.0], [4508.3, 2.0], [4508.25, 14064.0], [4508.2, 16651.0], [4508.0, 16690.0], [4507.95, 5787.0], [4507.9, 12082.0], [4507.75, 2737.0], [4507.7, 50000.0], [4507.55, 11938.0]], "asks": [[4509.35, 58237.0], [4509.4, 158328.0], [4509.45, 19582.0], [4509.75, 66061.0], [4509.85, 32000.0], [4509.9, 25000.0], [4510.0, 6.0], [4510.15, 100.0], [4510.2, 1227.0], [4510.25, 16.0], [4510.3, 5840.0], [4510.35, 22326.0], [4510.4, 2692.0], [4510.5, 45781.0], [4510.55, 70036.0], [4510.6, 3831.0], [4510.65, 46703.0], [4510.75, 32772.0], [4510.8, 42.0], [4510.85, 1006.0]]}}}
{"jsonrpc": "2.0", "method": "subscription", "params": {"channel": "book.ETH-PERPETUAL.none.20.100ms", "data": {"timestamp": 1759954175612, "change_id": 90156901874, "instrument_name": "ETH-PERPETUAL", "bids": [[4509.3, 35471.0], [4509.25, 11.0], [4509.05, 5748.0], [4509.0, 28542.0], [4508.9, 31021.0], [4508.75, 46.0], [4508.7, 100.0], [4508.65, 3628.0], [4508.5, 15706.0], [4508.45, 6033.0], [4508.35, 2811.0], [4508.3, 2.0], [4508.25, 14064.0], [4508.2, 16651.0], [4508.0, 16690.0], [4507.95, 5787.0], [4507.9, 12082.0], [4507.75, 2737.0], [4507.7, 50000.0], [4507.55, 11938.0]], "asks": [[4509.35, 74457.0], [4509.4, 158328.0], [4509.65, 100.0], [4509.7, 14925.0], [4509.75, 50000.0], [4509.8, 17016.0], [4509.85, 32000.0], [4509.9, 25000.0], [4510.0, 6.0], [4510.2, 1227.0], [4510.25, 16.0], [4510.3, 5840.0], [4510.35, 22326.0], [4510.4, 2692.0], [4510.5, 45781.0], [4510.55, 70036.0], [4510.6, 3831.0], [4510.65, 46703.0], [4510.75, 32772.0], [4510.8, 42.0]]}}}
{"jsonrpc": "2.0", "method": "subscription", "params": {"channel": "book.ETH-PERPETUAL.none.20.100ms", "data": {"timestamp": 1759954175894, "change_id": 90156902139, "instrument_name": "ETH-PERPETUAL", "bids": [[4509.3, 35471.0], [4509.25, 11.0], [4509.05, 5748.0], [4509.0, 28542.0], [4508.9, 31021.0], [4508.75, 46.0], [4508.7, 100.0], [4508.65, 3628.0], [4508.5, 15706.0], [4508.45, 6033.0], [4508.35, 2811.0], [4508.3, 2.0], [4508.25, 14064.0], [4508.2, 16651.0], [4508.0, 16690.0], [4507.95, 5787.0], [4507.9, 12082.0], [4507.75, 21231.0], [4507.7, 50000.0], [4507.55, 11938.0]], "asks": [[4509.35, 106457.0], [4509.4, 158328.0], [4509.65, 100.0], [4509.7, 14925.0], [4509.75, 50000.0], [4509.8, 7464.0], [4509.9, 25000.0], [4510.0, 6.0], [4510.2, 1227.0], [4510.25, 52.0], [4510.3, 5840.0], [4510.35, 22326.0], [4510.4, 2692.0], [4510.5, 45781.0], [4510.55, 70000.0], [4510.6, 3831.0], [4510.65, 46703.0], [4510.75, 32772.0], [4510.8, 42.0], [4510.85, 1006.0]]}}}
{"jsonrpc": "2.0", "method": "subscription", "params": {"channel": "book.ETH-PERPETUAL.none.20.100ms", "data": {"timestamp": 1759954176271, "change_id": 90156902864, "instrument_name": "ETH-PERPETUAL", "bids": [[4509.3, 35471.0], [4509.25, 11.0], [4508.95, 1841.0], [4508.9, 6021.0], [4508.8, 100.0], [4508.75, 11137.0], [4508.7, 25000.0], [4508.5, 15706.0], [4508.45, 6033.0], [4508.35, 2811.0], [4508.3, 2.0], [4508.25, 14064.0], [4508.2, 16651.0], [4508.0, 16690.0], [4507.95, 5787.0], [4507.9, 12082.0], [4507.75, 21231.0], [4507.7, 50000.0], [4507.55, 11938.0], [4507.5, 17.0]], "asks": [[4509.35, 230271.0], [4509.4, 22550.0], [4509.6, 14955.0], [4509.75, 50000.0], [4509.8, 100.0], [4509.85, 7464.0], [4509.9, 25000.0], [4510.0, 6.0], [4510.2, 1227.0], [4510.25, 52.0], [4510.3, 5840.0], [4510.35, 22326.0], [4510.4, 2692.0], [4510.5, 45781.0], [4510.55, 70000.0], [4510.6, 3831.0], [4510.65, 46703.0], [4510.75, 32772.0], [4510.8, 42.0], [4510.85, 1006.0]]}}}
{"jsonrpc": "2.0", "method": "subscription", "params": {"channel": "book.ETH-PERPETUAL.none.20.100ms", "data": {"timestamp": 1759954176565, "change_id": 90156903305, "instrument_name": "ETH-PERPETUAL", "bids": [[4509.3, 35471.0], [4509.25, 11.0], [4508.95, 1841.0], [4508.9, 6021.0], [4508.8, 100.0], [4508.75, 11137.0], [4508.7, 25000.0], [4508.5, 15706.0], [4508.45, 6033.0], [4508.35, 2811.0], [4508.3, 2.0], [4508.25, 14064.0], [4508.2, 16651.0], [4508.0, 16690.0], [4507.95, 5787.0], [4507.9, 12082.0], [4507.75, 21231.0], [4507.7, 50000.0], [4507.55, 11938.0], [4507.5, 17.0]], "asks": [[4509.35, 232671.0], [4509.4, 22550.0], [4509.6, 14955.0], [4509.75, 50000.0], [4509.8, 100.0], [4509.85, 7464.0], [4509.9, 25000.0], [4510.0, 6.0], [4510.2, 1227.0], [4510.25, 52.0], [4510.3, 5840.0], [4510.35, 22326.0], [4510.4, 2692.0], [4510.5, 45781.0], [4510.55, 70000.0], [4510.6, 3831.0], [4510.65, 46703.0], [4510.75, 32772.0], [4510.8, 42.0], [4510.85, 1006.0]]}}}
{"jsonrpc": "2.0", "method": "subscription", "params": {"channel": "book.ETH-PERPETUAL.none.20.100ms", "data": {"timestamp": 1759954176897, "change_id": 90156903584, "instrument_name": "ETH-PERPETUAL", "bids": [[4509.3, 9871.0], [4509.25, 11.0], [4508.95, 9247.0], [4508.9, 6021.0], [4508.8, 25700.0], [4508.75, 11137.0], [4508.7, 25000.0], [4508.5, 15706.0], [4508.45, 6033.0], [4508.35, 2811.0], [4508.3, 2.0], [4508.25, 14064.0], [4508.2, 16651.0], [4508.0, 16690.0], [4507.95, 5787.0], [4507.9, 12082.0], [4507.75, 21231.0], [4507.7, 50000.0], [4507.55, 11938.0], [4507.5, 17.0]], "asks": [[4509.35, 216571.0], [4509.4, 22550.0], [4509.6, 14955.0], [4509.75, 50000.0], [4509.8, 100.0], [4509.85, 7464.0], [4509.9, 25000.0], [4510.0, 6.0], [4510.2, 1227.0], [4510.25, 52.0], [4510.3, 5840.0], [4510.35, 22326.0], [4510.4, 2692.0], [4510.5, 45781.0], [4510.55, 70000.0], [4510.6, 3831.0], [4510.65, 46703.0], [4510.75, 32772.0], [4510.8, 42.0], [4510.85, 1006.0]]}}}
{"jsonrpc": "2.0", "method": "subscription", "params": {"channel": "book.ETH-PERPETUAL.none.20.100ms", "data": {"timestamp": 1759954177144, "change_id": 90156903953, "instrument_name": "ETH-PERPETUAL", "bids": [[4509.3, 35471.0], [4509.25, 11.0], [4508.95, 1841.0], [4508.9, 6021.0], [4508.8, 100.0], [4508.75, 11137.0], [4508.7, 25000.0], [4508.5, 15706.0], [4508.45, 6033.0], [4508.35, 2811.0], [4508.3, 2.0], [4508.25, 14064.0], [4508.2, 16651.0], [4508.0, 16690.0], [4507.95, 5787.0], [4507.9, 12082.0], [4507.75, 21231.0], [4507.7, 50000.0], [4507.55, 11938.0], [4507.5, 17.0]], "asks": [[4509.35, 216571.0], [4509.4, 22550.0], [4509.6, 14955.0], [4509.75, 50000.0], [4509.8, 100.0], [4509.85, 7464.0], [4509.9, 25000.0], [4510.0, 6.0], [4510.2, 1227.0], [4510.25, 52.0], [4510.3, 5840.0], [4510.35, 22326.0], [4510.4, 2692.0], [4510.5, 45781.0], [4510.55, 70000.0], [4510.6, 3831.0], [4510.65, 46703.0], [4510.75, 32772.0], [4510.8, 42.0], [4510.85, 1006.0]]}}}
{"jsonrpc": "2.0", "method": "subscription", "params": {"channel": "book.ETH-PERPETUAL.none.20.100ms", "data": {"timestamp": 1759954177567, "change_id": 90156904490, "instrument_name": "ETH-PERPETUAL", "bids": [[4509.3, 9871.0], [4509.25, 11.0], [4508.95, 9247.0], [4508.9, 6021.0], [4508.85, 25600.0], [4508.8, 100.0], [4508.75, 11137.0], [4508.7, 25000.0], [4508.5, 15706.0], [4508.45, 6033.0], [4508.35, 2811.0], [4508.3, 2.0], [4508.25, 14064.0], [4508.2, 16651.0], [4508.0, 16690.0], [4507.95, 5787.0], [4507.9, 12082.0], [4507.75, 21231.0], [4507.7, 50000.0], [4507.55, 11938.0]], "asks": [[4509.35, 216571.0], [4509.4, 22550.0], [4509.6, 14955.0], [4509.75, 50000.0], [4509.8, 100.0], [4509.85, 7464.0], [4509.9, 25000.0], [4510.0, 6.0], [4510.2, 1227.0], [4510.25, 52.0], [4510.3, 5840.0], [4510.35, 22326.0], [4510.4, 2692.0], [4510.5, 45781.0], [4510.55, 70000.0], [4510.6, 3831.0], [4510.65, 46703.0], [4510.75, 32772.0], [4510.8, 42.0], [4510.85, 1006.0]]}}}
{"jsonrpc": "2.0", "method": "subscription", "params": {"channel": "book.ETH-PERPETUAL.none.20.100ms", "data": {"timestamp": 1759954177931, "change_id": 90156905451, "instrument_name": "ETH-PERPETUAL", "bids": [[4509.3, 35471.0], [4509.25, 11.0], [4508.95, 1841.0], [4508.9, 6021.0], [4508.8, 100.0], [4508.75, 46.0], [4508.5, 15706.0], [4508.45, 6033.0], [4508.35, 2811.0], [4508.3, 2.0], [4508.25, 14064.0], [4508.2, 16651.0], [4508.0, 16690.0], [4507.95, 5787.0], [4507.9, 12082.0], [4507.75, 21231.0], [4507.7, 50000.0], [4507.55, 11938.0], [4507.5, 17.0], [4507.35, 47456.0]], "asks": [[4509.35, 216571.0], [4509.4, 22550.0], [4509.6, 14955.0], [4509.75, 50000.0], [4509.8, 100.0], [4509.85, 7464.0], [4509.9, 25000.0], [4510.0, 6.0], [4510.2, 1227.0], [4510.25, 52.0], [4510.3, 5840.0], [4510.35, 22326.0], [4510.4, 2692.0], [4510.5, 45781.0], [4510.55, 70000.0], [4510.6, 3831.0], [4510.65, 46703.0], [4510.75, 32772.0], [4510.8, 42.0], [4510.85, 1006.0]]}}}
{"jsonrpc": "2.0", "method": "subscription", "params": {"channel": "book.ETH-PERPETUAL.none.20.100ms", "data": {"timestamp": 1759954178162, "change_id": 90156905856, "instrument_name": "ETH-PERPETUAL", "bids": [[4509.3, 35471.0], [4509.25, 11.0], [4509.0, 100.0], [4508.95, 9068.0], [4508.9, 6021.0], [4508.8, 25000.0], [4508.75, 3644.0], [4508.5, 15706.0], [4508.45, 6033.0], [4508.35, 2811.0], [4508.3, 2.0], [4508.25, 14064.0], [4508.2, 16651.0], [4508.0, 16690.0], [4507.95, 5787.0], [4507.9, 12082.0], [4507.75, 21231.0], [4507.7, 50000.0], [4507.55, 11938.0], [4507.5, 17.0]], "asks": [[4509.35, 184571.0], [4509.4, 22550.0], [4509.6, 22565.0], [4509.75, 82000.0], [4509.85, 7464.0], [4509.9, 25000.0], [4510.0, 6.0], [4510.15, 100.0], [4510.2, 1227.0], [4510.25, 52.0], [4510.3, 5840.0], [4510.35, 22326.0], [4510.4, 2692.0], [4510.5, 45781.0], [4510.55, 70000.0], [4510.6, 3831.0], [4510.65, 46703.0], [4510.75, 32772.0], [4510.8, 42.0], [4510.85, 1006.0]]}}}
{"jsonrpc": "2.0", "method": "subscription", "params": {"channel": "book.ETH-PERPETUAL.none.20.100ms", "data": {"timestamp": 1759954178577, "change_id": 90156906472, "instrument_name": "ETH-PERPETUAL", "bids": [[4509.3, 35471.0], [4509.25, 11.0], [4509.05, 12253.0], [4509.0, 50904.0], [4508.95, 16200.0], [4508.9, 6021.0], [4508.75, 3644.0], [4508.5, 15706.0], [4508.45, 6033.0], [4508.35, 2811.0], [4508.3, 2.0], [4508.25, 14064.0], [4508.2, 16651.0], [4508.0, 16690.0], [4507.95, 5787.0], [4507.9, 12082.0], [4507.75, 21231.0], [4507.7, 50000.0], [4507.55, 11938.0], [4507.5, 17.0]], "asks": [[4509.35, 184451.0], [4509.4, 22550.0], [4509.6, 22565.0], [4509.75, 82000.0], [4509.85, 7464.0], [4509.9, 25000.0], [4510.0, 6.0], [4510.15, 100.0], [4510.2, 1227.0], [4510.25, 52.0], [4510.3, 5840.0], [4510.35, 22326.0], [4510.4, 2692.0], [4510.5, 45781.0], [4510.55, 70000.0], [4510.6, 3831.0], [4510.65, 46703.0], [4510.75, 32772.0], [4510.8, 42.0], [4510.85, 1006.0]]}}}
{"jsonrpc": "2.0", "method": "subscription", "params": {"channel": "book.ETH-PERPETUAL.none.20.100ms", "data": {"timestamp": 1759954178887, "change_id": 90156906748, "instrument_name": "ETH-PERPETUAL", "bids": [[4509.3, 35471.0], [4509.25, 11.0], [4509.05, 12253.0], [4509.0, 46068.0], [4508.95, 100.0], [4508.9, 6021.0], [4508.75, 3644.0], [4508.5, 15706.0], [4508.45, 6033.0], [4508.35, 2811.0], [4508.3, 2.0], [4508.25, 14064.0], [4508.2, 16651.0], [4508.0, 16690.0], [4507.95, 5787.0], [4507.9, 12082.0], [4507.75, 21231.0], [4507.7, 50000.0], [4507.55, 11938.0], [4507.5, 17.0]], "asks": [[4509.35, 184451.0], [4509.4, 22550.0], [4509.6, 22565.0], [4509.75, 82000.0], [4509.85, 7464.0], [4509.9, 25000.0], [4510.0, 6.0], [4510.15, 100.0], [4510.2, 1227.0], [4510.25, 52.0], [4510.3, 5840.0], [4510.35, 22326.0], [4510.4, 2692.0], [4510.5, 45781.0], [4510.55, 70000.0], [4510.6, 3831.0], [4510.65, 46703.0], [4510.75, 32772.0], [4510.8, 42.0], [4510.85, 1006.0]]}}}
{"jsonrpc": "2.0", "method": "subscription", "params": {"channel": "book.ETH-PERPETUAL.none.20.100ms", "data": {"timestamp": 1759954179200, "change_id": 90156907365, "instrument_name": "ETH-PERPETUAL", "bids": [[4509.3, 35471.0], [4509.25, 11.0], [4509.15, 19257.0], [4509.05, 7492.0], [4509.0, 26811.0], [4508.9, 6021.0], [4508.8, 100.0], [4508.75, 3644.0], [4508.7, 40.0], [4508.5, 15706.0], [4508.45, 5993.0], [4508.35, 2811.0], [4508.3, 2.0], [4508.25, 14064.0], [4508.2, 16651.0], [4508.0, 16690.0], [4507.95, 5787.0], [4507.9, 12082.0], [4507.75, 21231.0], [4507.7, 50000.0]], "asks": [[4509.35, 140996.0], [4509.4, 22550.0], [4509.6, 22565.0], [4509.75, 82000.0], [4509.85, 7564.0], [4509.9, 25000.0], [4510.0, 6.0], [4510.2, 1227.0], [4510.25, 52.0], [4510.3, 5840.0], [4510.35, 22326.0], [4510.4, 2692.0], [4510.5, 45781.0], [4510.55, 70000.0], [4510.6, 3831.0], [4510.65, 46703.0], [4510.75, 32772.0], [4510.8, 42.0], [4510.85, 1006.0], [4511.0, 4320.0]]}}}
{"jsonrpc": "2.0", "method": "subscription", "params": {"channel": "book.ETH-PERPETUAL.none.20.100ms", "data": {"timestamp": 1759954179580, "change_id": 90156907867, "instrument_name": "ETH-PERPETUAL", "bids": [[4509.3, 35471.0], [4509.25, 11.0], [4509.15, 19257.0], [4509.05, 7492.0], [4509.0, 31415.0], [4508.9, 6021.0], [4508.85, 16100.0], [4508.8, 100.0], [4508.75, 3644.0], [4508.7, 40.0], [4508.5, 15706.0], [4508.45, 5993.0], [4508.35, 2811.0], [4508.3, 2.0], [4508.25, 14064.0], [4508.2, 16651.0], [4508.0, 16690.0], [4507.95, 5787.0], [4507.9, 12082.0], [4507.75, 21231.0]], "asks": [[4509.35, 140996.0], [4509.4, 22550.0], [4509.55, 16100.0], [4509.6, 22565.0], [4509.75, 82000.0], [4509.85, 7564.0], [4509.9, 25000.0], [4510.0, 6.0], [4510.2, 1227.0], [4510.25, 52.0], [4510.3, 5840.0], [4510.35, 22326.0], [4510.4, 2692.0], [4510.5, 45781.0], [4510.55, 70000.0], [4510.6, 3831.0], [4510.65, 46703.0], [4510.75, 32772.0], [4510.8, 42.0], [4510.85, 1006.0]]}}}
{"jsonrpc": "2.0", "method": "subscription", "params": {"channel": "book.ETH-PERPETUAL.none.20.100ms", "data": {"timestamp": 1759954179905, "change_id": 90156908125, "instrument_name": "ETH-PERPETUAL", "bids": [[4509.3, 39866.0], [4509.25, 11.0], [4509.15, 19257.0], [4509.05, 7592.0], [4509.0, 31415.0], [4508.9, 6021.0], [4508.85, 16100.0], [4508.75, 3644.0], [4508.7, 40.0], [4508.5, 15706.0], [4508.45, 5993.0], [4508.35, 2811.0], [4508.3, 2.0], [4508.25, 14064.0], [4508.2, 16651.0], [4508.0, 16690.0], [4507.95, 5787.0], [4507.9, 12082.0], [4507.75, 21231.0], [4507.7, 50000.0]], "asks": [[4509.35, 140996.0], [4509.4, 22550.0], [4509.6, 22565.0], [4509.75, 82000.0], [4509.85, 7464.0], [4509.9, 25000.0], [4510.0, 6.0], [4510.15, 100.0], [4510.2, 1227.0], [4510.25, 52.0], [4510.3, 5840.0], [4510.35, 22326.0], [4510.4, 2692.0], [4510.5, 45781.0], [4510.55, 70000.0], [4510.6, 3831.0], [4510.65, 46703.0], [4510.75, 32772.0], [4510.8, 42.0], [4510.85, 1006.0]]}}}
{"jsonrpc": "2.0", "method": "subscription", "params": {"channel": "book.ETH-PERPETUAL.none.20.100ms", "data": {"timestamp": 1759954180191, "change_id": 90156908706, "instrument_name": "ETH-PERPETUAL", "bids": [[4509.3, 35471.0], [4509.25, 11.0], [4509.2, 7492.0], [4509.0, 31415.0], [4508.95, 100.0], [4508.9, 6021.0], [4508.85, 16100.0], [4508.75, 3644.0], [4508.7, 40.0], [4508.5, 15706.0], [4508.45, 5993.0], [4508.35, 2811.0], [4508.3, 2.0], [4508.25, 14064.0], [4508.2, 16651.0], [4508.0, 16690.0], [4507.95, 5787.0], [4507.9, 12082.0], [4507.75, 21231.0], [4507.7, 50000.0]], "asks": [[4509.35, 140160.0], [4509.4, 22550.0], [4509.6, 23504.0], [4509.75, 82000.0], [4509.85, 7464.0], [4509.9, 25000.0], [4510.0, 6.0], [4510.15, 100.0], [4510.2, 1227.0], [4510.25, 52.0], [4510.3, 5840.0], [4510.35, 22326.0], [4510.4, 2692.0], [4510.5, 45781.0], [4510.55, 70000.0], [4510.6, 3831.0], [4510.65, 46703.0], [4510.75, 32772.0], [4510.8, 42.0], [4510.85, 1006.0]]}}}
{"jsonrpc": "2.0", "method": "subscription", "params": {"channel": "book.ETH-PERPETUAL.none.20.100ms", "data": {"timestamp": 1759954180570, "change_id": 90156909318, "instrument_name": "ETH-PERPETUAL", "bids": [[4509.3, 35471.0], [4509.25, 11.0], [4509.1, 12268.0], [4509.05, 16100.0], [4509.0, 26811.0], [4508.95, 100.0], [4508.9, 6021.0], [4508.75, 3644.0], [4508.7, 40.0], [4508.5, 15706.0], [4508.45, 5993.0], [4508.35, 2811.0], [4508.3, 2.0], [4508.25, 14064.0], [4508.2, 16651.0], [4508.0, 16690.0], [4507.95, 5787.0], [4507.9, 12082.0], [4507.75, 21231.0], [4507.7, 50000.0]], "asks": [[4509.35, 140160.0], [4509.4, 22550.0], [4509.6, 23504.0], [4509.75, 82000.0], [4509.85, 7464.0], [4509.9, 25000.0], [4510.0, 6.0], [4510.15, 100.0], [4510.2, 1227.0], [4510.25, 52.0], [4510.3, 5840.0], [4510.35, 22326.0], [4510.4, 2692.0], [4510.5, 45781.0], [4510.55, 70000.0], [4510.6, 3831.0], [4510.65, 46703.0], [4510.75, 32772.0], [4510.8, 42.0], [4510.85, 1006.0]]}}}
{"jsonrpc": "2.0", "method": "subscription", "params": {"channel": "book.ETH-PERPETUAL.none.20.100ms", "data": {"timestamp": 1759954180820, "change_id": 90156909601, "instrument_name": "ETH-PERPETUAL", "bids": [[4509.3, 35471.0], [4509.25, 11.0], [4509.1, 7492.0], [4509.05, 100.0], [4509.0, 26811.0], [4508.9, 6021.0], [4508.75, 3644.0], [4508.7, 40.0], [4508.5, 15706.0], [4508.45, 5993.0], [4508.35, 2811.0], [4508.3, 2.0], [4508.25, 14064.0], [4508.2, 16651.0], [4508.0, 16690.0], [4507.95, 5787.0], [4507.9, 12082.0], [4507.75, 21231.0], [4507.7, 50000.0], [4507.55, 11938.0]], "asks": [[4509.35, 140160.0], [4509.4, 22550.0], [4509.6, 23504.0], [4509.75, 82000.0], [4509.85, 7464.0], [4509.9, 25000.0], [4510.0, 6.0], [4510.15, 100.0], [4510.2, 1227.0], [4510.25, 52.0], [4510.3, 5840.0], [4510.35, 22326.0], [4510.4, 2692.0], [4510.5, 45781.0], [4510.55, 70000.0], [4510.6, 3831.0], [4510.65, 46703.0], [4510.75, 32772.0], [4510.8, 42.0], [4510.85, 1006.0]]}}}
{"jsonrpc": "2.0", "method": "subscription", "params": {"channel": "book.ETH-PERPETUAL.none.20.100ms", "data": {"timestamp": 1759954181227, "change_id": 90156910318, "instrument_name": "ETH-PERPETUAL", "bids": [[4509.3, 61251.0], [4509.25, 11.0], [4509.2, 13241.0], [4509.15, 19257.0], [4509.05, 100.0], [4509.0, 26811.0], [4508.9, 6021.0], [4508.75, 3644.0], [4508.7, 40.0], [4508.5, 15706.0], [4508.45, 5993.0], [4508.35, 2811.0], [4508.3, 2.0], [4508.25, 14064.0], [4508.2, 16651.0], [4508.0, 16690.0], [4507.95, 5787.0], [4507.9, 12082.0], [4507.75, 21231.0], [4507.7, 50000.0]], "asks": [[4509.35, 123585.0], [4509.4, 22550.0], [4509.6, 7610.0], [4509.75, 54389.0], [4509.8, 50000.0], [4509.9, 25000.0], [4510.0, 6.0], [4510.15, 100.0], [4510.2, 1227.0], [4510.25, 52.0], [4510.3, 5840.0], [4510.35, 22326.0], [4510.4, 2692.0], [4510.5, 45781.0], [4510.55, 70000.0], [4510.6, 3831.0], [4510.65, 46703.0], [4510.75, 32772.0], [4510.8, 42.0], [4510.85, 1006.0]]}}}
{"jsonrpc": "2.0", "method": "subscription", "params": {"channel": "book.ETH-PERPETUAL.none.20.100ms", "data": {"timestamp": 1759954181557, "change_id": 90156910852, "instrument_name": "ETH-PERPETUAL", "bids": [[4509.3, 31640.0], [4509.25, 11.0], [4509.0, 9042.0], [4508.9, 6021.0], [4508.8, 100.0], [4508.75, 28644.0], [4508.7, 40.0], [4508.5, 15706.0], [4508.45, 5993.0], [4508.35, 2811.0], [4508.3, 2.0], [4508.25, 14064.0], [4508.2, 16651.0], [4508.0, 16690.0], [4507.95, 5787.0], [4507.9, 12082.0], [4507.75, 21231.0], [4507.7, 50000.0], [4507.55, 11938.0], [4507.5, 17.0]], "asks": [[4509.35, 155705.0], [4509.4, 22550.0], [4509.5, 9642.0], [4509.55, 16100.0], [4509.7, 16100.0], [4509.75, 22489.0], [4509.8, 50000.0], [4509.9, 25000.0], [4510.0, 6.0], [4510.2, 1227.0], [4510.25, 52.0], [4510.3, 5840.0], [4510.35, 22326.0], [4510.4, 2692.0], [4510.5, 45781.0], [4510.55, 70000.0], [4510.6, 3831.0], [4510.65, 46703.0], [4510.75, 32772.0], [4510.8, 42.0]]}}}
{"jsonrpc": "2.0", "method": "subscription", "params": {"channel": "book.ETH-PERPETUAL.none.20.100ms", "data": {"timestamp": 1759954181862, "change_id": 90156911166, "instrument_name": "ETH-PERPETUAL", "bids": [[4509.3, 31640.0], [4509.25, 11.0], [4509.0, 9042.0], [4508.9, 6021.0], [4508.75, 28644.0], [4508.7, 40.0], [4508.55, 100.0], [4508.5, 15706.0], [4508.45, 5993.0], [4508.35, 2811.0], [4508.3, 2.0], [4508.25, 14064.0], [4508.2, 16651.0], [4508.0, 16690.0], [4507.95, 5787.0], [4507.9, 12082.0], [4507.75, 21231.0], [4507.7, 50000.0], [4507.55, 11938.0], [4507.5, 17.0]], "asks": [[4509.35, 155705.0], [4509.4, 22550.0], [4509.5, 9642.0], [4509.55, 16100.0], [4509.65, 100.0], [4509.7, 16100.0], [4509.75, 22389.0], [4509.8, 50000.0], [4509.9, 25000.0], [4510.0, 6.0], [4510.2, 1227.0], [4510.25, 52.0], [4510.3, 5840.0], [4510.35, 22326.0], [4510.4, 2692.0], [4510.5, 45781.0], [4510.55, 70000.0], [4510.6, 3831.0], [4510.65, 46703.0], [4510.75, 32772.0]]}}}
{"jsonrpc": "2.0", "method": "subscription", "params": {"channel": "book.ETH-PERPETUAL.none.20.100ms", "data": {"timestamp": 1759954182205, "change_id": 90156911937, "instrument_name": "ETH-PERPETUAL", "bids": [[4509.3, 66102.0], [4509.25, 11.0], [4509.0, 9072.0], [4508.95, 100.0], [4508.9, 31021.0], [4508.75, 3644.0], [4508.7, 40.0], [4508.5, 15706.0], [4508.45, 5993.0], [4508.35, 2811.0], [4508.3, 2.0], [4508.25, 14064.0], [4508.2, 16651.0], [4508.0, 16690.0], [4507.95, 5787.0], [4507.9, 12082.0], [4507.75, 21231.0], [4507.7, 50000.0], [4507.55, 11938.0], [4507.5, 17.0]], "asks": [[4509.35, 44062.0], [4509.4, 22550.0], [4509.75, 22389.0], [4509.9, 75000.0], [4510.0, 6.0], [4510.05, 9953.0], [4510.1, 32000.0], [4510.15, 100.0], [4510.2, 1227.0], [4510.25, 16.0], [4510.3, 5840.0], [4510.35, 22326.0], [4510.4, 2692.0], [4510.5, 45781.0], [4510.55, 70036.0], [4510.6, 3831.0], [4510.65, 46703.0], [4510.75, 32772.0], [4510.85, 1006.0], [4511.0, 4320.0]]}}}
{"jsonrpc": "2.0", "method": "subscription", "params": {"channel": "book.ETH-PERPETUAL.none.20.100ms", "data": {"timestamp": 1759954182559, "change_id": 90156912532, "instrument_name": "ETH-PERPETUAL", "bids": [[4509.3, 66102.0], [4509.25, 11.0], [4509.05, 100.0], [4509.0, 12949.0], [4508.95, 16100.0], [4508.9, 31021.0], [4508.85, 16100.0], [4508.75, 3644.0], [4508.7, 40.0], [4508.5, 19434.0], [4508.45, 5993.0], [4508.35, 15772.0], [4508.3, 2.0], [4508.25, 14064.0], [4508.2, 16651.0], [4508.0, 16690.0], [4507.95, 5787.0], [4507.9, 12082.0], [4507.75, 21231.0], [4507.7, 50000.0]], "asks": [[4509.35, 2996.0], [4509.4, 22550.0], [4509.75, 14957.0], [4509.9, 50000.0], [4510.0, 6.0], [4510.05, 16213.0], [4510.1, 32000.0], [4510.2, 1227.0], [4510.25, 25016.0], [4510.3, 5840.0], [4510.35, 22326.0], [4510.5, 19.0], [4510.55, 36.0], [4510.65, 46703.0], [4510.75, 32772.0], [4510.85, 1006.0], [4511.0, 4320.0], [4511.05, 17335.0], [4511.3, 3620.0], [4511.35, 12082.0]]}}}
{"jsonrpc": "2.0", "method": "subscription", "params": {"channel": "book.ETH-PERPETUAL.none.20.100ms", "data": {"timestamp": 1759954182889, "change_id": 90156913685, "instrument_name": "ETH-PERPETUAL", "bids": [[4509.3, 66242.0], [4509.25, 11.0], [4509.2, 18999.0], [4509.15, 63548.0], [4509.0, 12949.0], [4508.95, 16100.0], [4508.9, 25000.0], [4508.85, 16100.0], [4508.75, 3644.0], [4508.5, 19434.0], [4508.45, 5993.0], [4508.35, 15772.0], [4508.3, 2.0], [4508.25, 9556.0], [4508.2, 66651.0], [4508.0, 16690.0], [4507.95, 25781.0], [4507.9, 12082.0], [4507.75, 2737.0], [4507.55, 11938.0]], "asks": [[4509.35, 2400.0], [4509.4, 40.0], [4509.75, 2318.0], [4509.9, 2241.0], [4509.95, 7500.0], [4510.0, 6.0], [4510.25, 16.0], [4510.3, 19883.0], [4510.35, 50000.0], [4510.45, 100.0], [4510.5, 38013.0], [4510.55, 25000.0], [4510.65, 30092.0], [4510.75, 4510.0], [4510.85, 14299.0], [4510.9, 32036.0], [4511.0, 20911.0], [4511.05, 17335.0], [4511.15, 32772.0], [4511.3, 3620.0]]}}}
{"jsonrpc": "2.0", "method": "subscription", "params": {"channel": "book.ETH-PERPETUAL.none.20.100ms", "data": {"timestamp": 1759954183206, "change_id": 90156914356, "instrument_name": "ETH-PERPETUAL", "bids": [[4509.3, 69014.0], [4509.25, 11.0], [4509.2, 18999.0], [4509.15, 63548.0], [4509.0, 12949.0], [4508.95, 16100.0], [4508.9, 25000.0], [4508.85, 16100.0], [4508.75, 3644.0], [4508.7, 4508.0], [4508.5, 19434.0], [4508.45, 5993.0], [4508.35, 15772.0], [4508.3, 2.0], [4508.25, 23666.0], [4508.2, 66651.0], [4508.0, 16690.0], [4507.95, 25781.0], [4507.9, 12082.0], [4507.75, 2737.0]], "asks": [[4509.35, 2400.0], [4509.4, 40.0], [4509.95, 7500.0], [4510.0, 6.0], [4510.25, 16.0], [4510.3, 4988.0], [4510.45, 100.0], [4510.5, 38013.0], [4510.55, 25000.0], [4510.65, 30092.0], [4510.75, 34617.0], [4510.8, 51227.0], [4510.85, 1006.0], [4510.9, 32036.0], [4511.0, 30996.0], [4511.05, 17335.0], [4511.1, 1177.0], [4511.15, 32772.0], [4511.3, 3620.0], [4511.35, 12082.0]]}}}
{"jsonrpc": "2.0", "method": "subscription", "params": {"channel": "book.ETH-PERPETUAL.none.20.100ms", "data": {"timestamp": 1759954183497, "change_id": 90156914919, "instrument_name": "ETH-PERPETUAL", "bids": [[4509.3, 85114.0], [4509.25, 16111.0], [4509.2, 27599.0], [4509.15, 63548.0], [4509.0, 12949.0], [4508.95, 16100.0], [4508.9, 25000.0], [4508.75, 3644.0], [4508.7, 4508.0], [4508.5, 14686.0], [4508.45, 5993.0], [4508.35, 2811.0], [4508.3, 2.0], [4508.25, 23666.0], [4508.2, 66651.0], [4508.0, 16690.0], [4507.95, 25781.0], [4507.9, 12082.0], [4507.75, 2737.0], [4507.55, 11938.0]], "asks": [[4509.35, 2400.0], [4509.4, 40.0], [4509.8, 2318.0], [4509.95, 7500.0], [4510.0, 6.0], [4510.25, 16.0], [4510.3, 4988.0], [4510.5, 38113.0], [4510.55, 25000.0], [4510.65, 30092.0], [4510.75, 30107.0], [4510.8, 51227.0], [4510.85, 1006.0], [4510.9, 32000.0], [4511.0, 35507.0], [4511.05, 17335.0], [4511.1, 1177.0], [4511.15, 32772.0], [4511.25, 36.0], [4511.3, 3620.0]]}}}
{"jsonrpc": "2.0", "method": "subscription", "params": {"channel": "book.ETH-PERPETUAL.none.20.100ms", "data": {"timestamp": 1759954183873, "change_id": 90156915384, "instrument_name": "ETH-PERPETUAL", "bids": [[4509.3, 85143.0], [4509.25, 16305.0], [4509.2, 27599.0], [4509.15, 63548.0], [4509.0, 7505.0], [4508.9, 25000.0], [4508.75, 8495.0], [4508.7, 17470.0], [4508.5, 14686.0], [4508.45, 5993.0], [4508.35, 2811.0], [4508.3, 2.0], [4508.25, 23762.0], [4508.2, 66651.0], [4508.0, 16690.0], [4507.95, 25781.0], [4507.9, 12082.0], [4507.85, 11093.0], [4507.75, 2737.0], [4507.55, 11938.0]], "asks": [[4509.35, 2400.0], [4509.4, 40.0], [4509.8, 2318.0], [4509.95, 7500.0], [4510.0, 6.0], [4510.25, 16.0], [4510.3, 4988.0], [4510.5, 38113.0], [4510.55, 25000.0], [4510.65, 30092.0], [4510.75, 30107.0], [4510.8, 51227.0], [4510.85, 1006.0], [4510.9, 32000.0], [4511.0, 35507.0], [4511.05, 17335.0], [4511.1, 1177.0], [4511.15, 32772.0], [4511.25, 36.0], [4511.3, 3620.0]]}}}
{"jsonrpc": "2.0", "method": "subscription", "params": {"channel": "book.ETH-PERPETUAL.none.20.100ms", "data": {"timestamp": 1759954184027, "change_id": 90156915711, "instrument_name": "ETH-PERPETUAL", "bids": [[4509.3, 85143.0], [4509.25, 16305.0], [4509.2, 18999.0], [4509.15, 63548.0], [4509.0, 7505.0], [4508.9, 25000.0], [4508.75, 8495.0], [4508.7, 12962.0], [4508.5, 14686.0], [4508.45, 5993.0], [4508.35, 2811.0], [4508.3, 2.0], [4508.25, 23762.0], [4508.2, 66651.0], [4508.0, 30393.0], [4507.95, 19994.0], [4507.9, 12082.0], [4507.85, 11093.0], [4507.75, 2737.0], [4507.55, 11938.0]], "asks": [[4509.35, 2400.0], [4509.4, 40.0], [4509.8, 2318.0], [4509.95, 7500.0], [4510.0, 6.0], [4510.25, 16.0], [4510.3, 4988.0], [4510.5, 38113.0], [4510.55, 25000.0], [4510.65, 30092.0], [4510.75, 30107.0], [4510.8, 51227.0], [4510.85, 1006.0], [4510.9, 32000.0], [4511.0, 35507.0], [4511.05, 17335.0], [4511.1, 1177.0], [4511.15, 32772.0], [4511.25, 36.0], [4511.3, 19223.0]]}}}
{"jsonrpc": "2.0", "method": "subscription", "params": {"channel": "book.ETH-PERPETUAL.none.20.100ms", "data": {"timestamp": 1759954184535, "change_id": 90156917162, "instrument_name": "ETH-PERPETUAL", "bids": [[4509.3, 70855.0], [4509.25, 205.0], [4509.2, 31465.0], [4509.15, 63548.0], [4509.1, 50000.0], [4509.0, 7505.0], [4508.9, 29508.0], [4508.75, 53108.0], [4508.7, 12962.0], [4508.5, 176347.0], [4508.45, 5993.0], [4508.35, 2811.0], [4508.3, 19996.0], [4508.25, 105.0], [4508.2, 16651.0], [4508.0, 16690.0], [4507.9, 12082.0], [4507.85, 11093.0], [4507.75, 2737.0], [4507.55, 11938.0]], "asks": [[4509.35, 2110.0], [4509.4, 40.0], [4510.0, 6.0], [4510.25, 16.0], [4510.45, 2244.0], [4510.5, 7519.0], [4510.75, 20814.0], [4510.8, 100.0], [4510.85, 26006.0], [4510.9, 32000.0], [4511.0, 22058.0], [4511.05, 8391.0], [4511.15, 5908.0], [4511.3, 3620.0], [4511.35, 12082.0], [4511.5, 37.0], [4511.55, 5646.0], [4511.65, 50000.0], [4511.75, 64783.0], [4511.8, 156000.0]]}}}
{"jsonrpc": "2.0", "method": "subscription", "params": {"channel": "book.ETH-PERPETUAL.none.20.100ms", "data": {"timestamp": 1759954184835, "change_id": 90156917798, "instrument_name": "ETH-PERPETUAL", "bids": [[4509.3, 93824.0], [4509.25, 16305.0], [4509.2, 18999.0], [4509.15, 63548.0], [4509.0, 22816.0], [4508.9, 29508.0], [4508.75, 103108.0], [4508.7, 12962.0], [4508.5, 190680.0], [4508.45, 5993.0], [4508.35, 2811.0], [4508.3, 892.0], [4508.25, 105.0], [4508.2, 16651.0], [4508.0, 16690.0], [4507.9, 13276.0], [4507.85, 11093.0], [4507.8, 1143.0], [4507.75, 2737.0], [4507.6, 17767.0]], "asks": [[4509.35, 1610.0], [4509.4, 40.0], [4510.0, 6.0], [4510.2, 2042.0], [4510.25, 16.0], [4510.45, 2244.0], [4510.5, 7519.0], [4510.7, 4952.0], [4510.75, 51508.0], [4510.8, 100.0], [4510.85, 26006.0], [4510.9, 82000.0], [4511.0, 26992.0], [4511.05, 8349.0], [4511.1, 4511.0], [4511.15, 22499.0], [4511.3, 3620.0], [4511.35, 12082.0], [4511.5, 37.0], [4511.55, 5646.0]]}}}
{"jsonrpc": "2.0", "method": "subscription", "params": {"channel": "book.ETH-PERPETUAL.none.20.100ms", "data": {"timestamp": 1759954185195, "change_id": 90156918467, "instrument_name": "ETH-PERPETUAL", "bids": [[4509.3, 94757.0], [4509.25, 16305.0], [4509.2, 18999.0], [4509.15, 63548.0], [4509.0, 22816.0], [4508.9, 29508.0], [4508.8, 50000.0], [4508.75, 53108.0], [4508.7, 12962.0], [4508.5, 194566.0], [4508.45, 5993.0], [4508.35, 2811.0], [4508.3, 14051.0], [4508.25, 10057.0], [4508.2, 16651.0], [4508.0, 16690.0], [4507.9, 13276.0], [4507.8, 1143.0], [4507.75, 2737.0], [4507.6, 17767.0]], "asks": [[4509.35, 1610.0], [4509.4, 40.0], [4510.0, 6.0], [4510.2, 2042.0], [4510.25, 16.0], [4510.45, 2244.0], [4510.5, 7519.0], [4510.7, 4952.0], [4510.75, 51508.0], [4510.8, 100.0], [4510.85, 26006.0], [4510.9, 82000.0], [4510.95, 1227.0], [4511.0, 26992.0], [4511.05, 8349.0], [4511.1, 4511.0], [4511.15, 22499.0], [4511.3, 3620.0], [4511.35, 13259.0], [4511.5, 37.0]]}}}
{"jsonrpc": "2.0", "method": "subscription", "params": {"channel": "book.ETH-PERPETUAL.none.20.100ms", "data": {"timestamp": 1759954185491, "change_id": 90156919009, "instrument_name": "ETH-PERPETUAL", "bids": [[4509.3, 147617.0], [4509.25, 205.0], [4509.2, 18999.0], [4509.15, 63548.0], [4509.0, 7505.0], [4508.9, 29508.0], [4508.75, 53108.0], [4508.7, 50000.0], [4508.5, 190680.0], [4508.45, 5993.0], [4508.35, 2811.0], [4508.3, 892.0], [4508.25, 10057.0], [4508.2, 16651.0], [4508.0, 16690.0], [4507.9, 13276.0], [4507.8, 1143.0], [4507.75, 2737.0], [4507.6, 17767.0], [4507.55, 11938.0]], "asks": [[4509.35, 890.0], [4509.4, 40.0], [4510.0, 6.0], [4510.2, 2042.0], [4510.25, 16.0], [4510.45, 2244.0], [4510.5, 7519.0], [4510.7, 4952.0], [4510.75, 51508.0], [4510.8, 100.0], [4510.85, 26006.0], [4510.9, 82000.0], [4510.95, 1227.0], [4511.0, 26992.0], [4511.05, 8349.0], [4511.1, 4511.0], [4511.15, 22499.0], [4511.3, 3620.0], [4511.35, 13259.0], [4511.5, 37.0]]}}}
{"jsonrpc": "2.0", "method": "subscription", "params": {"channel": "book.ETH-PERPETUAL.none.20.100ms", "data": {"timestamp": 1759954185747, "change_id": 90156919283, "instrument_name": "ETH-PERPETUAL", "bids": [[4509.3, 146695.0], [4509.25, 205.0], [4509.2, 18999.0], [4509.15, 63548.0], [4509.0, 11760.0], [4508.9, 29508.0], [4508.85, 12963.0], [4508.75, 53108.0], [4508.7, 50000.0], [4508.5, 176612.0], [4508.45, 5993.0], [4508.4, 19994.0], [4508.35, 2811.0], [4508.3, 892.0], [4508.25, 10057.0], [4508.2, 16651.0], [4508.05, 10929.0], [4508.0, 16690.0], [4507.9, 13276.0], [4507.8, 1143.0]], "asks": [[4509.35, 890.0], [4509.4, 40.0], [4510.0, 6.0], [4510.2, 2042.0], [4510.25, 16.0], [4510.45, 2244.0], [4510.5, 7519.0], [4510.7, 4952.0], [4510.75, 51508.0], [4510.8, 100.0], [4510.85, 26006.0], [4510.9, 82000.0], [4510.95, 1227.0], [4511.0, 26992.0], [4511.05, 8349.0], [4511.15, 22499.0], [4511.3, 3620.0], [4511.35, 13259.0], [4511.5, 37.0], [4511.55, 5646.0]]}}}
{"jsonrpc": "2.0", "method": "subscription", "params": {"channel": "book.ETH-PERPETUAL.none.20.100ms", "data": {"timestamp": 1759954186175, "change_id": 90156919915, "instrument_name": "ETH-PERPETUAL", "bids": [[4509.3, 143761.0], [4509.25, 205.0], [4509.2, 18999.0], [4509.15, 63548.0], [4509.0, 11760.0], [4508.9, 29508.0], [4508.85, 12963.0], [4508.75, 53108.0], [4508.7, 50000.0], [4508.5, 176612.0], [4508.45, 5993.0], [4508.4, 19994.0], [4508.35, 2811.0], [4508.3, 890.0], [4508.25, 10057.0], [4508.2, 16653.0], [4508.05, 10929.0], [4508.0, 16690.0], [4507.9, 12082.0], [4507.75, 2737.0]], "asks": [[4509.35, 890.0], [4509.4, 40.0], [4510.0, 6.0], [4510.2, 9542.0], [4510.25, 16.0], [4510.5, 19.0], [4510.7, 4952.0], [4510.75, 51508.0], [4510.8, 100.0], [4510.85, 26006.0], [4510.9, 82000.0], [4510.95, 7134.0], [4511.0, 31503.0], [4511.05, 8349.0], [4511.15, 16591.0], [4511.3, 18431.0], [4511.35, 13259.0], [4511.5, 50037.0], [4511.55, 5646.0], [4511.6, 36.0]]}}}
{"jsonrpc": "2.0", "method": "subscription", "params": {"channel": "book.ETH-PERPETUAL.none.20.100ms", "data": {"timestamp": 1759954186511, "change_id": 90156920431, "instrument_name": "ETH-PERPETUAL", "bids": [[4509.3, 143720.0], [4509.25, 205.0], [4509.2, 18999.0], [4509.15, 63548.0], [4509.0, 11760.0], [4508.9, 29508.0], [4508.85, 12963.0], [4508.75, 53108.0], [4508.7, 50000.0], [4508.5, 176612.0], [4508.45, 5993.0], [4508.4, 19994.0], [4508.35, 2811.0], [4508.3, 890.0], [4508.25, 10057.0], [4508.2, 16653.0], [4508.05, 10929.0], [4508.0, 16690.0], [4507.9, 12082.0], [4507.75, 2737.0]], "asks": [[4509.35, 890.0], [4509.4, 40.0], [4510.0, 6.0], [4510.2, 9542.0], [4510.25, 16.0], [4510.5, 19.0], [4510.7, 4952.0], [4510.75, 51508.0], [4510.8, 100.0], [4510.85, 26006.0], [4510.9, 82000.0], [4510.95, 7134.0], [4511.0, 31503.0], [4511.05, 8349.0], [4511.15, 16591.0], [4511.3, 18431.0], [4511.35, 13259.0], [4511.5, 50037.0], [4511.55, 5646.0], [4511.6, 36.0]]}}}
{"jsonrpc": "2.0", "method": "subscription", "params": {"channel": "book.ETH-PERPETUAL.none.20.100ms", "data": {"timestamp": 1759954186726, "change_id": 90156920665, "instrument_name": "ETH-PERPETUAL", "bids": [[4509.3, 144119.0], [4509.25, 205.0], [4509.2, 18999.0], [4509.15, 63548.0], [4509.0, 11760.0], [4508.9, 29508.0], [4508.85, 12963.0], [4508.75, 53108.0], [4508.7, 50000.0], [4508.5, 176612.0], [4508.45, 5993.0], [4508.35, 2811.0], [4508.3, 20884.0], [4508.25, 10057.0], [4508.2, 16653.0], [4508.05, 10929.0], [4508.0, 16690.0], [4507.9, 12082.0], [4507.75, 2737.0], [4507.6, 17767.0]], "asks": [[4509.35, 890.0], [4509.4, 40.0], [4510.0, 6.0], [4510.15, 2853.0], [4510.2, 9542.0], [4510.25, 16.0], [4510.5, 19.0], [4510.7, 4952.0], [4510.75, 51508.0], [4510.8, 100.0], [4510.85, 37834.0], [4510.9, 82000.0], [4510.95, 7134.0], [4511.0, 22079.0], [4511.05, 2400.0], [4511.15, 16591.0], [4511.3, 18431.0], [4511.35, 13259.0], [4511.5, 50037.0], [4511.55, 5646.0]]}}}
{"jsonrpc": "2.0", "method": "subscription", "params": {"channel": "book.ETH-PERPETUAL.none.20.100ms", "data": {"timestamp": 1759954187176, "change_id": 90156921209, "instrument_name": "ETH-PERPETUAL", "bids": [[4509.3, 144125.0], [4509.25, 205.0], [4509.2, 18999.0], [4509.15, 63548.0], [4509.0, 11760.0], [4508.9, 29508.0], [4508.85, 12963.0], [4508.75, 53108.0], [4508.7, 50000.0], [4508.5, 176612.0], [4508.45, 5993.0], [4508.35, 2811.0], [4508.3, 20884.0], [4508.25, 10057.0], [4508.2, 16653.0], [4508.05, 10929.0], [4508.0, 16690.0], [4507.9, 12082.0], [4507.75, 2737.0], [4507.65, 8872.0]], "asks": [[4509.35, 890.0], [4509.4, 40.0], [4510.0, 6.0], [4510.15, 2853.0], [4510.2, 9542.0], [4510.25, 16.0], [4510.5, 19.0], [4510.7, 5052.0], [4510.75, 51508.0], [4510.85, 37834.0], [4510.9, 82000.0], [4510.95, 7134.0], [4511.0, 22079.0], [4511.05, 2400.0], [4511.15, 16591.0], [4511.3, 18431.0], [4511.35, 13259.0], [4511.5, 50037.0], [4511.55, 5646.0], [4511.6, 36.0]]}}}
{"jsonrpc": "2.0", "method": "subscription", "params": {"channel": "book.ETH-PERPETUAL.none.20.100ms", "data": {"timestamp": 1759954187510, "change_id": 90156921765, "instrument_name": "ETH-PERPETUAL", "bids": [[4509.3, 144125.0], [4509.25, 205.0], [4509.2, 26199.0], [4509.15, 63548.0], [4509.0, 11760.0], [4508.9, 25000.0], [4508.85, 12963.0], [4508.75, 53108.0], [4508.7, 50000.0], [4508.5, 176612.0], [4508.45, 5993.0], [4508.35, 2811.0], [4508.3, 20884.0], [4508.25, 10057.0], [4508.2, 16653.0], [4508.05, 10929.0], [4508.0, 16690.0], [4507.9, 12082.0], [4507.75, 2737.0], [4507.6, 17767.0]], "asks": [[4509.35, 890.0], [4509.4, 40.0], [4510.0, 6.0], [4510.15, 2853.0], [4510.2, 9542.0], [4510.25, 16.0], [4510.5, 19.0], [4510.7, 5052.0], [4510.75, 51508.0], [4510.85, 37834.0], [4510.9, 82000.0], [4510.95, 7134.0], [4511.0, 17568.0], [4511.05, 2400.0], [4511.15, 16591.0], [4511.3, 18431.0], [4511.35, 13259.0], [4511.5, 50037.0], [4511.55, 5646.0], [4511.6, 36.0]]}}}
{"jsonrpc": "2.0", "method": "subscription", "params": {"channel": "book.ETH-PERPETUAL.none.20.100ms", "data": {"timestamp": 1759954187798, "change_id": 90156922075, "instrument_name": "ETH-PERPETUAL", "bids": [[4509.3, 143737.0], [4509.25, 205.0], [4509.2, 18999.0], [4509.15, 63548.0], [4509.0, 11760.0], [4508.9, 25000.0], [4508.85, 12963.0], [4508.75, 53108.0], [4508.7, 50000.0], [4508.5, 176612.0], [4508.45, 5993.0], [4508.35, 7319.0], [4508.3, 20884.0], [4508.25, 10057.0], [4508.2, 16653.0], [4508.05, 10929.0], [4508.0, 16690.0], [4507.9, 12082.0], [4507.75, 2737.0], [4507.6, 17767.0]], "asks": [[4509.35, 890.0], [4509.4, 40.0], [4510.0, 6.0], [4510.15, 2853.0], [4510.2, 9542.0], [4510.25, 16.0], [4510.4, 1352.0], [4510.45, 4510.0], [4510.5, 19.0], [4510.7, 5052.0], [4510.75, 51508.0], [4510.85, 37834.0], [4510.9, 82000.0], [4510.95, 7134.0], [4511.0, 17568.0], [4511.05, 2400.0], [4511.15, 16591.0], [4511.3, 18431.0], [4511.35, 13295.0], [4511.5, 50037.0]]}}}
{"jsonrpc": "2.0", "method": "subscription", "params": {"channel": "book.ETH-PERPETUAL.none.20.100ms", "data": {"timestamp": 1759954188169, "change_id": 90156922598, "instrument_name": "ETH-PERPETUAL", "bids": [[4509.3, 143739.0], [4509.25, 205.0], [4509.2, 18999.0], [4509.15, 63548.0], [4509.0, 11760.0], [4508.9, 25000.0], [4508.85, 12963.0], [4508.75, 53108.0], [4508.7, 50000.0], [4508.5, 176612.0], [4508.45, 5993.0], [4508.35, 7319.0], [4508.3, 20884.0], [4508.25, 10057.0], [4508.2, 16653.0], [4508.05, 10929.0], [4508.0, 16690.0], [4507.9, 12082.0], [4507.75, 2737.0], [4507.65, 8872.0]], "asks": [[4509.35, 890.0], [4509.4, 40.0], [4510.0, 6.0], [4510.15, 2853.0], [4510.2, 9542.0], [4510.25, 16.0], [4510.4, 1352.0], [4510.45, 4510.0], [4510.5, 19.0], [4510.7, 5052.0], [4510.75, 51508.0], [4510.85, 37834.0], [4510.9, 82000.0], [4510.95, 7134.0], [4511.0, 17568.0], [4511.05, 2400.0], [4511.15, 16591.0], [4511.3, 18431.0], [4511.35, 13295.0], [4511.5, 50037.0]]}}}
{"jsonrpc": "2.0", "method": "subscription", "params": {"channel": "book.ETH-PERPETUAL.none.20.100ms", "data": {"timestamp": 1759954188470, "change_id": 90156923132, "instrument_name": "ETH-PERPETUAL", "bids": [[4509.3, 143739.0], [4509.25, 16205.0], [4509.2, 18999.0], [4509.15, 63548.0], [4509.0, 11760.0], [4508.9, 25000.0], [4508.85, 12963.0], [4508.75, 53108.0], [4508.7, 50000.0], [4508.5, 176612.0], [4508.45, 5993.0], [4508.35, 7319.0], [4508.3, 20884.0], [4508.25, 10057.0], [4508.2, 16653.0], [4508.05, 10929.0], [4508.0, 16690.0], [4507.9, 12082.0], [4507.75, 2737.0], [4507.65, 8872.0]], "asks": [[4509.35, 657.0], [4509.4, 40.0], [4510.0, 6.0], [4510.2, 9542.0], [4510.25, 16.0], [4510.5, 19.0], [4510.7, 5052.0], [4510.75, 51508.0], [4510.85, 37834.0], [4510.9, 82000.0], [4510.95, 7134.0], [4511.0, 17568.0], [4511.05, 6911.0], [4511.15, 16591.0], [4511.3, 18431.0], [4511.35, 13295.0], [4511.5, 50037.0], [4511.55, 5646.0], [4511.75, 64783.0], [4511.8, 156000.0]]}}}
{"jsonrpc": "2.0", "method": "subscription", "params": {"channel": "book.ETH-PERPETUAL.none.20.100ms", "data": {"timestamp": 1759954188838, "change_id": 90156923375, "instrument_name": "ETH-PERPETUAL", "bids": [[4509.3, 143741.0], [4509.25, 16205.0], [4509.2, 18999.0], [4509.15, 63548.0], [4509.0, 11760.0], [4508.9, 29508.0], [4508.85, 12963.0], [4508.75, 53108.0], [4508.7, 50000.0], [4508.5, 176612.0], [4508.45, 5993.0], [4508.35, 2811.0], [4508.3, 20884.0], [4508.25, 10057.0], [4508.2, 16653.0], [4508.05, 10929.0], [4508.0, 16690.0], [4507.9, 12082.0], [4507.75, 2737.0], [4507.65, 8872.0]], "asks": [[4509.35, 657.0], [4509.4, 40.0], [4510.0, 6.0], [4510.2, 9542.0], [4510.25, 16.0], [4510.5, 19.0], [4510.7, 5052.0], [4510.75, 51508.0], [4510.85, 37834.0], [4510.9, 82000.0], [4510.95, 7134.0], [4511.0, 17568.0], [4511.05, 6911.0], [4511.15, 16591.0], [4511.3, 18431.0], [4511.35, 13295.0], [4511.5, 50037.0], [4511.55, 5646.0], [4511.75, 64783.0], [4511.8, 156000.0]]}}}
{"jsonrpc": "2.0", "method": "subscription", "params": {"channel": "book.ETH-PERPETUAL.none.20.100ms", "data": {"timestamp": 1759954189156, "change_id": 90156923833, "instrument_name": "ETH-PERPETUAL", "bids": [[4509.3, 144642.0], [4509.25, 16205.0], [4509.2, 18999.0], [4509.15, 63548.0], [4509.0, 11760.0], [4508.9, 29508.0], [4508.85, 12963.0], [4508.75, 53108.0], [4508.7, 50000.0], [4508.5, 176612.0], [4508.45, 5993.0], [4508.35, 2811.0], [4508.3, 20884.0], [4508.25, 10057.0], [4508.2, 16653.0], [4508.05, 10929.0], [4508.0, 16690.0], [4507.9, 12082.0], [4507.75, 2737.0], [4507.65, 8872.0]], "asks": [[4509.35, 657.0], [4509.4, 40.0], [4510.0, 6.0], [4510.2, 9542.0], [4510.25, 16.0], [4510.5, 19.0], [4510.7, 5052.0], [4510.75, 51508.0], [4510.85, 37834.0], [4510.9, 82000.0], [4510.95, 7134.0], [4511.0, 17568.0], [4511.05, 6911.0], [4511.15, 16591.0], [4511.3, 18431.0], [4511.35, 13295.0], [4511.5, 50037.0], [4511.55, 5646.0], [4511.75, 64783.0], [4511.8, 156000.0]]}}}
{"jsonrpc": "2.0", "method": "subscription", "params": {"channel": "book.ETH-PERPETUAL.none.20.100ms", "data": {"timestamp": 1759954189506, "change_id": 90156924548, "instrument_name": "ETH-PERPETUAL", "bids": [[4509.3, 144643.0], [4509.25, 12805.0], [4509.2, 18999.0], [4509.15, 63548.0], [4509.0, 11760.0], [4508.9, 29508.0], [4508.85, 12963.0], [4508.75, 53108.0], [4508.7, 50000.0], [4508.5, 176612.0], [4508.45, 5993.0], [4508.35, 2811.0], [4508.3, 20884.0], [4508.25, 10057.0], [4508.2, 16653.0], [4508.05, 10929.0], [4508.0, 16690.0], [4507.9, 12082.0], [4507.75, 2737.0], [4507.65, 8872.0]], "asks": [[4509.35, 657.0], [4509.4, 40.0], [4510.0, 6.0], [4510.2, 9542.0], [4510.25, 16.0], [4510.5, 19.0], [4510.7, 5052.0], [4510.75, 51508.0], [4510.85, 37834.0], [4510.9, 82000.0], [4510.95, 7134.0], [4511.0, 17568.0], [4511.05, 6911.0], [4511.15, 16591.0], [4511.3, 18431.0], [4511.35, 13295.0], [4511.5, 50037.0], [4511.55, 5646.0], [4511.75, 64783.0], [4511.8, 156000.0]]}}}
{"jsonrpc": "2.0", "method": "subscription", "params": {"channel": "book.ETH-PERPETUAL.none.20.100ms", "data": {"timestamp": 1759954189823, "change_id": 90156924739, "instrument_name": "ETH-PERPETUAL", "bids": [[4509.3, 144643.0], [4509.25, 12805.0], [4509.2, 18999.0], [4509.15, 63548.0], [4509.0, 11760.0], [4508.9, 29508.0], [4508.85, 12963.0], [4508.75, 53108.0], [4508.7, 50000.0], [4508.5, 176612.0], [4508.45, 5993.0], [4508.35, 2811.0], [4508.3, 20884.0], [4508.25, 10057.0], [4508.2, 16653.0], [4508.05, 10929.0], [4508.0, 16690.0], [4507.9, 12082.0], [4507.75, 2737.0], [4507.65, 8872.0]], "asks": [[4509.35, 448.0], [4509.4, 40.0], [4510.0, 6.0], [4510.2, 7500.0], [4510.25, 16.0], [4510.5, 19.0], [4510.7, 5052.0], [4510.75, 51508.0], [4510.85, 37834.0], [4510.9, 82000.0], [4510.95, 7134.0], [4511.0, 17568.0], [4511.05, 2400.0], [4511.15, 16591.0], [4511.3, 18431.0], [4511.35, 13295.0], [4511.5, 50037.0], [4511.55, 5646.0], [4511.75, 64783.0], [4511.8, 156000.0]]}}}
{"jsonrpc": "2.0", "method": "subscription", "params": {"channel": "book.ETH-PERPETUAL.none.20.100ms", "data": {"timestamp": 1759954190128, "change_id": 90156925174, "instrument_name": "ETH-PERPETUAL", "bids": [[4509.3, 144643.0], [4509.25, 205.0], [4509.2, 18999.0], [4509.15, 63548.0], [4509.0, 11760.0], [4508.9, 29508.0], [4508.85, 12963.0], [4508.75, 53108.0], [4508.7, 50000.0], [4508.5, 176612.0], [4508.45, 5993.0], [4508.35, 2811.0], [4508.3, 20884.0], [4508.25, 10057.0], [4508.2, 16653.0], [4508.05, 10929.0], [4508.0, 16690.0], [4507.9, 12082.0], [4507.75, 2737.0], [4507.65, 8872.0]], "asks": [[4509.35, 448.0], [4509.4, 40.0], [4510.0, 6.0], [4510.2, 7500.0], [4510.25, 16.0], [4510.35, 463.0], [4510.5, 19.0], [4510.7, 5052.0], [4510.75, 75820.0], [4510.8, 70000.0], [4510.85, 37834.0], [4510.9, 82000.0], [4510.95, 7134.0], [4511.0, 22079.0], [4511.05, 2400.0], [4511.15, 16591.0], [4511.3, 18431.0], [4511.35, 13295.0], [4511.5, 50037.0], [4511.55, 5646.0]]}}}
{"jsonrpc": "2.0", "method": "subscription", "params": {"channel": "book.ETH-PERPETUAL.none.20.100ms", "data": {"timestamp": 1759954190490, "change_id": 90156925820, "instrument_name": "ETH-PERPETUAL", "bids": [[4509.3, 264258.0], [4509.25, 205.0], [4509.0, 26141.0], [4508.9, 29508.0], [4508.85, 62963.0], [4508.75, 53108.0], [4508.5, 176612.0], [4508.45, 5993.0], [4508.35, 2811.0], [4508.3, 20884.0], [4508.25, 10057.0], [4508.2, 16653.0], [4508.05, 10929.0], [4508.0, 16690.0], [4507.9, 12082.0], [4507.75, 2737.0], [4507.65, 8872.0], [4507.6, 17767.0], [4507.55, 11938.0], [4507.5, 17.0]], "asks": [[4509.35, 448.0], [4509.4, 40.0], [4510.0, 6.0], [4510.2, 7500.0], [4510.25, 16.0], [4510.35, 463.0], [4510.5, 19.0], [4510.7, 5052.0], [4510.75, 75820.0], [4510.8, 70000.0], [4510.85, 37834.0], [4510.9, 82000.0], [4510.95, 7134.0], [4511.0, 22079.0], [4511.05, 2400.0], [4511.15, 16591.0], [4511.3, 18431.0], [4511.35, 13295.0], [4511.5, 50037.0], [4511.55, 5646.0]]}}}
{"jsonrpc": "2.0", "method": "subscription", "params": {"channel": "book.ETH-PERPETUAL.none.20.100ms", "data": {"timestamp": 1759954190794, "change_id": 90156925999, "instrument_name": "ETH-PERPETUAL", "bids": [[4509.3, 264264.0], [4509.25, 205.0], [4509.0, 26141.0], [4508.9, 29508.0], [4508.85, 62963.0], [4508.75, 53108.0], [4508.5, 176612.0], [4508.45, 5993.0], [4508.35, 2811.0], [4508.3, 20884.0], [4508.25, 10057.0], [4508.2, 16653.0], [4508.0, 16690.0], [4507.9, 12082.0], [4507.75, 2737.0], [4507.55, 11938.0], [4507.5, 17.0], [4507.4, 17767.0], [4507.3, 1194.0], [4507.25, 114697.0]], "asks": [[4509.35, 448.0], [4509.4, 40.0], [4510.0, 6.0], [4510.2, 7500.0], [4510.25, 16.0], [4510.35, 463.0], [4510.5, 19.0], [4510.65, 100.0], [4510.7, 4952.0], [4510.75, 75820.0], [4510.8, 70000.0], [4510.85, 37834.0], [4510.9, 82000.0], [4510.95, 7134.0], [4511.0, 22079.0], [4511.05, 2400.0], [4511.15, 16591.0], [4511.3, 18431.0], [4511.35, 13295.0], [4511.5, 50037.0]]}}}
{"jsonrpc": "2.0", "method": "subscription", "params": {"channel": "book.ETH-PERPETUAL.none.20.100ms", "data": {"timestamp": 1759954191044, "change_id": 90156926422, "instrument_name": "ETH-PERPETUAL", "bids": [[4509.3, 264264.0], [4509.25, 205.0], [4509.0, 26141.0], [4508.9, 29508.0], [4508.85, 62963.0], [4508.75, 53108.0], [4508.5, 176612.0], [4508.45, 5993.0], [4508.35, 2811.0], [4508.3, 20884.0], [4508.25, 10057.0], [4508.2, 16653.0], [4508.0, 16690.0], [4507.9, 12082.0], [4507.85, 12372.0], [4507.75, 2737.0], [4507.55, 11938.0], [4507.5, 17.0], [4507.4, 17767.0], [4507.3, 18706.0]], "asks": [[4509.35, 448.0], [4509.4, 40.0], [4510.0, 6.0], [4510.2, 7500.0], [4510.25, 16.0], [4510.35, 463.0], [4510.5, 19.0], [4510.65, 100.0], [4510.7, 4952.0], [4510.75, 75820.0], [4510.8, 70000.0], [4510.85, 37834.0], [4510.9, 82000.0], [4510.95, 7134.0], [4511.0, 22079.0], [4511.05, 2400.0], [4511.15, 16591.0], [4511.3, 18431.0], [4511.35, 13295.0], [4511.5, 50037.0]]}}}
{"jsonrpc": "2.0", "method": "subscription", "params": {"channel": "book.ETH-PERPETUAL.none.20.100ms", "data": {"timestamp": 1759954191435, "change_id": 90156926980, "instrument_name": "ETH-PERPETUAL", "bids": [[4509.3, 264663.0], [4509.25, 205.0], [4509.0, 26141.0], [4508.9, 29508.0], [4508.85, 62963.0], [4508.75, 53108.0], [4508.5, 176612.0], [4508.45, 5993.0], [4508.35, 2811.0], [4508.3, 20884.0], [4508.25, 10057.0], [4508.2, 16653.0], [4508.0, 16690.0], [4507.9, 12082.0], [4507.85, 12372.0], [4507.75, 2737.0], [4507.55, 11938.0], [4507.5, 17.0], [4507.45, 11771.0], [4507.4, 17767.0]], "asks": [[4509.35, 448.0], [4509.4, 40.0], [4510.0, 6.0], [4510.2, 7500.0], [4510.25, 16.0], [4510.35, 463.0], [4510.5, 19.0], [4510.65, 100.0], [4510.7, 4952.0], [4510.75, 75820.0], [4510.8, 70000.0], [4510.85, 37834.0], [4510.9, 82000.0], [4510.95, 7134.0], [4511.0, 22079.0], [4511.05, 2400.0], [4511.15, 16591.0], [4511.3, 18431.0], [4511.35, 13295.0], [4511.5, 50037.0]]}}}
{"jsonrpc": "2.0", "method": "subscription", "params": {"channel": "book.ETH-PERPETUAL.none.20.100ms", "data": {"timestamp": 1759954191757, "change_id": 90156927347, "instrument_name": "ETH-PERPETUAL", "bids": [[4509.3, 265500.0], [4509.25, 205.0], [4509.0, 26141.0], [4508.9, 29508.0], [4508.85, 62963.0], [4508.75, 53108.0], [4508.5, 176612.0], [4508.45, 5993.0], [4508.35, 2811.0], [4508.3, 20884.0], [4508.25, 10057.0], [4508.2, 16653.0], [4508.0, 16690.0], [4507.9, 12082.0], [4507.75, 2737.0], [4507.55, 11938.0], [4507.5, 17.0], [4507.45, 11771.0], [4507.4, 17767.0], [4507.3, 18706.0]], "asks": [[4509.35, 448.0], [4509.4, 40.0], [4510.0, 6.0], [4510.2, 7500.0], [4510.25, 16.0], [4510.35, 463.0], [4510.5, 19.0], [4510.65, 100.0], [4510.7, 4952.0], [4510.75, 75820.0], [4510.8, 70000.0], [4510.85, 37834.0], [4510.9, 82000.0], [4510.95, 7134.0], [4511.0, 17568.0], [4511.05, 2400.0], [4511.15, 16591.0], [4511.3, 18431.0], [4511.35, 13295.0], [4511.5, 50037.0]]}}}
{"jsonrpc": "2.0", "method": "subscription", "params": {"channel": "book.ETH-PERPETUAL.none.20.100ms", "data": {"timestamp": 1759954192097, "change_id": 90156928095, "instrument_name": "ETH-PERPETUAL", "bids": [[4509.3, 264260.0], [4509.25, 205.0], [4509.0, 26141.0], [4508.9, 29508.0], [4508.85, 62963.0], [4508.75, 53108.0], [4508.5, 176612.0], [4508.45, 5993.0], [4508.4, 19994.0], [4508.35, 2811.0], [4508.3, 890.0], [4508.25, 10057.0], [4508.2, 16653.0], [4508.05, 16554.0], [4508.0, 16690.0], [4507.9, 12082.0], [4507.75, 2737.0], [4507.55, 11938.0], [4507.5, 17.0], [4507.45, 11771.0]], "asks": [[4509.35, 448.0], [4509.4, 40.0], [4510.0, 6.0], [4510.25, 16.0], [4510.5, 482.0], [4510.55, 2269.0], [4510.6, 7500.0], [4510.7, 100.0], [4510.75, 59229.0], [4510.8, 70000.0], [4510.85, 54425.0], [4510.9, 50000.0], [4510.95, 7134.0], [4511.0, 26395.0], [4511.05, 2400.0], [4511.15, 16591.0], [4511.2, 32000.0], [4511.3, 18431.0], [4511.35, 13259.0], [4511.5, 50037.0]]}}}
{"jsonrpc": "2.0", "method": "subscription", "params": {"channel": "book.ETH-PERPETUAL.none.20.100ms", "data": {"timestamp": 1759954192477, "change_id": 90156928787, "instrument_name": "ETH-PERPETUAL", "bids": [[4509.3, 264654.0], [4509.25, 205.0], [4509.0, 26141.0], [4508.9, 29508.0], [4508.85, 62963.0], [4508.75, 53108.0], [4508.5, 176612.0], [4508.45, 5993.0], [4508.4, 19994.0], [4508.35, 2811.0], [4508.3, 890.0], [4508.25, 10057.0], [4508.2, 16653.0], [4508.05, 16554.0], [4508.0, 16690.0], [4507.95, 4423.0], [4507.9, 12082.0], [4507.75, 2737.0], [4507.55, 11938.0], [4507.5, 17.0]], "asks": [[4509.35, 448.0], [4509.4, 40.0], [4510.0, 6.0], [4510.25, 2399.0], [4510.3, 7500.0], [4510.5, 19.0], [4510.7, 100.0], [4510.75, 59229.0], [4510.8, 70000.0], [4510.85, 54425.0], [4510.9, 50000.0], [4510.95, 7134.0], [4511.0, 30906.0], [4511.05, 2400.0], [4511.15, 16591.0], [4511.2, 32000.0], [4511.3, 18431.0], [4511.35, 13259.0], [4511.5, 50037.0], [4511.55, 2811.0]]}}}
{"jsonrpc": "2.0", "method": "subscription", "params": {"channel": "book.ETH-PERPETUAL.none.20.100ms", "data": {"timestamp": 1759954192784, "change_id": 90156929043, "instrument_name": "ETH-PERPETUAL", "bids": [[4509.3, 265149.0], [4509.25, 205.0], [4509.0, 26141.0], [4508.9, 29508.0], [4508.85, 62963.0], [4508.75, 53108.0], [4508.5, 176612.0], [4508.45, 5993.0], [4508.4, 19994.0], [4508.35, 2811.0], [4508.3, 890.0], [4508.25, 10057.0], [4508.2, 16653.0], [4508.0, 31548.0], [4507.95, 4423.0], [4507.9, 12082.0], [4507.75, 2737.0], [4507.55, 11938.0], [4507.5, 17.0], [4507.45, 11771.0]], "asks": [[4509.35, 448.0], [4509.4, 40.0], [4510.0, 6.0], [4510.25, 2399.0], [4510.3, 7500.0], [4510.35, 463.0], [4510.5, 19.0], [4510.7, 100.0], [4510.75, 59229.0], [4510.8, 70000.0], [4510.85, 86425.0], [4510.9, 50000.0], [4510.95, 7134.0], [4511.0, 22079.0], [4511.05, 2400.0], [4511.15, 16591.0], [4511.3, 18431.0], [4511.35, 13259.0], [4511.4, 40.0], [4511.5, 50037.0]]}}}
{"jsonrpc": "2.0", "method": "subscription", "params": {"channel": "book.ETH-PERPETUAL.none.20.100ms", "data": {"timestamp": 1759954193124, "change_id": 90156929620, "instrument_name": "ETH-PERPETUAL", "bids": [[4509.3, 265177.0], [4509.25, 205.0], [4509.0, 26141.0], [4508.9, 29508.0], [4508.85, 12963.0], [4508.75, 103108.0], [4508.5, 176612.0], [4508.45, 5993.0], [4508.35, 2811.0], [4508.3, 20884.0], [4508.25, 10057.0], [4508.2, 16653.0], [4508.0, 31548.0], [4507.95, 4423.0], [4507.9, 12082.0], [4507.75, 2737.0], [4507.55, 11938.0], [4507.5, 17.0], [4507.45, 11771.0], [4507.4, 17767.0]], "asks": [[4509.35, 448.0], [4509.4, 40.0], [4510.0, 6.0], [4510.25, 2399.0], [4510.3, 7500.0], [4510.35, 463.0], [4510.5, 19.0], [4510.65, 7492.0], [4510.7, 25100.0], [4510.75, 59229.0], [4510.8, 70000.0], [4510.85, 61425.0], [4510.9, 50000.0], [4510.95, 7134.0], [4511.0, 22079.0], [4511.05, 2400.0], [4511.15, 16591.0], [4511.3, 18431.0], [4511.35, 13259.0], [4511.4, 40.0]]}}}
{"jsonrpc": "2.0", "method": "subscription", "params": {"channel": "book.ETH-PERPETUAL.none.20.100ms", "data": {"timestamp": 1759954193462, "change_id": 90156930304, "instrument_name": "ETH-PERPETUAL", "bids": [[4509.3, 264283.0], [4509.25, 205.0], [4509.0, 26141.0], [4508.9, 29508.0], [4508.85, 12963.0], [4508.75, 103108.0], [4508.5, 176612.0], [4508.45, 5993.0], [4508.35, 2811.0], [4508.3, 20884.0], [4508.25, 10057.0], [4508.2, 16653.0], [4508.0, 31548.0], [4507.95, 4423.0], [4507.9, 12082.0], [4507.75, 2737.0], [4507.55, 11938.0], [4507.5, 17.0], [4507.45, 6544.0], [4507.4, 17767.0]], "asks": [[4509.35, 448.0], [4509.4, 40.0], [4510.0, 6.0], [4510.25, 2399.0], [4510.3, 7500.0], [4510.35, 463.0], [4510.5, 19.0], [4510.65, 7492.0], [4510.7, 25100.0], [4510.75, 59229.0], [4510.8, 70000.0], [4510.85, 61425.0], [4510.9, 50000.0], [4510.95, 7134.0], [4511.0, 22079.0], [4511.05, 2400.0], [4511.15, 16631.0], [4511.3, 18431.0], [4511.35, 13259.0], [4511.5, 50037.0]]}}}
{"jsonrpc": "2.0", "method": "subscription", "params": {"channel": "book.ETH-PERPETUAL.none.20.100ms", "data": {"timestamp": 1759954193780, "change_id": 90156930493, "instrument_name": "ETH-PERPETUAL", "bids": [[4509.3, 265263.0], [4509.25, 205.0], [4509.0, 26141.0], [4508.9, 29508.0], [4508.85, 12963.0], [4508.75, 103108.0], [4508.5, 176612.0], [4508.45, 5993.0], [4508.35, 2811.0], [4508.3, 890.0], [4508.25, 30051.0], [4508.2, 16653.0], [4508.0, 16690.0], [4507.95, 4423.0], [4507.9, 12082.0], [4507.75, 2737.0], [4507.55, 11938.0], [4507.5, 17.0], [4507.45, 6544.0], [4507.4, 17767.0]], "asks": [[4509.35, 448.0], [4509.4, 40.0], [4510.0, 6.0], [4510.25, 2399.0], [4510.3, 7500.0], [4510.35, 463.0], [4510.5, 19.0], [4510.65, 7592.0], [4510.7, 25000.0], [4510.75, 59229.0], [4510.8, 70000.0], [4510.85, 61425.0], [4510.9, 50000.0], [4510.95, 7134.0], [4511.0, 22079.0], [4511.05, 2400.0], [4511.15, 16631.0], [4511.3, 18431.0], [4511.35, 13259.0], [4511.5, 50037.0]]}}}
{"jsonrpc": "2.0", "method": "subscription", "params": {"channel": "book.ETH-PERPETUAL.none.20.100ms", "data": {"timestamp": 1759954194130, "change_id": 90156931086, "instrument_name": "ETH-PERPETUAL", "bids": [[4509.3, 265671.0], [4509.25, 205.0], [4509.0, 12720.0], [4508.9, 29508.0], [4508.85, 12963.0], [4508.75, 53108.0], [4508.65, 50000.0], [4508.5, 176612.0], [4508.45, 5993.0], [4508.35, 2811.0], [4508.3, 890.0], [4508.25, 30051.0], [4508.2, 16653.0], [4508.0, 16690.0], [4507.95, 4423.0], [4507.9, 12082.0], [4507.85, 17999.0], [4507.75, 2737.0], [4507.55, 11938.0], [4507.5, 17.0]], "asks": [[4509.35, 448.0], [4509.4, 40.0], [4510.0, 6.0], [4510.25, 2399.0], [4510.3, 7500.0], [4510.35, 463.0], [4510.5, 19.0], [4510.6, 100.0], [4510.65, 7492.0], [4510.7, 25000.0], [4510.75, 59229.0], [4510.8, 70000.0], [4510.85, 61425.0], [4510.9, 50000.0], [4510.95, 7134.0], [4511.0, 22079.0], [4511.05, 2400.0], [4511.15, 16631.0], [4511.3, 18431.0], [4511.35, 13259.0]]}}}
{"jsonrpc": "2.0", "method": "subscription", "params": {"channel": "book.ETH-PERPETUAL.none.20.100ms", "data": {"timestamp": 1759954194450, "change_id": 90156932016, "instrument_name": "ETH-PERPETUAL", "bids": [[4509.3, 263184.0], [4509.25, 205.0], [4509.0, 8851.0], [4508.95, 40.0], [4508.9, 25000.0], [4508.75, 53108.0], [4508.55, 50000.0], [4508.5, 170686.0], [4508.45, 5993.0], [4508.35, 2811.0], [4508.3, 890.0], [4508.25, 10057.0], [4508.2, 16653.0], [4508.0, 36684.0], [4507.95, 4423.0], [4507.9, 12082.0], [4507.85, 22613.0], [4507.75, 2737.0], [4507.6, 3569.0], [4507.55, 11938.0]], "asks": [[4509.35, 4536.0], [4509.4, 40.0], [4509.95, 2241.0], [4510.0, 7506.0], [4510.2, 4957.0], [4510.25, 18990.0], [4510.35, 463.0], [4510.45, 100.0], [4510.5, 19.0], [4510.55, 26098.0], [4510.6, 29741.0], [4510.7, 75000.0], [4510.8, 70000.0], [4510.85, 49597.0], [4510.9, 40.0], [4510.95, 1227.0], [4511.0, 16410.0], [4511.05, 2400.0], [4511.3, 18431.0], [4511.35, 13259.0]]}}}
{"jsonrpc": "2.0", "method": "subscription", "params": {"channel": "book.ETH-PERPETUAL.none.20.100ms", "data": {"timestamp": 1759954194760, "change_id": 90156932230, "instrument_name": "ETH-PERPETUAL", "bids": [[4509.3, 260875.0], [4509.25, 205.0], [4509.0, 8851.0], [4508.95, 40.0], [4508.9, 25000.0], [4508.85, 4508.0], [4508.75, 53108.0], [4508.6, 12962.0], [4508.55, 50000.0], [4508.5, 170686.0], [4508.45, 5993.0], [4508.35, 2811.0], [4508.3, 890.0], [4508.25, 10057.0], [4508.2, 16653.0], [4508.0, 36684.0], [4507.95, 4423.0], [4507.9, 12082.0], [4507.75, 2737.0], [4507.6, 3569.0]], "asks": [[4509.35, 448.0], [4509.4, 40.0], [4509.95, 2241.0], [4510.0, 7506.0], [4510.2, 4957.0], [4510.25, 26028.0], [4510.35, 463.0], [4510.45, 100.0], [4510.5, 32019.0], [4510.55, 26098.0], [4510.6, 46332.0], [4510.65, 40.0], [4510.7, 75000.0], [4510.8, 70000.0], [4510.85, 17597.0], [4510.95, 1227.0], [4511.0, 16410.0], [4511.05, 2400.0], [4511.3, 18431.0], [4511.35, 13259.0]]}}}
{"jsonrpc": "2.0", "method": "subscription", "params": {"channel": "book.ETH-PERPETUAL.none.20.100ms", "data": {"timestamp": 1759954195121, "change_id": 90156932697, "instrument_name": "ETH-PERPETUAL", "bids": [[4509.3, 261344.0], [4509.25, 205.0], [4509.0, 8851.0], [4508.95, 40.0], [4508.9, 25000.0], [4508.85, 4508.0], [4508.75, 53108.0], [4508.6, 12962.0], [4508.55, 50000.0], [4508.5, 170686.0], [4508.45, 5993.0], [4508.35, 2811.0], [4508.3, 890.0], [4508.25, 10057.0], [4508.2, 16653.0], [4508.0, 36684.0], [4507.95, 4423.0], [4507.9, 12082.0], [4507.75, 2737.0], [4507.65, 23777.0]], "asks": [[4509.35, 448.0], [4509.4, 40.0], [4509.95, 2241.0], [4510.0, 7506.0], [4510.2, 4957.0], [4510.25, 26028.0], [4510.35, 463.0], [4510.45, 100.0], [4510.5, 32019.0], [4510.55, 26098.0], [4510.6, 46332.0], [4510.65, 40.0], [4510.7, 75000.0], [4510.8, 70000.0], [4510.85, 17597.0], [4510.95, 1227.0], [4511.0, 16410.0], [4511.05, 2400.0], [4511.3, 18431.0], [4511.35, 13259.0]]}}}
{"jsonrpc": "2.0", "method": "subscription", "params": {"channel": "book.ETH-PERPETUAL.none.20.100ms", "data": {"timestamp": 1759954195386, "change_id": 90156933158, "instrument_name": "ETH-PERPETUAL", "bids": [[4509.3, 260839.0], [4509.25, 205.0], [4509.0, 8851.0], [4508.95, 40.0], [4508.9, 25000.0], [4508.85, 4508.0], [4508.75, 53108.0], [4508.6, 12962.0], [4508.55, 50000.0], [4508.5, 170686.0], [4508.45, 5993.0], [4508.35, 2811.0], [4508.3, 890.0], [4508.25, 10057.0], [4508.2, 16653.0], [4508.0, 36684.0], [4507.95, 4423.0], [4507.9, 12082.0], [4507.75, 2737.0], [4507.55, 11938.0]], "asks": [[4509.35, 448.0], [4509.4, 40.0], [4509.95, 2241.0], [4510.0, 7506.0], [4510.1, 463.0], [4510.2, 4957.0], [4510.25, 26028.0], [4510.45, 100.0], [4510.5, 32019.0], [4510.55, 26098.0], [4510.6, 46332.0], [4510.65, 40.0], [4510.7, 75000.0], [4510.75, 31412.0], [4510.8, 70000.0], [4510.85, 17597.0], [4510.95, 1227.0], [4511.0, 16410.0], [4511.05, 2400.0], [4511.3, 18431.0]]}}}
{"jsonrpc": "2.0", "method": "subscription", "params": {"channel": "book.ETH-PERPETUAL.none.20.100ms", "data": {"timestamp": 1759954195780, "change_id": 90156933472, "instrument_name": "ETH-PERPETUAL", "bids": [[4509.3, 260408.0], [4509.25, 205.0], [4509.0, 8851.0], [4508.95, 40.0], [4508.9, 25000.0], [4508.85, 4508.0], [4508.75, 53108.0], [4508.6, 12962.0], [4508.55, 50000.0], [4508.5, 170686.0], [4508.45, 5993.0], [4508.35, 2811.0], [4508.3, 890.0], [4508.25, 10057.0], [4508.2, 16653.0], [4508.0, 16690.0], [4507.95, 24417.0], [4507.9, 12082.0], [4507.75, 2737.0], [4507.65, 17964.0]], "asks": [[4509.35, 448.0], [4509.4, 40.0], [4509.95, 2241.0], [4510.0, 7506.0], [4510.1, 463.0], [4510.2, 4957.0], [4510.25, 26028.0], [4510.45, 100.0], [4510.5, 32019.0], [4510.55, 26098.0], [4510.6, 46332.0], [4510.65, 40.0], [4510.7, 75000.0], [4510.75, 31412.0], [4510.8, 70000.0], [4510.85, 17597.0], [4510.95, 1227.0], [4511.0, 16410.0], [4511.05, 2400.0], [4511.3, 18431.0]]}}}
{"jsonrpc": "2.0", "method": "subscription", "params": {"channel": "book.ETH-PERPETUAL.none.20.100ms", "data": {"timestamp": 1759954195957, "change_id": 90156933707, "instrument_name": "ETH-PERPETUAL", "bids": [[4509.3, 260399.0], [4509.25, 205.0], [4509.0, 8851.0], [4508.95, 40.0], [4508.9, 25000.0], [4508.85, 4508.0], [4508.75, 53108.0], [4508.6, 12962.0], [4508.55, 50000.0], [4508.5, 170686.0], [4508.45, 5993.0], [4508.35, 2811.0], [4508.3, 890.0], [4508.25, 10057.0], [4508.2, 16653.0], [4508.0, 16690.0], [4507.95, 24417.0], [4507.9, 12082.0], [4507.75, 2737.0], [4507.65, 17964.0]], "asks": [[4509.35, 448.0], [4509.4, 40.0], [4509.95, 2241.0], [4510.0, 7506.0], [4510.1, 463.0], [4510.2, 4957.0], [4510.25, 26028.0], [4510.45, 100.0], [4510.5, 32019.0], [4510.55, 26098.0], [4510.6, 46332.0], [4510.65, 40.0], [4510.7, 75000.0], [4510.75, 31412.0], [4510.8, 70000.0], [4510.85, 17597.0], [4510.95, 1227.0], [4511.0, 16410.0], [4511.05, 2400.0], [4511.3, 18431.0]]}}}
{"jsonrpc": "2.0", "method": "subscription", "params": {"channel": "book.ETH-PERPETUAL.none.20.100ms", "data": {"timestamp": 1759954196410, "change_id": 90156934503, "instrument_name": "ETH-PERPETUAL", "bids": [[4509.3, 260834.0], [4509.25, 205.0], [4509.0, 8851.0], [4508.95, 40.0], [4508.9, 25000.0], [4508.85, 4508.0], [4508.75, 53108.0], [4508.6, 12962.0], [4508.5, 185569.0], [4508.45, 55993.0], [4508.35, 2811.0], [4508.3, 890.0], [4508.25, 10057.0], [4508.2, 16653.0], [4508.0, 27082.0], [4507.95, 19994.0], [4507.9, 12082.0], [4507.75, 2737.0], [4507.65, 17964.0], [4507.55, 11938.0]], "asks": [[4509.35, 448.0], [4509.4, 40.0], [4509.95, 2241.0], [4510.0, 7506.0], [4510.1, 463.0], [4510.2, 4957.0], [4510.25, 32453.0], [4510.4, 25000.0], [4510.45, 100.0], [4510.5, 32019.0], [4510.55, 26098.0], [4510.6, 96332.0], [4510.65, 40.0], [4510.75, 31412.0], [4510.8, 70000.0], [4510.85, 17597.0], [4510.95, 1227.0], [4511.0, 16410.0], [4511.05, 2400.0], [4511.3, 18431.0]]}}}
{"jsonrpc": "2.0", "method": "subscription", "params": {"channel": "book.ETH-PERPETUAL.none.20.100ms", "data": {"timestamp": 1759954196780, "change_id": 90156935480, "instrument_name": "ETH-PERPETUAL", "bids": [[4509.3, 253809.0], [4509.25, 205.0], [4509.0, 14015.0], [4508.95, 100.0], [4508.9, 25000.0], [4508.75, 53108.0], [4508.65, 40.0], [4508.6, 12962.0], [4508.5, 175488.0], [4508.45, 5993.0], [4508.35, 2811.0], [4508.25, 10057.0], [4508.2, 16653.0], [4508.05, 50000.0], [4508.0, 16690.0], [4507.9, 12082.0], [4507.75, 2737.0], [4507.6, 19994.0], [4507.55, 11938.0], [4507.5, 17.0]], "asks": [[4509.35, 60650.0], [4509.4, 40.0], [4509.85, 463.0], [4509.9, 100.0], [4510.0, 6.0], [4510.15, 4957.0], [4510.2, 50000.0], [4510.25, 16607.0], [4510.3, 25000.0], [4510.4, 9598.0], [4510.5, 32019.0], [4510.55, 12811.0], [4510.6, 46332.0], [4510.75, 35243.0], [4510.8, 70000.0], [4510.85, 3734.0], [4510.95, 1227.0], [4511.0, 11899.0], [4511.05, 2400.0], [4511.1, 9782.0]]}}}
{"jsonrpc": "2.0", "method": "subscription", "params": {"channel": "book.ETH-PERPETUAL.none.20.100ms", "data": {"timestamp": 1759954197108, "change_id": 90156936023, "instrument_name": "ETH-PERPETUAL", "bids": [[4509.3, 203809.0], [4509.25, 205.0], [4509.0, 8851.0], [4508.95, 100.0], [4508.9, 25000.0], [4508.75, 53108.0], [4508.65, 40.0], [4508.6, 12962.0], [4508.5, 170980.0], [4508.45, 5993.0], [4508.35, 2811.0], [4508.25, 10057.0], [4508.2, 16653.0], [4508.0, 16690.0], [4507.9, 12082.0], [4507.75, 52737.0], [4507.6, 20884.0], [4507.55, 11938.0], [4507.5, 17.0], [4507.3, 1194.0]], "asks": [[4509.35, 60650.0], [4509.4, 40.0], [4509.85, 463.0], [4510.0, 6.0], [4510.05, 100.0], [4510.1, 50000.0], [4510.15, 61957.0], [4510.25, 16607.0], [4510.4, 40.0], [4510.5, 19.0], [4510.55, 12811.0], [4510.6, 50842.0], [4510.75, 35243.0], [4510.8, 70000.0], [4510.85, 3734.0], [4510.95, 1227.0], [4511.0, 11899.0], [4511.05, 2400.0], [4511.1, 9782.0], [4511.15, 32772.0]]}}}
{"jsonrpc": "2.0", "method": "subscription", "params": {"channel": "book.ETH-PERPETUAL.none.20.100ms", "data": {"timestamp": 1759954197409, "change_id": 90156936705, "instrument_name": "ETH-PERPETUAL", "bids": [[4509.3, 181599.0], [4509.25, 205.0], [4509.0, 8851.0], [4508.95, 100.0], [4508.9, 25000.0], [4508.75, 53108.0], [4508.6, 12962.0], [4508.5, 170980.0], [4508.45, 5993.0], [4508.35, 2851.0], [4508.25, 10057.0], [4508.2, 16653.0], [4508.0, 16690.0], [4507.9, 12082.0], [4507.8, 15742.0], [4507.75, 52737.0], [4507.6, 890.0], [4507.55, 11938.0], [4507.5, 17.0], [4507.3, 21188.0]], "asks": [[4509.35, 60810.0], [4509.4, 40.0], [4509.55, 16000.0], [4509.6, 57743.0], [4510.0, 6.0], [4510.05, 100.0], [4510.1, 50000.0], [4510.15, 61957.0], [4510.25, 16607.0], [4510.4, 40.0], [4510.5, 19.0], [4510.55, 12811.0], [4510.6, 50842.0], [4510.75, 35243.0], [4510.8, 70000.0], [4510.85, 3734.0], [4510.95, 1227.0], [4511.0, 11899.0], [4511.05, 2400.0], [4511.1, 9782.0]]}}}
{"jsonrpc": "2.0", "method": "subscription", "params": {"channel": "book.ETH-PERPETUAL.none.20.100ms", "data": {"timestamp": 1759954197711, "change_id": 90156936971, "instrument_name": "ETH-PERPETUAL", "bids": [[4509.3, 200856.0], [4509.25, 205.0], [4509.0, 8851.0], [4508.95, 100.0], [4508.9, 25000.0], [4508.75, 53108.0], [4508.6, 12962.0], [4508.5, 170980.0], [4508.45, 5993.0], [4508.4, 4508.0], [4508.35, 2851.0], [4508.25, 10057.0], [4508.2, 16653.0], [4508.0, 16690.0], [4507.9, 12082.0], [4507.75, 2737.0], [4507.7, 50000.0], [4507.6, 890.0], [4507.55, 11938.0], [4507.5, 17.0]], "asks": [[4509.35, 81023.0], [4509.4, 40.0], [4509.5, 22012.0], [4509.55, 16000.0], [4509.6, 57743.0], [4510.0, 106.0], [4510.05, 36897.0], [4510.1, 50000.0], [4510.15, 57040.0], [4510.25, 16607.0], [4510.5, 19.0], [4510.55, 12811.0], [4510.6, 50842.0], [4510.75, 35243.0], [4510.8, 70000.0], [4510.85, 3734.0], [4510.95, 1227.0], [4511.0, 11899.0], [4511.05, 2400.0], [4511.1, 9782.0]]}}}
{"jsonrpc": "2.0", "method": "subscription", "params": {"channel": "book.ETH-PERPETUAL.none.20.100ms", "data": {"timestamp": 1759954198407, "change_id": 90156937827, "instrument_name": "ETH-PERPETUAL", "bids": [[4509.3, 200856.0], [4509.25, 205.0], [4509.0, 8851.0], [4508.95, 100.0], [4508.9, 25000.0], [4508.75, 53108.0], [4508.6, 12962.0], [4508.5, 170980.0], [4508.45, 5993.0], [4508.4, 4508.0], [4508.35, 2851.0], [4508.25, 10057.0], [4508.2, 16653.0], [4508.0, 16690.0], [4507.9, 12082.0], [4507.75, 21496.0], [4507.7, 50000.0], [4507.6, 890.0], [4507.55, 11938.0], [4507.5, 17.0]], "asks": [[4509.35, 81023.0], [4509.4, 40.0], [4509.5, 22012.0], [4509.55, 16000.0], [4509.6, 57743.0], [4510.0, 106.0], [4510.05, 36897.0], [4510.1, 50000.0], [4510.15, 57040.0], [4510.25, 16607.0], [4510.5, 19.0], [4510.55, 12811.0], [4510.6, 50842.0], [4510.75, 35243.0], [4510.8, 70000.0], [4510.85, 3734.0], [4510.95, 1227.0], [4511.0, 11899.0], [4511.05, 2400.0], [4511.1, 9782.0]]}}}
{"jsonrpc": "2.0", "method": "subscription", "params": {"channel": "book.ETH-PERPETUAL.none.20.100ms", "data": {"timestamp": 1759954198605, "change_id": 90156938120, "instrument_name": "ETH-PERPETUAL", "bids": [[4509.3, 200856.0], [4509.25, 205.0], [4509.0, 8851.0], [4508.95, 100.0], [4508.9, 25000.0], [4508.75, 53108.0], [4508.6, 12962.0], [4508.5, 170980.0], [4508.45, 5993.0], [4508.4, 4508.0], [4508.35, 2851.0], [4508.25, 10057.0], [4508.2, 16653.0], [4508.0, 16690.0], [4507.9, 12082.0], [4507.75, 21496.0], [4507.6, 50890.0], [4507.55, 11938.0], [4507.5, 17.0], [4507.3, 21188.0]], "asks": [[4509.35, 81023.0], [4509.4, 40.0], [4509.5, 22012.0], [4509.55, 16000.0], [4509.6, 57743.0], [4510.0, 106.0], [4510.05, 36897.0], [4510.1, 50000.0], [4510.15, 57040.0], [4510.25, 16607.0], [4510.5, 19.0], [4510.55, 12811.0], [4510.6, 50842.0], [4510.75, 35243.0], [4510.8, 70000.0], [4510.85, 3734.0], [4510.95, 1227.0], [4511.0, 11899.0], [4511.05, 2400.0], [4511.1, 9782.0]]}}}
{"jsonrpc": "2.0", "method": "subscription", "params": {"channel": "book.ETH-PERPETUAL.none.20.100ms", "data": {"timestamp": 1759954199067, "change_id": 90156938710, "instrument_name": "ETH-PERPETUAL", "bids": [[4509.3, 155790.0], [4509.25, 205.0], [4509.0, 14045.0], [4508.9, 25000.0], [4508.85, 25600.0], [4508.8, 100.0], [4508.75, 53071.0], [4508.6, 12962.0], [4508.5, 170980.0], [4508.45, 5993.0], [4508.4, 4508.0], [4508.35, 2851.0], [4508.25, 10057.0], [4508.2, 16653.0], [4508.0, 16690.0], [4507.9, 12082.0], [4507.75, 21496.0], [4507.6, 50890.0], [4507.55, 11938.0], [4507.5, 17.0]], "asks": [[4509.35, 81023.0], [4509.4, 40.0], [4509.5, 22012.0], [4509.6, 57743.0], [4510.0, 106.0], [4510.05, 36897.0], [4510.1, 50000.0], [4510.15, 57040.0], [4510.25, 16591.0], [4510.55, 12811.0], [4510.6, 50842.0], [4510.75, 35243.0], [4510.8, 70000.0], [4510.85, 3734.0], [4510.95, 1227.0], [4511.0, 61899.0], [4511.05, 2400.0], [4511.1, 9782.0], [4511.15, 32772.0], [4511.3, 3620.0]]}}}
{"jsonrpc": "2.0", "method": "subscription", "params": {"channel": "book.ETH-PERPETUAL.none.20.100ms", "data": {"timestamp": 1759954199465, "change_id": 90156939339, "instrument_name": "ETH-PERPETUAL", "bids": [[4509.3, 181390.0], [4509.25, 225.0], [4509.0, 8851.0], [4508.9, 25000.0], [4508.8, 100.0], [4508.75, 53090.0], [4508.5, 170980.0], [4508.45, 5993.0], [4508.4, 4508.0], [4508.35, 2851.0], [4508.25, 10075.0], [4508.2, 16653.0], [4508.0, 16690.0], [4507.9, 12082.0], [4507.75, 21496.0], [4507.6, 50890.0], [4507.55, 11938.0], [4507.5, 53.0], [4507.35, 7209.0], [4507.3, 21188.0]], "asks": [[4509.35, 81023.0], [4509.4, 40.0], [4509.5, 22012.0], [4509.55, 15500.0], [4509.6, 57743.0], [4510.0, 156.0], [4510.05, 36897.0], [4510.1, 50000.0], [4510.15, 57040.0], [4510.25, 16591.0], [4510.55, 12811.0], [4510.6, 50842.0], [4510.75, 35243.0], [4510.8, 70000.0], [4510.85, 3734.0], [4510.95, 1227.0], [4511.0, 61899.0], [4511.05, 2400.0], [4511.1, 9782.0], [4511.15, 32772.0]]}}}
{"jsonrpc": "2.0", "method": "subscription", "params": {"channel": "book.ETH-PERPETUAL.none.20.100ms", "data": {"timestamp": 1759954199790, "change_id": 90156939595, "instrument_name": "ETH-PERPETUAL", "bids": [[4509.3, 186390.0], [4509.25, 225.0], [4509.0, 8851.0], [4508.9, 25000.0], [4508.8, 100.0], [4508.75, 53090.0], [4508.5, 170980.0], [4508.45, 5993.0], [4508.4, 4508.0], [4508.35, 2851.0], [4508.25, 10075.0], [4508.2, 29614.0], [4508.0, 16690.0], [4507.9, 12082.0], [4507.75, 21496.0], [4507.6, 50890.0], [4507.55, 11938.0], [4507.5, 53.0], [4507.35, 7209.0], [4507.3, 21188.0]], "asks": [[4509.35, 81023.0], [4509.4, 40.0], [4509.5, 22012.0], [4509.6, 57743.0], [4509.95, 100.0], [4510.0, 71.0], [4510.05, 36897.0], [4510.1, 50000.0], [4510.15, 57040.0], [4510.25, 16591.0], [4510.55, 12811.0], [4510.6, 50842.0], [4510.75, 35243.0], [4510.8, 70000.0], [4510.85, 3734.0], [4510.95, 1227.0], [4511.0, 61899.0], [4511.05, 2400.0], [4511.1, 9782.0], [4511.15, 32772.0]]}}}
{"jsonrpc": "2.0", "method": "subscription", "params": {"channel": "book.ETH-PERPETUAL.none.20.100ms", "data": {"timestamp": 1759954200116, "change_id": 90156940048, "instrument_name": "ETH-PERPETUAL", "bids": [[4509.3, 186390.0], [4509.25, 225.0], [4509.0, 8851.0], [4508.9, 25000.0], [4508.8, 100.0], [4508.75, 53090.0], [4508.5, 170980.0], [4508.45, 5993.0], [4508.4, 4508.0], [4508.35, 2851.0], [4508.25, 10075.0], [4508.2, 29614.0], [4508.0, 16690.0], [4507.9, 12082.0], [4507.75, 21496.0], [4507.6, 890.0], [4507.55, 61938.0], [4507.5, 53.0], [4507.35, 7209.0], [4507.3, 21188.0]], "asks": [[4509.35, 81023.0], [4509.4, 40.0], [4509.5, 22012.0], [4509.6, 57743.0], [4509.95, 100.0], [4510.0, 71.0], [4510.05, 36897.0], [4510.1, 50000.0], [4510.15, 57040.0], [4510.25, 16591.0], [4510.55, 12811.0], [4510.6, 50842.0], [4510.75, 35243.0], [4510.8, 70000.0], [4510.85, 3734.0], [4510.95, 1227.0], [4511.0, 11899.0], [4511.05, 2400.0], [4511.1, 9782.0], [4511.15, 32772.0]]}}}
{"jsonrpc": "2.0", "method": "subscription", "params": {"channel": "book.ETH-PERPETUAL.none.20.100ms", "data": {"timestamp": 1759954200449, "change_id": 90156940690, "instrument_name": "ETH-PERPETUAL", "bids": [[4509.3, 186390.0], [4509.25, 225.0], [4509.0, 8851.0], [4508.95, 100.0], [4508.9, 25000.0], [4508.75, 53090.0], [4508.5, 170980.0], [4508.45, 5993.0], [4508.35, 2851.0], [4508.25, 10075.0], [4508.2, 29614.0], [4508.05, 50000.0], [4508.0, 16690.0], [4507.9, 12082.0], [4507.75, 2737.0], [4507.6, 20884.0], [4507.55, 11938.0], [4507.5, 53.0], [4507.3, 1194.0], [4507.25, 7019.0]], "asks": [[4509.35, 83198.0], [4509.4, 40.0], [4509.5, 22012.0], [4509.6, 57743.0], [4509.95, 100.0], [4510.0, 71.0], [4510.05, 36897.0], [4510.1, 50000.0], [4510.15, 57040.0], [4510.25, 16591.0], [4510.55, 12811.0], [4510.6, 46332.0], [4510.75, 3831.0], [4510.85, 3734.0], [4510.95, 1227.0], [4511.0, 11899.0], [4511.05, 2400.0], [4511.1, 9782.0], [4511.15, 32772.0], [4511.3, 18420.0]]}}}
{"jsonrpc": "2.0", "method": "subscription", "params": {"channel": "book.ETH-PERPETUAL.none.20.100ms", "data": {"timestamp": 1759954200747, "change_id": 90156940897, "instrument_name": "ETH-PERPETUAL", "bids": [[4509.3, 186390.0], [4509.25, 225.0], [4509.0, 8851.0], [4508.9, 25000.0], [4508.8, 100.0], [4508.75, 53090.0], [4508.6, 40.0], [4508.5, 170980.0], [4508.45, 5993.0], [4508.35, 2811.0], [4508.25, 10075.0], [4508.2, 29614.0], [4508.05, 50000.0], [4508.0, 16690.0], [4507.9, 12082.0], [4507.75, 2737.0], [4507.6, 20884.0], [4507.55, 11938.0], [4507.5, 53.0], [4507.3, 1194.0]], "asks": [[4509.35, 83198.0], [4509.4, 40.0], [4509.5, 22012.0], [4509.6, 57743.0], [4509.95, 100.0], [4510.0, 71.0], [4510.05, 36897.0], [4510.1, 50000.0], [4510.15, 57040.0], [4510.25, 16591.0], [4510.55, 17321.0], [4510.6, 46332.0], [4510.75, 3831.0], [4510.85, 3734.0], [4510.95, 1227.0], [4511.0, 11899.0], [4511.05, 2400.0], [4511.1, 9782.0], [4511.15, 32772.0], [4511.3, 18420.0]]}}}
{"jsonrpc": "2.0", "method": "subscription", "params": {"channel": "book.ETH-PERPETUAL.none.20.100ms", "data": {"timestamp": 1759954201067, "change_id": 90156941338, "instrument_name": "ETH-PERPETUAL", "bids": [[4509.3, 186390.0], [4509.25, 225.0], [4509.0, 8851.0], [4508.9, 25000.0], [4508.8, 100.0], [4508.75, 53090.0], [4508.6, 40.0], [4508.5, 170980.0], [4508.45, 10501.0], [4508.35, 2811.0], [4508.25, 10075.0], [4508.2, 29614.0], [4508.05, 50000.0], [4508.0, 16690.0], [4507.9, 12082.0], [4507.75, 2737.0], [4507.6, 20884.0], [4507.55, 11938.0], [4507.5, 53.0], [4507.3, 1194.0]], "asks": [[4509.35, 83218.0], [4509.4, 40.0], [4509.5, 22012.0], [4509.6, 57743.0], [4509.95, 100.0], [4510.0, 71.0], [4510.05, 36897.0], [4510.1, 50000.0], [4510.15, 57040.0], [4510.25, 16591.0], [4510.55, 17321.0], [4510.6, 46332.0], [4510.75, 3831.0], [4510.85, 3734.0], [4510.95, 1227.0], [4511.0, 61899.0], [4511.05, 2400.0], [4511.1, 9782.0], [4511.15, 32772.0], [4511.3, 3620.0]]}}}
{"jsonrpc": "2.0", "method": "subscription", "params": {"channel": "book.ETH-PERPETUAL.none.20.100ms", "data": {"timestamp": 1759954201448, "change_id": 90156941924, "instrument_name": "ETH-PERPETUAL", "bids": [[4509.3, 186390.0], [4509.25, 225.0], [4509.0, 8851.0], [4508.9, 25000.0], [4508.8, 100.0], [4508.75, 53090.0], [4508.6, 40.0], [4508.5, 174215.0], [4508.45, 5993.0], [4508.35, 2811.0], [4508.3, 12961.0], [4508.25, 10075.0], [4508.2, 16653.0], [4508.0, 16690.0], [4507.9, 12082.0], [4507.75, 2737.0], [4507.6, 50890.0], [4507.55, 11938.0], [4507.5, 53.0], [4507.3, 21188.0]], "asks": [[4509.35, 89728.0], [4509.4, 40.0], [4509.5, 22012.0], [4509.6, 57743.0], [4509.95, 100.0], [4510.0, 71.0], [4510.05, 36897.0], [4510.1, 50000.0], [4510.15, 57040.0], [4510.25, 16591.0], [4510.35, 2745.0], [4510.55, 17321.0], [4510.6, 46332.0], [4510.75, 3831.0], [4510.85, 3734.0], [4510.95, 1227.0], [4511.0, 11899.0], [4511.05, 2400.0], [4511.1, 9782.0], [4511.15, 32772.0]]}}}
