{"jsonrpc": "2.0", "id": 1, "result": ["book.ETH-PERPETUAL.none.20.100ms"], "usIn": 1762251223614464, "usOut": 1762251223614666, "usDiff": 202, "testnet": false}
{"jsonrpc": "2.0", "method": "subscription", "params": {"channel": "book.ETH-PERPETUAL.none.20.100ms", "data": {"timestamp": 1762251223605, "change_id": 94913439886, "instrument_name": "ETH-PERPETUAL", "bids": [[3490.4, 8906.0], [3490.25, 256.0], [3490.15, 25000.0], [3490.1, 4149.0], [3490.05, 13900.0], [3490.0, 90.0], [3489.7, 5968.0], [3489.65, 19994.0], [3489.6, 2144.0], [3489.55, 7184.0], [3489.45, 16842.0], [3489.4, 7364.0], [3489.3, 50000.0], [3489.25, 256.0], [3489.2, 26292.0], [3489.15, 21226.0], [3488.9, 10857.0], [3488.8, 2809.0], [3488.75, 17761.0], [3488.7, 7406.0]], "asks": [[3490.45, 34022.0], [3490.65, 212.0], [3490.7, 4149.0], [3490.75, 13900.0], [3490.8, 8627.0], [3490.9, 13900.0], [3490.95, 29519.0], [3491.0, 25000.0], [3491.05, 26500.0], [3491.1, 10338.0], [3491.15, 15000.0], [3491.2, 7184.0], [3491.25, 27047.0], [3491.3, 32378.0], [3491.4, 11032.0], [3491.6, 7378.0], [3491.7, 16843.0], [3491.75, 57369.0], [3492.0, 12157.0], [3492.05, 7385.0]]}}}
{"jsonrpc": "2.0", "method": "subscription", "params": {"channel": "book.ETH-PERPETUAL.none.20.100ms", "data": {"timestamp": 1762251223913, "change_id": 94913440551, "instrument_name": "ETH-PERPETUAL", "bids": [[3490.4, 28158.0], [3490.3, 4226.0], [3490.25, 14156.0], [3490.2, 11612.0], [3490.15, 25000.0], [3490.05, 13900.0], [3490.0, 90.0], [3489.9, 5969.0], [3489.85, 19995.0], [3489.6, 2144.0], [3489.55, 7184.0], [3489.45, 16842.0], [3489.4, 7364.0], [3489.35, 19986.0], [3489.3, 50000.0], [3489.25, 256.0], [3489.2, 6306.0], [3489.15, 21226.0], [3488.95, 17761.0], [3488.9, 10857.0]], "asks": [[3490.45, 14141.0], [3490.65, 212.0], [3490.7, 4149.0], [3490.75, 13900.0], [3490.8, 8627.0], [3490.9, 13900.0], [3490.95, 29519.0], [3491.0, 25000.0], [3491.05, 26500.0], [3491.1, 10338.0], [3491.15, 15000.0], [3491.2, 7184.0], [3491.25, 27047.0], [3491.3, 7378.0], [3491.4, 11032.0], [3491.6, 7378.0], [3491.7, 27200.0], [3491.75, 7369.0], [3492.0, 62157.0], [3492.05, 7385.0]]}}}
{"jsonrpc": "2.0", "method": "subscription", "params": {"channel": "book.ETH-PERPETUAL.none.20.100ms", "data": {"timestamp": 1762251224234, "change_id": 94913440917, "instrument_name": "ETH-PERPETUAL", "bids": [[3490.4, 11520.0], [3490.25, 256.0], [3490.2, 11612.0], [3490.15, 25000.0], [3490.05, 13900.0], [3490.0, 90.0], [3489.7, 5968.0], [3489.65, 19994.0], [3489.6, 2144.0], [3489.55, 7184.0], [3489.45, 16842.0], [3489.4, 7364.0], [3489.3, 50000.0], [3489.25, 12558.0], [3489.2, 19986.0], [3489.15, 21226.0], [3488.9, 10857.0], [3488.85, 17761.0], [3488.8, 2809.0], [3488.7, 7406.0]], "asks": [[3490.45, 26975.0], [3490.65, 212.0], [3490.7, 4149.0], [3490.75, 13900.0], [3490.8, 8627.0], [3490.9, 13900.0], [3490.95, 29519.0], [3491.0, 25000.0], [3491.05, 29000.0], [3491.1, 10338.0], [3491.15, 15000.0], [3491.2, 7184.0], [3491.25, 27047.0], [3491.3, 7378.0], [3491.4, 11032.0], [3491.6, 7378.0], [3491.7, 27200.0], [3491.75, 7369.0], [3491.95, 50000.0], [3492.0, 12157.0]]}}}
{"jsonrpc": "2.0", "method": "subscription", "params": {"channel": "book.ETH-PERPETUAL.none.20.100ms", "data": {"timestamp": 1762251224573, "change_id": 94913441329, "instrument_name": "ETH-PERPETUAL", "bids": [[3490.4, 9007.0], [3490.25, 256.0], [3490.2, 11612.0], [3490.15, 25000.0], [3490.05, 13900.0], [3490.0, 6058.0], [3489.95, 19994.0], [3489.6, 2144.0], [3489.55, 7184.0], [3489.45, 16842.0], [3489.4, 7364.0], [3489.3, 50000.0], [3489.25, 12558.0], [3489.2, 19986.0], [3489.15, 21226.0], [3488.9, 7369.0], [3488.85, 17761.0], [3488.8, 2809.0], [3488.7, 7406.0], [3488.65, 2755.0]], "asks": [[3490.45, 26975.0], [3490.65, 212.0], [3490.7, 4149.0], [3490.75, 13900.0], [3490.8, 8627.0], [3490.9, 13900.0], [3490.95, 29519.0], [3491.0, 25000.0], [3491.05, 29000.0], [3491.1, 10338.0], [3491.15, 15000.0], [3491.2, 7184.0], [3491.25, 27047.0], [3491.3, 7378.0], [3491.4, 11032.0], [3491.6, 7378.0], [3491.7, 27200.0], [3491.75, 7369.0], [3492.0, 12157.0], [3492.05, 57385.0]]}}}
{"jsonrpc": "2.0", "method": "subscription", "params": {"channel": "book.ETH-PERPETUAL.none.20.100ms", "data": {"timestamp": 1762251224891, "change_id": 94913441893, "instrument_name": "ETH-PERPETUAL", "bids": [[3490.4, 25314.0], [3490.25, 14156.0], [3490.2, 23295.0], [3490.15, 25000.0], [3490.1, 19994.0], [3490.05, 13900.0], [3490.0, 90.0], [3489.6, 2144.0], [3489.55, 7184.0], [3489.45, 16842.0], [3489.4, 7364.0], [3489.3, 50000.0], [3489.25, 256.0], [3489.2, 19986.0], [3489.15, 21226.0], [3488.95, 3488.0], [3488.9, 7369.0], [3488.85, 17761.0], [3488.8, 2809.0], [3488.7, 7406.0]], "asks": [[3490.45, 14141.0], [3490.65, 212.0], [3490.7, 4149.0], [3490.75, 13900.0], [3490.8, 8627.0], [3490.9, 13900.0], [3490.95, 29519.0], [3491.0, 25000.0], [3491.05, 29000.0], [3491.1, 10338.0], [3491.15, 15000.0], [3491.2, 7184.0], [3491.25, 27047.0], [3491.3, 7378.0], [3491.4, 11032.0], [3491.6, 7378.0], [3491.7, 27200.0], [3491.75, 7369.0], [3492.0, 12157.0], [3492.05, 57385.0]]}}}
{"jsonrpc": "2.0", "method": "subscription", "params": {"channel": "book.ETH-PERPETUAL.none.20.100ms", "data": {"timestamp": 1762251225238, "change_id": 94913442287, "instrument_name": "ETH-PERPETUAL", "bids": [[3490.4, 12785.0], [3490.3, 6375.0], [3490.25, 14156.0], [3490.2, 18812.0], [3490.15, 25000.0], [3490.05, 13900.0], [3490.0, 90.0], [3489.7, 5968.0], [3489.65, 19994.0], [3489.6, 2144.0], [3489.55, 7184.0], [3489.45, 16842.0], [3489.4, 7364.0], [3489.3, 50000.0], [3489.25, 256.0], [3489.2, 19986.0], [3489.15, 21226.0], [3488.95, 3488.0], [3488.9, 7369.0], [3488.85, 17761.0]], "asks": [[3490.45, 14141.0], [3490.65, 212.0], [3490.7, 4149.0], [3490.75, 13900.0], [3490.8, 8627.0], [3490.9, 13900.0], [3490.95, 29519.0], [3491.0, 25000.0], [3491.05, 26500.0], [3491.1, 10338.0], [3491.15, 15000.0], [3491.2, 7184.0], [3491.25, 27047.0], [3491.3, 7378.0], [3491.4, 11032.0], [3491.55, 9665.0], [3491.6, 7378.0], [3491.7, 27200.0], [3491.75, 7369.0], [3492.0, 2030.0]]}}}
{"jsonrpc": "2.0", "method": "subscription", "params": {"channel": "book.ETH-PERPETUAL.none.20.100ms", "data": {"timestamp": 1762251225540, "change_id": 94913442567, "instrument_name": "ETH-PERPETUAL", "bids": [[3490.4, 11475.0], [3490.3, 6375.0], [3490.25, 14156.0], [3490.2, 23295.0], [3490.15, 25000.0], [3490.1, 19994.0], [3490.05, 13900.0], [3490.0, 90.0], [3489.6, 2144.0], [3489.55, 7184.0], [3489.45, 16842.0], [3489.4, 7364.0], [3489.3, 50000.0], [3489.25, 256.0], [3489.2, 19986.0], [3489.15, 7469.0], [3488.95, 3488.0], [3488.9, 7369.0], [3488.85, 17761.0], [3488.8, 2809.0]], "asks": [[3490.45, 14141.0], [3490.65, 212.0], [3490.7, 4149.0], [3490.75, 13900.0], [3490.8, 8627.0], [3490.9, 13900.0], [3490.95, 29519.0], [3491.0, 25000.0], [3491.05, 26500.0], [3491.1, 10338.0], [3491.15, 15000.0], [3491.2, 7184.0], [3491.25, 27047.0], [3491.3, 7378.0], [3491.4, 11032.0], [3491.55, 9665.0], [3491.6, 7378.0], [3491.7, 27200.0], [3491.75, 7369.0], [3492.0, 2030.0]]}}}
{"jsonrpc": "2.0", "method": "subscription", "params": {"channel": "book.ETH-PERPETUAL.none.20.100ms", "data": {"timestamp": 1762251225884, "change_id": 94913443147, "instrument_name": "ETH-PERPETUAL", "bids": [[3490.4, 36209.0], [3490.3, 6375.0], [3490.25, 14156.0], [3490.2, 23295.0], [3490.15, 25000.0], [3490.1, 19994.0], [3490.05, 13900.0], [3490.0, 90.0], [3489.6, 2144.0], [3489.55, 7184.0], [3489.45, 16842.0], [3489.4, 7364.0], [3489.3, 50000.0], [3489.25, 256.0], [3489.2, 19986.0], [3489.15, 7469.0], [3488.95, 3488.0], [3488.9, 7369.0], [3488.85, 17761.0], [3488.8, 2809.0]], "asks": [[3490.45, 1062.0], [3490.65, 212.0], [3490.7, 4149.0], [3490.75, 13900.0], [3490.8, 8627.0], [3490.9, 13900.0], [3490.95, 29519.0], [3491.0, 27500.0], [3491.05, 26500.0], [3491.1, 10338.0], [3491.15, 15000.0], [3491.2, 7184.0], [3491.25, 27047.0], [3491.3, 7378.0], [3491.4, 11032.0], [3491.55, 9665.0], [3491.6, 7378.0], [3491.7, 27200.0], [3491.75, 7369.0], [3492.0, 2030.0]]}}}
{"jsonrpc": "2.0", "method": "subscription", "params": {"channel": "book.ETH-PERPETUAL.none.20.100ms", "data": {"timestamp": 1762251226229, "change_id": 94913443600, "instrument_name": "ETH-PERPETUAL", "bids": [[3490.65, 120.0], [3490.6, 8394.0], [3490.55, 14101.0], [3490.5, 18880.0], [3490.45, 14112.0], [3490.4, 3497.0], [3490.3, 6045.0], [3490.25, 256.0], [3490.2, 27457.0], [3490.15, 25000.0], [3490.0, 90.0], [3489.95, 2144.0], [3489.9, 7184.0], [3489.45, 16842.0], [3489.4, 7364.0], [3489.35, 69986.0], [3489.25, 256.0], [3489.15, 7469.0], [3488.95, 3488.0], [3488.9, 7369.0]], "asks": [[3490.7, 13297.0], [3490.85, 12776.0], [3490.9, 13900.0], [3490.95, 28900.0], [3491.1, 10338.0], [3491.15, 15000.0], [3491.2, 7184.0], [3491.25, 38839.0], [3491.35, 51600.0], [3491.4, 11032.0], [3491.55, 9665.0], [3491.6, 7378.0], [3491.7, 27200.0], [3491.75, 7369.0], [3491.8, 50000.0], [3492.0, 2030.0], [3492.05, 7385.0], [3492.1, 754.0], [3492.25, 26839.0], [3492.3, 7385.0]]}}}
{"jsonrpc": "2.0", "method": "subscription", "params": {"channel": "book.ETH-PERPETUAL.none.20.100ms", "data": {"timestamp": 1762251226550, "change_id": 94913444082, "instrument_name": "ETH-PERPETUAL", "bids": [[3490.65, 447.0], [3490.45, 1471.0], [3490.4, 4217.0], [3490.25, 256.0], [3490.2, 7463.0], [3490.15, 25000.0], [3490.05, 8139.0], [3490.0, 20084.0], [3489.9, 7184.0], [3489.5, 50100.0], [3489.45, 2198.0], [3489.4, 7364.0], [3489.25, 256.0], [3489.2, 19986.0], [3489.15, 7369.0], [3489.1, 3489.0], [3489.0, 17761.0], [3488.9, 7369.0], [3488.8, 2809.0], [3488.7, 7406.0]], "asks": [[3490.7, 26412.0], [3490.85, 12776.0], [3490.9, 13900.0], [3490.95, 28900.0], [3491.1, 10338.0], [3491.15, 15000.0], [3491.2, 7184.0], [3491.25, 38839.0], [3491.35, 51600.0], [3491.4, 11032.0], [3491.55, 9665.0], [3491.6, 7378.0], [3491.7, 27200.0], [3491.75, 7369.0], [3492.0, 2030.0], [3492.05, 7385.0], [3492.1, 754.0], [3492.2, 50000.0], [3492.25, 26839.0], [3492.3, 7385.0]]}}}
{"jsonrpc": "2.0", "method": "subscription", "params": {"channel": "book.ETH-PERPETUAL.none.20.100ms", "data": {"timestamp": 1762251226890, "change_id": 94913444705, "instrument_name": "ETH-PERPETUAL", "bids": [[3490.65, 604.0], [3490.45, 212.0], [3490.4, 2066.0], [3490.25, 256.0], [3490.2, 7463.0], [3490.15, 25000.0], [3490.05, 8139.0], [3490.0, 20084.0], [3489.9, 7184.0], [3489.5, 50100.0], [3489.45, 2198.0], [3489.4, 7364.0], [3489.25, 256.0], [3489.2, 19986.0], [3489.15, 7369.0], [3489.0, 17761.0], [3488.9, 7369.0], [3488.8, 2809.0], [3488.7, 7406.0], [3488.65, 2755.0]], "asks": [[3490.7, 40312.0], [3490.8, 13900.0], [3490.85, 8627.0], [3490.9, 13900.0], [3490.95, 15000.0], [3491.0, 4149.0], [3491.05, 13900.0], [3491.1, 10338.0], [3491.15, 15000.0], [3491.2, 7184.0], [3491.25, 38839.0], [3491.35, 51600.0], [3491.4, 11032.0], [3491.55, 9665.0], [3491.6, 7378.0], [3491.7, 27200.0], [3491.75, 7369.0], [3492.0, 2030.0], [3492.05, 57385.0], [3492.1, 754.0]]}}}
{"jsonrpc": "2.0", "method": "subscription", "params": {"channel": "book.ETH-PERPETUAL.none.20.100ms", "data": {"timestamp": 1762251227169, "change_id": 94913445001, "instrument_name": "ETH-PERPETUAL", "bids": [[3490.65, 516.0], [3490.45, 212.0], [3490.4, 66.0], [3490.25, 256.0], [3490.2, 7463.0], [3490.15, 25000.0], [3490.05, 8139.0], [3490.0, 20084.0], [3489.9, 7184.0], [3489.55, 14955.0], [3489.5, 50100.0], [3489.45, 2198.0], [3489.4, 7364.0], [3489.25, 256.0], [3489.2, 19986.0], [3489.15, 7369.0], [3489.0, 3489.0], [3488.95, 17761.0], [3488.9, 7369.0], [3488.8, 2809.0]], "asks": [[3490.7, 40312.0], [3490.75, 8298.0], [3490.8, 13900.0], [3490.9, 13900.0], [3491.0, 4149.0], [3491.05, 16400.0], [3491.1, 10338.0], [3491.15, 15000.0], [3491.2, 7184.0], [3491.25, 38839.0], [3491.35, 51600.0], [3491.4, 11032.0], [3491.55, 9665.0], [3491.6, 7378.0], [3491.7, 27200.0], [3491.75, 7369.0], [3492.0, 2030.0], [3492.05, 7385.0], [3492.1, 50754.0], [3492.25, 2204.0]]}}}
{"jsonrpc": "2.0", "method": "subscription", "params": {"channel": "book.ETH-PERPETUAL.none.20.100ms", "data": {"timestamp": 1762251227539, "change_id": 94913445366, "instrument_name": "ETH-PERPETUAL", "bids": [[3490.65, 516.0], [3490.45, 212.0], [3490.4, 66.0], [3490.25, 256.0], [3490.2, 7463.0], [3490.15, 25000.0], [3490.05, 8139.0], [3490.0, 20084.0], [3489.9, 7184.0], [3489.55, 14955.0], [3489.5, 50100.0], [3489.45, 2198.0], [3489.4, 7364.0], [3489.25, 256.0], [3489.2, 19986.0], [3489.15, 7369.0], [3489.0, 3489.0], [3488.95, 17761.0], [3488.9, 7369.0], [3488.8, 2809.0]], "asks": [[3490.7, 40312.0], [3490.75, 8298.0], [3490.8, 13900.0], [3490.9, 13900.0], [3491.0, 13581.0], [3491.05, 13900.0], [3491.1, 35338.0], [3491.15, 15000.0], [3491.2, 7184.0], [3491.25, 21552.0], [3491.3, 11233.0], [3491.35, 41600.0], [3491.4, 11032.0], [3491.55, 9665.0], [3491.6, 7378.0], [3491.7, 27200.0], [3491.75, 7369.0], [3492.0, 2030.0], [3492.05, 7385.0], [3492.1, 50754.0]]}}}
{"jsonrpc": "2.0", "method": "subscription", "params": {"channel": "book.ETH-PERPETUAL.none.20.100ms", "data": {"timestamp": 1762251227861, "change_id": 94913445933, "instrument_name": "ETH-PERPETUAL", "bids": [[3490.65, 515.0], [3490.45, 212.0], [3490.4, 66.0], [3490.25, 14156.0], [3490.2, 7463.0], [3490.15, 25000.0], [3490.05, 7862.0], [3490.0, 90.0], [3489.95, 19994.0], [3489.9, 7184.0], [3489.55, 14955.0], [3489.5, 50100.0], [3489.45, 2198.0], [3489.4, 7364.0], [3489.25, 256.0], [3489.2, 19986.0], [3489.15, 7369.0], [3489.0, 3489.0], [3488.95, 17761.0], [3488.9, 7369.0]], "asks": [[3490.7, 40312.0], [3490.9, 4149.0], [3490.95, 13900.0], [3491.0, 13581.0], [3491.05, 13900.0], [3491.1, 49238.0], [3491.15, 15000.0], [3491.2, 7184.0], [3491.25, 21552.0], [3491.3, 11233.0], [3491.35, 41600.0], [3491.4, 11032.0], [3491.55, 9665.0], [3491.6, 7378.0], [3491.7, 27200.0], [3491.75, 7369.0], [3492.0, 2030.0], [3492.05, 7385.0], [3492.1, 50754.0], [3492.25, 2204.0]]}}}
{"jsonrpc": "2.0", "method": "subscription", "params": {"channel": "book.ETH-PERPETUAL.none.20.100ms", "data": {"timestamp": 1762251228204, "change_id": 94913446185, "instrument_name": "ETH-PERPETUAL", "bids": [[3490.65, 502.0], [3490.45, 212.0], [3490.4, 66.0], [3490.25, 14156.0], [3490.2, 27458.0], [3490.15, 25000.0], [3490.05, 2171.0], [3490.0, 90.0], [3489.9, 7184.0], [3489.55, 14955.0], [3489.5, 50100.0], [3489.45, 22184.0], [3489.4, 7364.0], [3489.25, 256.0], [3489.2, 2200.0], [3489.15, 7369.0], [3489.0, 3489.0], [3488.95, 17761.0], [3488.9, 7369.0], [3488.8, 2809.0]], "asks": [[3490.7, 40312.0], [3490.9, 4149.0], [3490.95, 13900.0], [3491.0, 11081.0], [3491.05, 13900.0], [3491.1, 49238.0], [3491.15, 15000.0], [3491.2, 7184.0], [3491.25, 21552.0], [3491.3, 11233.0], [3491.35, 41600.0], [3491.4, 11032.0], [3491.55, 9665.0], [3491.6, 7378.0], [3491.7, 27200.0], [3491.75, 7369.0], [3492.0, 2030.0], [3492.05, 22535.0], [3492.1, 50754.0], [3492.25, 2204.0]]}}}
{"jsonrpc": "2.0", "method": "subscription", "params": {"channel": "book.ETH-PERPETUAL.none.20.100ms", "data": {"timestamp": 1762251228506, "change_id": 94913446395, "instrument_name": "ETH-PERPETUAL", "bids": [[3490.65, 511.0], [3490.45, 212.0], [3490.4, 66.0], [3490.25, 14156.0], [3490.2, 7463.0], [3490.15, 25000.0], [3490.05, 7862.0], [3490.0, 90.0], [3489.95, 19994.0], [3489.9, 7184.0], [3489.55, 14955.0], [3489.5, 50100.0], [3489.45, 2198.0], [3489.4, 7364.0], [3489.25, 20242.0], [3489.2, 2200.0], [3489.15, 7369.0], [3489.0, 3489.0], [3488.95, 17761.0], [3488.9, 7369.0]], "asks": [[3490.7, 40312.0], [3490.9, 4149.0], [3490.95, 13900.0], [3491.0, 13581.0], [3491.05, 13900.0], [3491.1, 49238.0], [3491.15, 15000.0], [3491.2, 7184.0], [3491.25, 21552.0], [3491.3, 11233.0], [3491.35, 41600.0], [3491.4, 11032.0], [3491.55, 9665.0], [3491.6, 7378.0], [3491.7, 27200.0], [3491.75, 7369.0], [3492.0, 2030.0], [3492.05, 7385.0], [3492.1, 754.0], [3492.15, 50000.0]]}}}
{"jsonrpc": "2.0", "method": "subscription", "params": {"channel": "book.ETH-PERPETUAL.none.20.100ms", "data": {"timestamp": 1762251228854, "change_id": 94913447031, "instrument_name": "ETH-PERPETUAL", "bids": [[3490.65, 16411.0], [3490.45, 212.0], [3490.4, 66.0], [3490.3, 9653.0], [3490.25, 14156.0], [3490.2, 27457.0], [3490.15, 25000.0], [3490.0, 90.0], [3489.95, 2144.0], [3489.9, 7184.0], [3489.55, 14955.0], [3489.5, 50100.0], [3489.45, 22184.0], [3489.4, 7364.0], [3489.25, 256.0], [3489.2, 19961.0], [3489.15, 7369.0], [3488.9, 7369.0], [3488.8, 2809.0], [3488.7, 7406.0]], "asks": [[3490.7, 40312.0], [3490.9, 4149.0], [3490.95, 13900.0], [3491.0, 11081.0], [3491.05, 13900.0], [3491.1, 54783.0], [3491.15, 28900.0], [3491.2, 7184.0], [3491.25, 21552.0], [3491.3, 11233.0], [3491.35, 41600.0], [3491.4, 11032.0], [3491.55, 9665.0], [3491.6, 7378.0], [3491.7, 27200.0], [3491.75, 7369.0], [3492.0, 2030.0], [3492.05, 7385.0], [3492.1, 754.0], [3492.25, 52204.0]]}}}
{"jsonrpc": "2.0", "method": "subscription", "params": {"channel": "book.ETH-PERPETUAL.none.20.100ms", "data": {"timestamp": 1762251229164, "change_id": 94913447396, "instrument_name": "ETH-PERPETUAL", "bids": [[3490.65, 3304.0], [3490.45, 212.0], [3490.4, 66.0], [3490.35, 10194.0], [3490.25, 34150.0], [3490.2, 7463.0], [3490.15, 25000.0], [3490.0, 90.0], [3489.95, 2144.0], [3489.9, 7184.0], [3489.55, 14955.0], [3489.5, 50100.0], [3489.45, 2198.0], [3489.4, 7364.0], [3489.25, 20242.0], [3489.2, 2200.0], [3489.15, 10858.0], [3489.0, 7501.0], [3488.95, 17761.0], [3488.9, 7369.0]], "asks": [[3490.7, 25591.0], [3490.9, 4149.0], [3490.95, 13900.0], [3491.0, 11081.0], [3491.05, 13900.0], [3491.1, 54783.0], [3491.15, 17500.0], [3491.2, 7184.0], [3491.25, 21552.0], [3491.3, 11233.0], [3491.35, 41600.0], [3491.4, 11032.0], [3491.55, 9665.0], [3491.6, 7378.0], [3491.7, 27200.0], [3491.75, 7369.0], [3492.0, 2030.0], [3492.05, 7385.0], [3492.1, 754.0], [3492.2, 17129.0]]}}}
{"jsonrpc": "2.0", "method": "subscription", "params": {"channel": "book.ETH-PERPETUAL.none.20.100ms", "data": {"timestamp": 1762251229534, "change_id": 94913447831, "instrument_name": "ETH-PERPETUAL", "bids": [[3490.65, 382.0], [3490.45, 212.0], [3490.4, 66.0], [3490.25, 256.0], [3490.2, 7463.0], [3490.15, 25000.0], [3490.05, 2171.0], [3490.0, 90.0], [3489.9, 7184.0], [3489.6, 19993.0], [3489.55, 14955.0], [3489.5, 50100.0], [3489.45, 2198.0], [3489.4, 7364.0], [3489.25, 256.0], [3489.2, 22186.0], [3489.15, 7369.0], [3489.0, 7501.0], [3488.9, 10857.0], [3488.85, 17841.0]], "asks": [[3490.7, 25591.0], [3490.9, 6649.0], [3490.95, 13900.0], [3491.0, 11081.0], [3491.05, 13900.0], [3491.1, 54783.0], [3491.15, 15000.0], [3491.2, 7184.0], [3491.25, 21552.0], [3491.3, 11233.0], [3491.35, 41600.0], [3491.4, 11032.0], [3491.55, 9665.0], [3491.6, 7378.0], [3491.7, 27200.0], [3491.75, 7369.0], [3492.0, 52030.0], [3492.05, 7385.0], [3492.1, 754.0], [3492.3, 7385.0]]}}}
{"jsonrpc": "2.0", "method": "subscription", "params": {"channel": "book.ETH-PERPETUAL.none.20.100ms", "data": {"timestamp": 1762251229856, "change_id": 94913448476, "instrument_name": "ETH-PERPETUAL", "bids": [[3490.65, 126.0], [3490.4, 66.0], [3490.25, 256.0], [3490.15, 25000.0], [3490.0, 90.0], [3489.65, 5968.0], [3489.6, 19994.0], [3489.55, 7184.0], [3489.45, 2198.0], [3489.4, 7364.0], [3489.3, 50000.0], [3489.25, 256.0], [3489.2, 2200.0], [3489.15, 7369.0], [3489.1, 100.0], [3489.05, 19986.0], [3488.9, 7369.0], [3488.85, 80.0], [3488.8, 2809.0], [3488.75, 17761.0]], "asks": [[3490.7, 64591.0], [3490.8, 8298.0], [3490.85, 13900.0], [3490.95, 13900.0], [3491.0, 11081.0], [3491.05, 40400.0], [3491.1, 29783.0], [3491.15, 15000.0], [3491.2, 7184.0], [3491.25, 21552.0], [3491.3, 11233.0], [3491.35, 15000.0], [3491.4, 36032.0], [3491.6, 7378.0], [3491.7, 2200.0], [3491.75, 7369.0], [3491.85, 50000.0], [3492.0, 2030.0], [3492.05, 7385.0], [3492.1, 754.0]]}}}
{"jsonrpc": "2.0", "method": "subscription", "params": {"channel": "book.ETH-PERPETUAL.none.20.100ms", "data": {"timestamp": 1762251230177, "change_id": 94913448881, "instrument_name": "ETH-PERPETUAL", "bids": [[3490.4, 3174.0], [3490.25, 256.0], [3490.15, 25000.0], [3490.0, 90.0], [3489.75, 5968.0], [3489.6, 19994.0], [3489.55, 7184.0], [3489.45, 16842.0], [3489.4, 7364.0], [3489.3, 50000.0], [3489.25, 256.0], [3489.2, 2200.0], [3489.15, 7369.0], [3489.1, 100.0], [3488.95, 19986.0], [3488.9, 7369.0], [3488.85, 80.0], [3488.8, 6297.0], [3488.75, 17761.0], [3488.7, 7406.0]], "asks": [[3490.45, 40671.0], [3490.55, 3831.0], [3490.65, 23547.0], [3490.7, 25000.0], [3490.8, 6649.0], [3490.95, 13900.0], [3491.0, 11081.0], [3491.05, 40400.0], [3491.1, 29783.0], [3491.15, 15000.0], [3491.2, 7184.0], [3491.25, 21552.0], [3491.3, 11233.0], [3491.35, 15000.0], [3491.4, 36032.0], [3491.6, 7378.0], [3491.7, 16843.0], [3491.75, 7369.0], [3491.85, 50000.0], [3492.0, 2030.0]]}}}
{"jsonrpc": "2.0", "method": "subscription", "params": {"channel": "book.ETH-PERPETUAL.none.20.100ms", "data": {"timestamp": 1762251230503, "change_id": 94913449118, "instrument_name": "ETH-PERPETUAL", "bids": [[3490.4, 3417.0], [3490.25, 256.0], [3490.15, 25000.0], [3490.0, 90.0], [3489.75, 5968.0], [3489.7, 19994.0], [3489.55, 7184.0], [3489.45, 16842.0], [3489.4, 7364.0], [3489.3, 50000.0], [3489.25, 256.0], [3489.2, 2200.0], [3489.15, 7369.0], [3489.1, 100.0], [3488.95, 19986.0], [3488.9, 7369.0], [3488.85, 80.0], [3488.8, 6297.0], [3488.75, 17761.0], [3488.7, 7406.0]], "asks": [[3490.45, 40671.0], [3490.55, 3831.0], [3490.65, 29025.0], [3490.7, 25000.0], [3490.8, 33149.0], [3490.95, 13900.0], [3491.0, 11081.0], [3491.05, 13900.0], [3491.1, 29783.0], [3491.15, 15000.0], [3491.2, 7184.0], [3491.25, 21552.0], [3491.3, 11233.0], [3491.35, 15000.0], [3491.4, 36032.0], [3491.5, 2030.0], [3491.6, 7378.0], [3491.7, 16843.0], [3491.75, 7369.0], [3491.85, 50000.0]]}}}
{"jsonrpc": "2.0", "method": "subscription", "params": {"channel": "book.ETH-PERPETUAL.none.20.100ms", "data": {"timestamp": 1762251230856, "change_id": 94913450891, "instrument_name": "ETH-PERPETUAL", "bids": [[3489.5, 3256.0], [3489.35, 25000.0], [3489.25, 256.0], [3488.85, 19994.0], [3488.8, 1.0], [3488.7, 7184.0], [3488.45, 7405.0], [3488.3, 2557.0], [3488.25, 8565.0], [3488.2, 6563.0], [3488.15, 19986.0], [3488.1, 4240.0], [3488.05, 7413.0], [3488.0, 90.0], [3487.95, 7217.0], [3487.9, 7356.0], [3487.8, 17761.0], [3487.75, 2782.0], [3487.7, 7351.0], [3487.6, 2645.0]], "asks": [[3489.55, 35932.0], [3490.0, 212.0], [3490.05, 80.0], [3490.3, 3831.0], [3490.35, 13900.0], [3490.45, 39000.0], [3490.6, 7287.0], [3490.65, 14167.0], [3490.8, 33803.0], [3491.0, 1704.0], [3491.1, 14590.0], [3491.15, 15000.0], [3491.25, 24832.0], [3491.3, 7303.0], [3491.6, 7378.0], [3491.7, 2200.0], [3491.75, 45156.0], [3491.95, 10601.0], [3492.05, 7385.0], [3492.1, 754.0]]}}}
{"jsonrpc": "2.0", "method": "subscription", "params": {"channel": "book.ETH-PERPETUAL.none.20.100ms", "data": {"timestamp": 1762251231185, "change_id": 94913453052, "instrument_name": "ETH-PERPETUAL", "bids": [[3488.8, 2839.0], [3488.5, 256.0], [3488.45, 7463.0], [3488.4, 25000.0], [3488.25, 256.0], [3488.05, 5995.0], [3488.0, 20084.0], [3487.95, 2196.0], [3487.9, 7356.0], [3487.85, 7184.0], [3487.8, 11992.0], [3487.75, 50000.0], [3487.7, 7351.0], [3487.65, 19986.0], [3487.6, 2645.0], [3487.5, 7356.0], [3487.45, 9216.0], [3487.4, 17761.0], [3487.35, 10095.0], [3487.2, 7180.0]], "asks": [[3488.85, 26412.0], [3489.5, 21296.0], [3489.6, 100.0], [3489.8, 25000.0], [3489.9, 10934.0], [3489.95, 7463.0], [3490.0, 25000.0], [3490.05, 10090.0], [3490.1, 33803.0], [3490.3, 3831.0], [3490.35, 17224.0], [3490.4, 7303.0], [3490.45, 4765.0], [3490.75, 2180.0], [3490.8, 7303.0], [3490.85, 1224.0], [3491.0, 26204.0], [3491.05, 75000.0], [3491.1, 18214.0], [3491.15, 15000.0]]}}}
{"jsonrpc": "2.0", "method": "subscription", "params": {"channel": "book.ETH-PERPETUAL.none.20.100ms", "data": {"timestamp": 1762251231494, "change_id": 94913453830, "instrument_name": "ETH-PERPETUAL", "bids": [[3488.8, 2919.0], [3488.5, 256.0], [3488.45, 7463.0], [3488.4, 25000.0], [3488.25, 256.0], [3488.05, 5995.0], [3488.0, 24681.0], [3487.95, 14915.0], [3487.9, 7356.0], [3487.85, 7184.0], [3487.8, 58161.0], [3487.7, 7351.0], [3487.65, 19986.0], [3487.6, 2645.0], [3487.5, 7356.0], [3487.45, 4195.0], [3487.4, 100.0], [3487.35, 14450.0], [3487.3, 21248.0], [3487.2, 7180.0]], "asks": [[3488.85, 26412.0], [3489.5, 21296.0], [3489.55, 25000.0], [3489.6, 100.0], [3489.65, 15000.0], [3489.75, 26500.0], [3489.9, 10934.0], [3489.95, 7463.0], [3490.0, 25000.0], [3490.05, 15815.0], [3490.1, 7303.0], [3490.15, 50000.0], [3490.3, 3831.0], [3490.35, 16833.0], [3490.4, 7303.0], [3490.75, 2180.0], [3490.8, 7303.0], [3490.85, 1224.0], [3491.0, 26204.0], [3491.05, 75000.0]]}}}
{"jsonrpc": "2.0", "method": "subscription", "params": {"channel": "book.ETH-PERPETUAL.none.20.100ms", "data": {"timestamp": 1762251231842, "change_id": 94913455017, "instrument_name": "ETH-PERPETUAL", "bids": [[3488.85, 14112.0], [3488.8, 6298.0], [3488.75, 7463.0], [3488.7, 25000.0], [3488.6, 5969.0], [3488.55, 19995.0], [3488.5, 256.0], [3488.25, 2400.0], [3488.2, 7184.0], [3488.05, 15678.0], [3488.0, 4687.0], [3487.95, 52196.0], [3487.9, 7356.0], [3487.8, 8161.0], [3487.75, 20086.0], [3487.7, 7351.0], [3487.6, 2645.0], [3487.5, 7356.0], [3487.45, 9246.0], [3487.4, 17761.0]], "asks": [[3489.35, 33675.0], [3489.4, 28900.0], [3489.45, 46234.0], [3489.5, 9896.0], [3489.6, 26388.0], [3489.65, 15000.0], [3489.75, 26500.0], [3489.85, 15000.0], [3489.95, 7463.0], [3490.0, 25000.0], [3490.05, 2180.0], [3490.1, 7303.0], [3490.35, 4832.0], [3490.4, 10951.0], [3490.5, 3648.0], [3490.6, 14949.0], [3490.65, 50000.0], [3490.75, 2180.0], [3490.8, 7303.0], [3491.0, 26204.0]]}}}
{"jsonrpc": "2.0", "method": "subscription", "params": {"channel": "book.ETH-PERPETUAL.none.20.100ms", "data": {"timestamp": 1762251232167, "change_id": 94913455755, "instrument_name": "ETH-PERPETUAL", "bids": [[3488.9, 13201.0], [3488.85, 212.0], [3488.8, 188.0], [3488.75, 7463.0], [3488.7, 25000.0], [3488.55, 6045.0], [3488.5, 20251.0], [3488.25, 2400.0], [3488.2, 7184.0], [3488.05, 15678.0], [3488.0, 90.0], [3487.95, 52196.0], [3487.9, 7356.0], [3487.8, 8160.0], [3487.75, 20086.0], [3487.7, 7351.0], [3487.6, 2645.0], [3487.5, 7356.0], [3487.45, 9246.0], [3487.4, 17761.0]], "asks": [[3488.95, 26211.0], [3489.35, 20298.0], [3489.4, 13900.0], [3489.45, 48734.0], [3489.5, 7396.0], [3489.6, 26388.0], [3489.65, 15000.0], [3489.75, 26500.0], [3489.8, 4478.0], [3489.85, 15000.0], [3489.95, 16251.0], [3490.0, 35934.0], [3490.05, 23885.0], [3490.1, 7303.0], [3490.35, 2933.0], [3490.4, 7303.0], [3490.55, 17105.0], [3490.6, 57303.0], [3490.75, 2180.0], [3490.8, 7303.0]]}}}
{"jsonrpc": "2.0", "method": "subscription", "params": {"channel": "book.ETH-PERPETUAL.none.20.100ms", "data": {"timestamp": 1762251232499, "change_id": 94913456028, "instrument_name": "ETH-PERPETUAL", "bids": [[3488.9, 10220.0], [3488.85, 212.0], [3488.75, 7463.0], [3488.7, 25000.0], [3488.5, 256.0], [3488.45, 5968.0], [3488.4, 19994.0], [3488.25, 2400.0], [3488.2, 7184.0], [3488.05, 15678.0], [3488.0, 90.0], [3487.95, 52196.0], [3487.9, 7356.0], [3487.8, 8160.0], [3487.75, 20086.0], [3487.7, 7351.0], [3487.6, 2643.0], [3487.5, 7356.0], [3487.45, 9246.0], [3487.4, 17761.0]], "asks": [[3488.95, 13297.0], [3489.35, 20298.0], [3489.4, 13900.0], [3489.45, 46234.0], [3489.5, 7396.0], [3489.6, 26388.0], [3489.65, 15000.0], [3489.75, 26500.0], [3489.8, 4478.0], [3489.85, 15000.0], [3489.95, 16251.0], [3490.0, 35934.0], [3490.05, 23885.0], [3490.1, 7303.0], [3490.35, 2933.0], [3490.4, 7303.0], [3490.55, 17105.0], [3490.6, 57303.0], [3490.75, 2180.0], [3490.8, 7383.0]]}}}
{"jsonrpc": "2.0", "method": "subscription", "params": {"channel": "book.ETH-PERPETUAL.none.20.100ms", "data": {"timestamp": 1762251232839, "change_id": 94913457084, "instrument_name": "ETH-PERPETUAL", "bids": [[3489.05, 22745.0], [3489.0, 13115.0], [3488.95, 25212.0], [3488.9, 9755.0], [3488.5, 256.0], [3488.35, 6045.0], [3488.3, 19994.0], [3488.25, 2400.0], [3488.2, 7184.0], [3488.1, 20918.0], [3488.05, 54786.0], [3488.0, 90.0], [3487.95, 22182.0], [3487.9, 7356.0], [3487.75, 2294.0], [3487.7, 7351.0], [3487.6, 8200.0], [3487.55, 17761.0], [3487.5, 10843.0], [3487.45, 4195.0]], "asks": [[3489.1, 12476.0], [3489.35, 80.0], [3489.45, 5190.0], [3489.5, 212.0], [3489.6, 32266.0], [3489.65, 15000.0], [3489.7, 13900.0], [3489.75, 51500.0], [3489.8, 4478.0], [3489.85, 22184.0], [3489.95, 16251.0], [3490.0, 32283.0], [3490.05, 23885.0], [3490.1, 7303.0], [3490.15, 3655.0], [3490.35, 2933.0], [3490.4, 7303.0], [3490.55, 2180.0], [3490.6, 7303.0], [3490.7, 17105.0]]}}}
{"jsonrpc": "2.0", "method": "subscription", "params": {"channel": "book.ETH-PERPETUAL.none.20.100ms", "data": {"timestamp": 1762251233173, "change_id": 94913457724, "instrument_name": "ETH-PERPETUAL", "bids": [[3489.05, 14221.0], [3488.95, 212.0], [3488.9, 133.0], [3488.6, 7463.0], [3488.55, 25000.0], [3488.5, 256.0], [3488.35, 6044.0], [3488.3, 19993.0], [3488.25, 2400.0], [3488.2, 7184.0], [3488.1, 1455.0], [3488.05, 4786.0], [3488.0, 90.0], [3487.95, 16386.0], [3487.9, 7356.0], [3487.85, 50000.0], [3487.75, 100.0], [3487.7, 8749.0], [3487.65, 8162.0], [3487.6, 19986.0]], "asks": [[3489.1, 25591.0], [3489.45, 7489.0], [3489.5, 212.0], [3489.6, 32266.0], [3489.65, 15000.0], [3489.7, 13900.0], [3489.75, 51500.0], [3489.8, 4478.0], [3489.85, 22184.0], [3489.95, 16251.0], [3490.0, 32283.0], [3490.05, 23885.0], [3490.1, 7303.0], [3490.15, 3655.0], [3490.35, 2933.0], [3490.4, 7303.0], [3490.55, 16826.0], [3490.6, 57303.0], [3490.75, 2180.0], [3490.8, 7303.0]]}}}
{"jsonrpc": "2.0", "method": "subscription", "params": {"channel": "book.ETH-PERPETUAL.none.20.100ms", "data": {"timestamp": 1762251233476, "change_id": 94913458115, "instrument_name": "ETH-PERPETUAL", "bids": [[3489.05, 3555.0], [3488.6, 7463.0], [3488.55, 25000.0], [3488.5, 256.0], [3488.25, 8095.0], [3488.2, 7184.0], [3488.1, 21449.0], [3488.05, 4786.0], [3488.0, 90.0], [3487.95, 16386.0], [3487.9, 7356.0], [3487.85, 50000.0], [3487.75, 2712.0], [3487.7, 7351.0], [3487.6, 8162.0], [3487.55, 19986.0], [3487.5, 7356.0], [3487.45, 4195.0], [3487.4, 3487.0], [3487.35, 14474.0]], "asks": [[3489.1, 25691.0], [3489.45, 11037.0], [3489.5, 25212.0], [3489.6, 32166.0], [3489.65, 15000.0], [3489.7, 13900.0], [3489.75, 26500.0], [3489.8, 4478.0], [3489.85, 22184.0], [3489.95, 16251.0], [3490.0, 32283.0], [3490.05, 23885.0], [3490.1, 7303.0], [3490.15, 3655.0], [3490.35, 2933.0], [3490.4, 7303.0], [3490.5, 17105.0], [3490.55, 50000.0], [3490.6, 7303.0], [3490.75, 2180.0]]}}}
{"jsonrpc": "2.0", "method": "subscription", "params": {"channel": "book.ETH-PERPETUAL.none.20.100ms", "data": {"timestamp": 1762251233806, "change_id": 94913458745, "instrument_name": "ETH-PERPETUAL", "bids": [[3489.05, 8649.0], [3488.7, 11612.0], [3488.65, 13900.0], [3488.55, 25000.0], [3488.5, 256.0], [3488.3, 6045.0], [3488.25, 22394.0], [3488.2, 7184.0], [3488.1, 1455.0], [3488.05, 4786.0], [3488.0, 90.0], [3487.95, 16386.0], [3487.9, 7356.0], [3487.85, 50000.0], [3487.75, 2294.0], [3487.7, 7351.0], [3487.65, 8162.0], [3487.6, 19986.0], [3487.5, 16491.0], [3487.45, 19761.0]], "asks": [[3489.1, 39591.0], [3489.3, 9045.0], [3489.35, 13900.0], [3489.4, 16400.0], [3489.45, 11037.0], [3489.5, 25212.0], [3489.6, 32166.0], [3489.65, 15000.0], [3489.7, 13900.0], [3489.75, 26500.0], [3489.8, 4478.0], [3489.85, 22184.0], [3489.95, 16251.0], [3490.0, 32283.0], [3490.05, 23885.0], [3490.1, 7303.0], [3490.15, 3655.0], [3490.35, 2933.0], [3490.4, 7303.0], [3490.5, 17105.0]]}}}
{"jsonrpc": "2.0", "method": "subscription", "params": {"channel": "book.ETH-PERPETUAL.none.20.100ms", "data": {"timestamp": 1762251234163, "change_id": 94913459692, "instrument_name": "ETH-PERPETUAL", "bids": [[3489.05, 24061.0], [3488.9, 7463.0], [3488.85, 25000.0], [3488.7, 5763.0], [3488.65, 13900.0], [3488.6, 7184.0], [3488.5, 256.0], [3488.3, 11170.0], [3488.25, 50256.0], [3488.1, 1455.0], [3488.05, 4786.0], [3488.0, 90.0], [3487.95, 19986.0], [3487.9, 7356.0], [3487.75, 2294.0], [3487.7, 7351.0], [3487.6, 7497.0], [3487.55, 17761.0], [3487.5, 7357.0], [3487.45, 2000.0]], "asks": [[3489.1, 15000.0], [3489.5, 212.0], [3489.6, 8621.0], [3489.65, 15000.0], [3489.7, 13900.0], [3489.8, 13512.0], [3489.85, 22184.0], [3489.9, 25100.0], [3489.95, 7463.0], [3490.0, 7283.0], [3490.05, 23885.0], [3490.1, 7303.0], [3490.15, 3655.0], [3490.35, 2933.0], [3490.4, 32303.0], [3490.6, 7303.0], [3490.7, 17105.0], [3490.75, 50000.0], [3490.8, 7303.0], [3490.9, 80.0]]}}}
{"jsonrpc": "2.0", "method": "subscription", "params": {"channel": "book.ETH-PERPETUAL.none.20.100ms", "data": {"timestamp": 1762251234482, "change_id": 94913460046, "instrument_name": "ETH-PERPETUAL", "bids": [[3489.05, 18389.0], [3488.9, 12477.0], [3488.85, 44994.0], [3488.7, 5763.0], [3488.65, 13900.0], [3488.6, 7184.0], [3488.5, 256.0], [3488.25, 256.0], [3488.15, 50000.0], [3488.1, 1455.0], [3488.05, 4786.0], [3488.0, 90.0], [3487.9, 7356.0], [3487.8, 19986.0], [3487.75, 2294.0], [3487.7, 7351.0], [3487.6, 7497.0], [3487.55, 17761.0], [3487.5, 7357.0], [3487.45, 2000.0]], "asks": [[3489.1, 15281.0], [3489.5, 212.0], [3489.6, 8621.0], [3489.65, 15000.0], [3489.7, 13900.0], [3489.8, 13512.0], [3489.85, 22184.0], [3489.9, 25100.0], [3489.95, 7463.0], [3490.0, 7283.0], [3490.05, 28680.0], [3490.1, 7303.0], [3490.15, 28655.0], [3490.35, 2933.0], [3490.4, 7303.0], [3490.6, 7303.0], [3490.7, 17105.0], [3490.75, 50000.0], [3490.8, 7303.0], [3491.0, 26204.0]]}}}
{"jsonrpc": "2.0", "method": "subscription", "params": {"channel": "book.ETH-PERPETUAL.none.20.100ms", "data": {"timestamp": 1762251234813, "change_id": 94913460680, "instrument_name": "ETH-PERPETUAL", "bids": [[3489.05, 8114.0], [3488.95, 12900.0], [3488.9, 7463.0], [3488.85, 25000.0], [3488.8, 5968.0], [3488.75, 19994.0], [3488.7, 4149.0], [3488.65, 13900.0], [3488.5, 256.0], [3488.4, 2221.0], [3488.35, 7184.0], [3488.25, 256.0], [3488.1, 1455.0], [3488.05, 54786.0], [3488.0, 90.0], [3487.9, 7356.0], [3487.8, 19986.0], [3487.75, 2294.0], [3487.7, 10838.0], [3487.6, 7497.0]], "asks": [[3489.1, 41915.0], [3489.5, 4331.0], [3489.55, 13800.0], [3489.6, 8621.0], [3489.65, 17500.0], [3489.7, 13900.0], [3489.75, 22025.0], [3489.8, 26500.0], [3489.85, 22184.0], [3489.9, 25100.0], [3489.95, 2174.0], [3490.0, 7283.0], [3490.05, 2180.0], [3490.1, 7303.0], [3490.15, 28655.0], [3490.35, 2180.0], [3490.4, 7303.0], [3490.6, 7303.0], [3490.7, 50000.0], [3490.8, 7303.0]]}}}
{"jsonrpc": "2.0", "method": "subscription", "params": {"channel": "book.ETH-PERPETUAL.none.20.100ms", "data": {"timestamp": 1762251235143, "change_id": 94913461361, "instrument_name": "ETH-PERPETUAL", "bids": [[3489.05, 14001.0], [3489.0, 11313.0], [3488.95, 12900.0], [3488.9, 19993.0], [3488.85, 25000.0], [3488.7, 4149.0], [3488.65, 13900.0], [3488.5, 14691.0], [3488.45, 50000.0], [3488.4, 2221.0], [3488.35, 7184.0], [3488.25, 256.0], [3488.1, 1555.0], [3488.05, 4786.0], [3488.0, 20076.0], [3487.9, 7356.0], [3487.8, 17761.0], [3487.75, 2194.0], [3487.7, 10838.0], [3487.5, 7357.0]], "asks": [[3489.1, 15000.0], [3489.5, 4331.0], [3489.55, 13800.0], [3489.6, 8621.0], [3489.65, 15000.0], [3489.7, 13900.0], [3489.75, 22025.0], [3489.8, 29000.0], [3489.85, 22184.0], [3489.9, 25100.0], [3489.95, 2174.0], [3490.0, 7283.0], [3490.05, 2180.0], [3490.1, 7303.0], [3490.15, 3655.0], [3490.35, 2180.0], [3490.4, 7303.0], [3490.55, 25000.0], [3490.6, 7303.0], [3490.75, 50000.0]]}}}
{"jsonrpc": "2.0", "method": "subscription", "params": {"channel": "book.ETH-PERPETUAL.none.20.100ms", "data": {"timestamp": 1762251235421, "change_id": 94913461671, "instrument_name": "ETH-PERPETUAL", "bids": [[3489.05, 16016.0], [3489.0, 11313.0], [3488.95, 12900.0], [3488.9, 19994.0], [3488.85, 25000.0], [3488.7, 4149.0], [3488.65, 13900.0], [3488.5, 14691.0], [3488.45, 50000.0], [3488.4, 2221.0], [3488.35, 7184.0], [3488.25, 256.0], [3488.1, 21541.0], [3488.05, 4786.0], [3488.0, 90.0], [3487.95, 7497.0], [3487.9, 7356.0], [3487.8, 17761.0], [3487.75, 2194.0], [3487.7, 10838.0]], "asks": [[3489.1, 15000.0], [3489.5, 4331.0], [3489.55, 13800.0], [3489.6, 8621.0], [3489.65, 15000.0], [3489.7, 13900.0], [3489.75, 22025.0], [3489.8, 29000.0], [3489.85, 22184.0], [3489.9, 25100.0], [3489.95, 2174.0], [3490.0, 7283.0], [3490.05, 2180.0], [3490.1, 7303.0], [3490.15, 3655.0], [3490.35, 2180.0], [3490.4, 7303.0], [3490.55, 25000.0], [3490.6, 7303.0], [3490.7, 17105.0]]}}}
{"jsonrpc": "2.0", "method": "subscription", "params": {"channel": "book.ETH-PERPETUAL.none.20.100ms", "data": {"timestamp": 1762251235812, "change_id": 94913462324, "instrument_name": "ETH-PERPETUAL", "bids": [[3489.05, 27779.0], [3488.9, 29991.0], [3488.85, 58794.0], [3488.5, 256.0], [3488.4, 13031.0], [3488.35, 57184.0], [3488.25, 256.0], [3488.1, 21541.0], [3488.05, 4786.0], [3488.0, 90.0], [3487.95, 7497.0], [3487.9, 7356.0], [3487.8, 17761.0], [3487.75, 5681.0], [3487.7, 7351.0], [3487.5, 7357.0], [3487.45, 3356.0], [3487.35, 10095.0], [3487.3, 1398.0], [3487.2, 7180.0]], "asks": [[3489.1, 15000.0], [3489.5, 4331.0], [3489.55, 13800.0], [3489.6, 8621.0], [3489.65, 15000.0], [3489.7, 13900.0], [3489.75, 24525.0], [3489.8, 26500.0], [3489.85, 22184.0], [3489.9, 25100.0], [3489.95, 2174.0], [3490.0, 7283.0], [3490.05, 2180.0], [3490.1, 7303.0], [3490.15, 3655.0], [3490.35, 2180.0], [3490.4, 7303.0], [3490.55, 25000.0], [3490.6, 7303.0], [3490.7, 17105.0]]}}}
{"jsonrpc": "2.0", "method": "subscription", "params": {"channel": "book.ETH-PERPETUAL.none.20.100ms", "data": {"timestamp": 1762251236129, "change_id": 94913462808, "instrument_name": "ETH-PERPETUAL", "bids": [[3489.05, 27705.0], [3488.95, 15701.0], [3488.9, 13800.0], [3488.85, 38800.0], [3488.6, 5968.0], [3488.55, 19994.0], [3488.5, 256.0], [3488.4, 13031.0], [3488.35, 7184.0], [3488.25, 50256.0], [3488.1, 1555.0], [3488.05, 4786.0], [3488.0, 90.0], [3487.95, 19986.0], [3487.9, 7356.0], [3487.75, 5681.0], [3487.7, 7351.0], [3487.55, 17761.0], [3487.5, 7357.0], [3487.45, 3356.0]], "asks": [[3489.1, 15000.0], [3489.5, 4331.0], [3489.55, 13800.0], [3489.6, 8621.0], [3489.65, 15000.0], [3489.7, 16400.0], [3489.75, 22025.0], [3489.8, 26500.0], [3489.85, 22184.0], [3489.9, 25100.0], [3489.95, 2174.0], [3490.0, 7283.0], [3490.05, 2180.0], [3490.1, 7303.0], [3490.15, 3655.0], [3490.25, 25000.0], [3490.35, 2180.0], [3490.4, 7303.0], [3490.6, 7303.0], [3490.7, 17105.0]]}}}
{"jsonrpc": "2.0", "method": "subscription", "params": {"channel": "book.ETH-PERPETUAL.none.20.100ms", "data": {"timestamp": 1762251236466, "change_id": 94913463135, "instrument_name": "ETH-PERPETUAL", "bids": [[3489.05, 32207.0], [3488.95, 15701.0], [3488.9, 13800.0], [3488.85, 38800.0], [3488.8, 5968.0], [3488.75, 19994.0], [3488.5, 256.0], [3488.4, 16408.0], [3488.35, 7184.0], [3488.25, 50256.0], [3488.1, 1555.0], [3488.05, 4786.0], [3488.0, 90.0], [3487.95, 19986.0], [3487.9, 7356.0], [3487.75, 5681.0], [3487.7, 7351.0], [3487.65, 17761.0], [3487.5, 7357.0], [3487.45, 3356.0]], "asks": [[3489.1, 15000.0], [3489.5, 4331.0], [3489.55, 13800.0], [3489.6, 8621.0], [3489.65, 15000.0], [3489.7, 13900.0], [3489.75, 22025.0], [3489.8, 26500.0], [3489.85, 22184.0], [3489.9, 25100.0], [3489.95, 2174.0], [3490.0, 7283.0], [3490.05, 2180.0], [3490.1, 7303.0], [3490.15, 3655.0], [3490.2, 7463.0], [3490.25, 25000.0], [3490.35, 2180.0], [3490.4, 7303.0], [3490.6, 7303.0]]}}}
{"jsonrpc": "2.0", "method": "subscription", "params": {"channel": "book.ETH-PERPETUAL.none.20.100ms", "data": {"timestamp": 1762251236760, "change_id": 94913463590, "instrument_name": "ETH-PERPETUAL", "bids": [[3489.05, 30274.0], [3489.0, 13800.0], [3488.95, 21001.0], [3488.9, 33794.0], [3488.85, 25000.0], [3488.5, 256.0], [3488.4, 2221.0], [3488.35, 7184.0], [3488.25, 256.0], [3488.15, 50000.0], [3488.1, 1555.0], [3488.05, 4786.0], [3488.0, 90.0], [3487.95, 19986.0], [3487.9, 7356.0], [3487.75, 5681.0], [3487.7, 7351.0], [3487.55, 17761.0], [3487.5, 7357.0], [3487.45, 3356.0]], "asks": [[3489.1, 15000.0], [3489.4, 4119.0], [3489.45, 13800.0], [3489.5, 4331.0], [3489.55, 13800.0], [3489.6, 8621.0], [3489.65, 15000.0], [3489.7, 13900.0], [3489.75, 22025.0], [3489.8, 26500.0], [3489.85, 22184.0], [3489.9, 25100.0], [3489.95, 2174.0], [3490.0, 7283.0], [3490.05, 2180.0], [3490.1, 7303.0], [3490.15, 3655.0], [3490.2, 7463.0], [3490.25, 25000.0], [3490.35, 2180.0]]}}}
{"jsonrpc": "2.0", "method": "subscription", "params": {"channel": "book.ETH-PERPETUAL.none.20.100ms", "data": {"timestamp": 1762251237128, "change_id": 94913464249, "instrument_name": "ETH-PERPETUAL", "bids": [[3489.05, 30080.0], [3489.0, 22845.0], [3488.85, 25000.0], [3488.5, 6224.0], [3488.45, 19994.0], [3488.4, 16408.0], [3488.35, 7184.0], [3488.25, 50256.0], [3488.1, 1555.0], [3488.05, 4786.0], [3488.0, 90.0], [3487.95, 19986.0], [3487.9, 7356.0], [3487.75, 5681.0], [3487.7, 7351.0], [3487.55, 17761.0], [3487.5, 7357.0], [3487.45, 3356.0], [3487.35, 10095.0], [3487.3, 1398.0]], "asks": [[3489.1, 15000.0], [3489.4, 4119.0], [3489.45, 13800.0], [3489.5, 4331.0], [3489.55, 13800.0], [3489.6, 8627.0], [3489.65, 15000.0], [3489.7, 13900.0], [3489.75, 22025.0], [3489.8, 26500.0], [3489.85, 22184.0], [3489.9, 25100.0], [3489.95, 2174.0], [3490.0, 7283.0], [3490.05, 2180.0], [3490.1, 7303.0], [3490.15, 3655.0], [3490.2, 7463.0], [3490.25, 25000.0], [3490.35, 2180.0]]}}}
{"jsonrpc": "2.0", "method": "subscription", "params": {"channel": "book.ETH-PERPETUAL.none.20.100ms", "data": {"timestamp": 1762251237458, "change_id": 94913464571, "instrument_name": "ETH-PERPETUAL", "bids": [[3489.05, 11895.0], [3489.0, 9045.0], [3488.85, 25000.0], [3488.7, 5968.0], [3488.65, 19994.0], [3488.5, 256.0], [3488.4, 2221.0], [3488.35, 7184.0], [3488.25, 256.0], [3488.15, 50000.0], [3488.1, 1555.0], [3488.05, 4786.0], [3488.0, 90.0], [3487.95, 19986.0], [3487.9, 7356.0], [3487.75, 5681.0], [3487.7, 7351.0], [3487.55, 17761.0], [3487.5, 7357.0], [3487.45, 3356.0]], "asks": [[3489.1, 15000.0], [3489.4, 4119.0], [3489.45, 13800.0], [3489.5, 4331.0], [3489.55, 13800.0], [3489.6, 8627.0], [3489.65, 17500.0], [3489.7, 13900.0], [3489.75, 22025.0], [3489.8, 26500.0], [3489.85, 22184.0], [3489.9, 25100.0], [3489.95, 2174.0], [3490.0, 7283.0], [3490.05, 2180.0], [3490.1, 7303.0], [3490.15, 3655.0], [3490.2, 7463.0], [3490.25, 25000.0], [3490.35, 2180.0]]}}}
{"jsonrpc": "2.0", "method": "subscription", "params": {"channel": "book.ETH-PERPETUAL.none.20.100ms", "data": {"timestamp": 1762251237795, "change_id": 94913465181, "instrument_name": "ETH-PERPETUAL", "bids": [[3489.05, 6730.0], [3488.85, 25000.0], [3488.6, 5968.0], [3488.55, 19994.0], [3488.5, 256.0], [3488.4, 2221.0], [3488.35, 7184.0], [3488.25, 256.0], [3488.1, 1455.0], [3488.05, 54786.0], [3488.0, 90.0], [3487.9, 7356.0], [3487.75, 22180.0], [3487.7, 7451.0], [3487.65, 3487.0], [3487.5, 25118.0], [3487.45, 3356.0], [3487.35, 10095.0], [3487.3, 1398.0], [3487.2, 7180.0]], "asks": [[3489.1, 41915.0], [3489.3, 6179.0], [3489.35, 6900.0], [3489.45, 13800.0], [3489.5, 4331.0], [3489.55, 13800.0], [3489.6, 14986.0], [3489.65, 40000.0], [3489.7, 13900.0], [3489.75, 14562.0], [3489.8, 26500.0], [3489.85, 22184.0], [3489.9, 100.0], [3489.95, 2174.0], [3490.0, 32283.0], [3490.05, 2180.0], [3490.1, 7303.0], [3490.15, 3655.0], [3490.35, 2180.0], [3490.4, 9333.0]]}}}
{"jsonrpc": "2.0", "method": "subscription", "params": {"channel": "book.ETH-PERPETUAL.none.20.100ms", "data": {"timestamp": 1762251238125, "change_id": 94913465729, "instrument_name": "ETH-PERPETUAL", "bids": [[3489.05, 16766.0], [3488.9, 7463.0], [3488.85, 25000.0], [3488.8, 5968.0], [3488.75, 19994.0], [3488.5, 256.0], [3488.4, 2221.0], [3488.35, 7184.0], [3488.25, 256.0], [3488.1, 1455.0], [3488.05, 54786.0], [3488.0, 90.0], [3487.95, 19986.0], [3487.9, 7356.0], [3487.75, 2194.0], [3487.7, 7451.0], [3487.65, 3487.0], [3487.55, 17761.0], [3487.5, 7357.0], [3487.45, 3356.0]], "asks": [[3489.1, 15201.0], [3489.3, 6179.0], [3489.35, 6900.0], [3489.45, 13800.0], [3489.5, 4331.0], [3489.55, 13800.0], [3489.6, 8627.0], [3489.65, 15000.0], [3489.7, 13900.0], [3489.75, 14562.0], [3489.8, 26500.0], [3489.85, 22184.0], [3489.9, 9736.0], [3489.95, 25000.0], [3490.0, 7283.0], [3490.05, 2180.0], [3490.1, 7303.0], [3490.15, 3655.0], [3490.35, 2180.0], [3490.4, 34333.0]]}}}
{"jsonrpc": "2.0", "method": "subscription", "params": {"channel": "book.ETH-PERPETUAL.none.20.100ms", "data": {"timestamp": 1762251238457, "change_id": 94913466015, "instrument_name": "ETH-PERPETUAL", "bids": [[3489.05, 17271.0], [3488.9, 7463.0], [3488.85, 25000.0], [3488.6, 5968.0], [3488.55, 19994.0], [3488.5, 256.0], [3488.4, 2221.0], [3488.35, 7184.0], [3488.25, 256.0], [3488.1, 16194.0], [3488.05, 54786.0], [3488.0, 90.0], [3487.9, 7356.0], [3487.8, 19986.0], [3487.75, 2194.0], [3487.7, 7451.0], [3487.65, 3487.0], [3487.55, 17761.0], [3487.5, 7357.0], [3487.45, 3356.0]], "asks": [[3489.1, 15281.0], [3489.3, 6179.0], [3489.35, 6900.0], [3489.45, 13800.0], [3489.5, 4331.0], [3489.55, 13800.0], [3489.6, 8627.0], [3489.65, 15000.0], [3489.7, 13900.0], [3489.75, 14562.0], [3489.8, 26500.0], [3489.85, 22184.0], [3489.9, 9736.0], [3489.95, 25000.0], [3490.0, 7283.0], [3490.05, 2180.0], [3490.1, 7303.0], [3490.15, 3655.0], [3490.35, 2180.0], [3490.4, 34333.0]]}}}
{"jsonrpc": "2.0", "method": "subscription", "params": {"channel": "book.ETH-PERPETUAL.none.20.100ms", "data": {"timestamp": 1762251238737, "change_id": 94913466398, "instrument_name": "ETH-PERPETUAL", "bids": [[3489.05, 17211.0], [3489.0, 11582.0], [3488.95, 13800.0], [3488.85, 25000.0], [3488.8, 5968.0], [3488.75, 19994.0], [3488.5, 256.0], [3488.4, 2221.0], [3488.35, 7184.0], [3488.25, 256.0], [3488.1, 51455.0], [3488.05, 4786.0], [3488.0, 90.0], [3487.95, 19986.0], [3487.9, 7356.0], [3487.75, 19955.0], [3487.7, 7451.0], [3487.65, 3487.0], [3487.5, 7357.0], [3487.45, 3356.0]], "asks": [[3489.1, 15201.0], [3489.4, 4119.0], [3489.45, 13800.0], [3489.5, 4331.0], [3489.55, 13800.0], [3489.6, 14986.0], [3489.65, 15000.0], [3489.7, 38900.0], [3489.75, 14562.0], [3489.8, 26500.0], [3489.85, 22184.0], [3489.9, 100.0], [3489.95, 2174.0], [3490.0, 7283.0], [3490.05, 2180.0], [3490.1, 7303.0], [3490.15, 3655.0], [3490.35, 2180.0], [3490.4, 34333.0], [3490.5, 17105.0]]}}}
{"jsonrpc": "2.0", "method": "subscription", "params": {"channel": "book.ETH-PERPETUAL.none.20.100ms", "data": {"timestamp": 1762251239116, "change_id": 94913467137, "instrument_name": "ETH-PERPETUAL", "bids": [[3489.05, 20113.0], [3489.0, 11582.0], [3488.95, 13800.0], [3488.85, 25000.0], [3488.5, 6224.0], [3488.45, 19994.0], [3488.4, 2221.0], [3488.35, 7184.0], [3488.25, 256.0], [3488.1, 71541.0], [3488.05, 4786.0], [3488.0, 90.0], [3487.9, 7356.0], [3487.75, 19955.0], [3487.7, 7351.0], [3487.65, 3487.0], [3487.5, 7357.0], [3487.45, 3356.0], [3487.35, 10095.0], [3487.3, 1398.0]], "asks": [[3489.1, 201.0], [3489.45, 13800.0], [3489.5, 4331.0], [3489.55, 13800.0], [3489.6, 8627.0], [3489.65, 15000.0], [3489.7, 13900.0], [3489.75, 9152.0], [3489.85, 22184.0], [3489.9, 100.0], [3489.95, 2174.0], [3490.0, 7283.0], [3490.05, 2180.0], [3490.1, 7303.0], [3490.15, 3655.0], [3490.2, 7463.0], [3490.25, 25000.0], [3490.3, 26500.0], [3490.35, 2180.0], [3490.4, 34333.0]]}}}
{"jsonrpc": "2.0", "method": "subscription", "params": {"channel": "book.ETH-PERPETUAL.none.20.100ms", "data": {"timestamp": 1762251239439, "change_id": 94913468430, "instrument_name": "ETH-PERPETUAL", "bids": [[3489.8, 281.0], [3489.65, 2000.0], [3489.6, 277.0], [3489.5, 256.0], [3489.45, 25042.0], [3489.4, 12835.0], [3489.35, 28219.0], [3489.3, 14508.0], [3489.25, 11040.0], [3489.2, 20984.0], [3489.15, 13800.0], [3489.1, 212.0], [3489.05, 1438.0], [3488.75, 14435.0], [3488.7, 50000.0], [3488.5, 2479.0], [3488.45, 7446.0], [3488.25, 13460.0], [3488.2, 19986.0], [3488.15, 25107.0]], "asks": [[3489.85, 26835.0], [3489.95, 2500.0], [3490.2, 11490.0], [3490.35, 42180.0], [3490.4, 7303.0], [3490.5, 10731.0], [3490.55, 28648.0], [3490.6, 7303.0], [3490.65, 8802.0], [3490.7, 22184.0], [3490.8, 7403.0], [3490.85, 2453.0], [3490.9, 7334.0], [3490.95, 2030.0], [3491.0, 9936.0], [3491.1, 33285.0], [3491.25, 24591.0], [3491.3, 7383.0], [3491.35, 75000.0], [3491.4, 14925.0]]}}}
{"jsonrpc": "2.0", "method": "subscription", "params": {"channel": "book.ETH-PERPETUAL.none.20.100ms", "data": {"timestamp": 1762251239776, "change_id": 94913469203, "instrument_name": "ETH-PERPETUAL", "bids": [[3489.8, 3774.0], [3489.6, 56.0], [3489.5, 256.0], [3489.4, 5191.0], [3489.35, 43.0], [3489.1, 212.0], [3489.05, 25000.0], [3488.8, 19993.0], [3488.75, 14435.0], [3488.7, 50000.0], [3488.5, 2479.0], [3488.45, 7446.0], [3488.3, 5966.0], [3488.25, 23625.0], [3488.2, 3488.0], [3488.15, 7346.0], [3488.1, 1356.0], [3488.05, 6727.0], [3488.0, 17851.0], [3487.95, 2196.0]], "asks": [[3489.85, 26915.0], [3490.2, 7012.0], [3490.35, 34811.0], [3490.4, 7303.0], [3490.45, 26600.0], [3490.5, 10731.0], [3490.55, 28648.0], [3490.6, 7303.0], [3490.65, 8802.0], [3490.7, 22184.0], [3490.8, 7303.0], [3490.85, 2453.0], [3490.9, 7334.0], [3490.95, 2030.0], [3491.0, 9936.0], [3491.1, 33285.0], [3491.25, 24591.0], [3491.3, 7303.0], [3491.35, 75000.0], [3491.45, 14925.0]]}}}
{"jsonrpc": "2.0", "method": "subscription", "params": {"channel": "book.ETH-PERPETUAL.none.20.100ms", "data": {"timestamp": 1762251240105, "change_id": 94913470190, "instrument_name": "ETH-PERPETUAL", "bids": [[3489.8, 132.0], [3489.1, 212.0], [3489.05, 25000.0], [3488.7, 8113.0], [3488.65, 19994.0], [3488.6, 7184.0], [3488.5, 2479.0], [3488.45, 7346.0], [3488.2, 2598.0], [3488.15, 7346.0], [3488.1, 14485.0], [3488.05, 50100.0], [3488.0, 90.0], [3487.95, 8922.0], [3487.9, 7356.0], [3487.85, 3487.0], [3487.8, 19986.0], [3487.75, 2274.0], [3487.7, 7352.0], [3487.65, 1059.0]], "asks": [[3489.85, 96273.0], [3489.95, 2144.0], [3490.0, 7184.0], [3490.15, 7463.0], [3490.2, 29032.0], [3490.3, 15000.0], [3490.35, 2180.0], [3490.4, 7303.0], [3490.5, 3269.0], [3490.55, 3648.0], [3490.6, 7303.0], [3490.65, 20457.0], [3490.7, 65000.0], [3490.8, 7303.0], [3490.85, 2453.0], [3490.9, 7334.0], [3490.95, 2030.0], [3491.05, 9936.0], [3491.1, 33285.0], [3491.25, 24591.0]]}}}
{"jsonrpc": "2.0", "method": "subscription", "params": {"channel": "book.ETH-PERPETUAL.none.20.100ms", "data": {"timestamp": 1762251240404, "change_id": 94913470833, "instrument_name": "ETH-PERPETUAL", "bids": [[3489.8, 2017.0], [3489.05, 25000.0], [3488.7, 7839.0], [3488.65, 19994.0], [3488.6, 7184.0], [3488.5, 2479.0], [3488.45, 7346.0], [3488.2, 16390.0], [3488.15, 7346.0], [3488.1, 50000.0], [3488.05, 100.0], [3488.0, 90.0], [3487.95, 8922.0], [3487.9, 7356.0], [3487.8, 23561.0], [3487.75, 3567.0], [3487.7, 7352.0], [3487.65, 1059.0], [3487.6, 7497.0], [3487.55, 17761.0]], "asks": [[3489.85, 96273.0], [3489.95, 2144.0], [3490.0, 7184.0], [3490.05, 11582.0], [3490.1, 13800.0], [3490.2, 29032.0], [3490.3, 15000.0], [3490.35, 2180.0], [3490.4, 7303.0], [3490.5, 3269.0], [3490.55, 3648.0], [3490.6, 7303.0], [3490.65, 20457.0], [3490.7, 65000.0], [3490.8, 7303.0], [3490.85, 2453.0], [3490.9, 7334.0], [3490.95, 2030.0], [3491.05, 9936.0], [3491.1, 33285.0]]}}}
{"jsonrpc": "2.0", "method": "subscription", "params": {"channel": "book.ETH-PERPETUAL.none.20.100ms", "data": {"timestamp": 1762251240758, "change_id": 94913471352, "instrument_name": "ETH-PERPETUAL", "bids": [[3489.05, 44654.0], [3488.75, 256.0], [3488.7, 7839.0], [3488.65, 19994.0], [3488.6, 7184.0], [3488.5, 2479.0], [3488.45, 7346.0], [3488.2, 16390.0], [3488.15, 7346.0], [3488.1, 50000.0], [3488.05, 100.0], [3488.0, 6056.0], [3487.95, 22182.0], [3487.9, 7356.0], [3487.8, 3575.0], [3487.75, 3487.0], [3487.7, 7352.0], [3487.65, 1059.0], [3487.6, 7497.0], [3487.55, 17761.0]], "asks": [[3489.1, 13377.0], [3489.65, 11009.0], [3489.7, 25000.0], [3489.75, 35913.0], [3489.8, 41333.0], [3489.85, 14001.0], [3489.9, 6264.0], [3489.95, 13800.0], [3490.0, 7184.0], [3490.05, 7463.0], [3490.2, 34369.0], [3490.25, 18115.0], [3490.3, 15000.0], [3490.35, 2180.0], [3490.4, 7303.0], [3490.5, 2180.0], [3490.6, 7303.0], [3490.65, 20457.0], [3490.7, 65000.0], [3490.8, 7303.0]]}}}
{"jsonrpc": "2.0", "method": "subscription", "params": {"channel": "book.ETH-PERPETUAL.none.20.100ms", "data": {"timestamp": 1762251241097, "change_id": 94913472387, "instrument_name": "ETH-PERPETUAL", "bids": [[3489.05, 52167.0], [3488.8, 6045.0], [3488.75, 20251.0], [3488.7, 2144.0], [3488.6, 7184.0], [3488.5, 2479.0], [3488.45, 7346.0], [3488.25, 17118.0], [3488.2, 50000.0], [3488.15, 7346.0], [3488.05, 100.0], [3488.0, 6056.0], [3487.95, 22182.0], [3487.9, 7356.0], [3487.8, 3575.0], [3487.75, 3487.0], [3487.7, 7352.0], [3487.65, 1059.0], [3487.6, 7497.0], [3487.55, 17761.0]], "asks": [[3489.1, 12476.0], [3489.65, 11009.0], [3489.7, 25000.0], [3489.75, 33413.0], [3489.8, 41333.0], [3489.85, 16501.0], [3489.9, 6264.0], [3489.95, 13800.0], [3490.0, 7184.0], [3490.05, 7463.0], [3490.2, 34369.0], [3490.25, 18115.0], [3490.3, 15000.0], [3490.35, 2180.0], [3490.4, 7303.0], [3490.5, 2180.0], [3490.6, 7303.0], [3490.65, 20457.0], [3490.7, 65000.0], [3490.8, 7303.0]]}}}
{"jsonrpc": "2.0", "method": "subscription", "params": {"channel": "book.ETH-PERPETUAL.none.20.100ms", "data": {"timestamp": 1762251241429, "change_id": 94913473186, "instrument_name": "ETH-PERPETUAL", "bids": [[3489.05, 50075.0], [3488.8, 6045.0], [3488.75, 256.0], [3488.7, 2144.0], [3488.65, 19994.0], [3488.6, 7184.0], [3488.5, 2479.0], [3488.45, 7346.0], [3488.2, 13006.0], [3488.15, 57346.0], [3488.1, 6023.0], [3488.05, 100.0], [3488.0, 20076.0], [3487.95, 2196.0], [3487.9, 7356.0], [3487.8, 8396.0], [3487.7, 7352.0], [3487.65, 18820.0], [3487.6, 1356.0], [3487.55, 2196.0]], "asks": [[3489.1, 12556.0], [3489.65, 11009.0], [3489.7, 25000.0], [3489.75, 33413.0], [3489.8, 41333.0], [3489.85, 14001.0], [3489.9, 6264.0], [3489.95, 13800.0], [3490.0, 7184.0], [3490.05, 7463.0], [3490.2, 34369.0], [3490.25, 18115.0], [3490.3, 15000.0], [3490.35, 2180.0], [3490.4, 7303.0], [3490.5, 2180.0], [3490.6, 7303.0], [3490.65, 20457.0], [3490.7, 65000.0], [3490.8, 7303.0]]}}}
{"jsonrpc": "2.0", "method": "subscription", "params": {"channel": "book.ETH-PERPETUAL.none.20.100ms", "data": {"timestamp": 1762251241758, "change_id": 94913473752, "instrument_name": "ETH-PERPETUAL", "bids": [[3489.5, 5000.0], [3489.1, 14012.0], [3489.05, 32619.0], [3488.75, 20250.0], [3488.7, 2144.0], [3488.6, 7184.0], [3488.5, 2479.0], [3488.45, 7346.0], [3488.3, 14435.0], [3488.25, 50000.0], [3488.2, 2193.0], [3488.15, 7346.0], [3488.1, 6023.0], [3488.05, 100.0], [3488.0, 90.0], [3487.95, 22182.0], [3487.9, 7356.0], [3487.8, 8396.0], [3487.75, 3487.0], [3487.7, 7352.0]], "asks": [[3489.55, 29292.0], [3489.6, 30917.0], [3489.65, 13800.0], [3489.7, 38800.0], [3489.75, 21193.0], [3489.8, 26712.0], [3489.85, 13800.0], [3489.9, 4644.0], [3490.0, 7184.0], [3490.2, 9369.0], [3490.25, 18115.0], [3490.3, 15000.0], [3490.35, 2180.0], [3490.4, 7303.0], [3490.5, 9364.0], [3490.6, 43279.0], [3490.65, 20457.0], [3490.7, 65000.0], [3490.8, 7303.0], [3490.85, 754.0]]}}}
{"jsonrpc": "2.0", "method": "subscription", "params": {"channel": "book.ETH-PERPETUAL.none.20.100ms", "data": {"timestamp": 1762251242089, "change_id": 94913474545, "instrument_name": "ETH-PERPETUAL", "bids": [[3489.5, 5196.0], [3489.35, 119.0], [3489.1, 14012.0], [3489.05, 25340.0], [3488.75, 256.0], [3488.7, 7839.0], [3488.65, 19994.0], [3488.6, 7184.0], [3488.5, 2479.0], [3488.45, 7346.0], [3488.3, 14435.0], [3488.25, 50000.0], [3488.2, 2193.0], [3488.15, 7346.0], [3488.1, 6023.0], [3488.05, 100.0], [3488.0, 90.0], [3487.95, 22182.0], [3487.9, 7356.0], [3487.8, 8396.0]], "asks": [[3489.55, 29292.0], [3489.6, 30917.0], [3489.65, 13800.0], [3489.7, 38800.0], [3489.75, 17820.0], [3489.8, 26712.0], [3489.85, 2500.0], [3489.9, 2144.0], [3490.0, 7184.0], [3490.2, 9369.0], [3490.25, 18115.0], [3490.3, 15000.0], [3490.35, 2180.0], [3490.4, 7303.0], [3490.5, 9364.0], [3490.6, 43279.0], [3490.65, 20457.0], [3490.7, 65000.0], [3490.8, 7303.0], [3490.85, 754.0]]}}}
{"jsonrpc": "2.0", "method": "subscription", "params": {"channel": "book.ETH-PERPETUAL.none.20.100ms", "data": {"timestamp": 1762251242422, "change_id": 94913474878, "instrument_name": "ETH-PERPETUAL", "bids": [[3489.5, 3338.0], [3489.1, 14012.0], [3489.05, 25340.0], [3488.75, 256.0], [3488.7, 7839.0], [3488.65, 19994.0], [3488.6, 7184.0], [3488.5, 2479.0], [3488.45, 7346.0], [3488.3, 10604.0], [3488.25, 12834.0], [3488.2, 2193.0], [3488.15, 44512.0], [3488.1, 6023.0], [3488.05, 100.0], [3488.0, 90.0], [3487.95, 22182.0], [3487.9, 7356.0], [3487.8, 8396.0], [3487.75, 3487.0]], "asks": [[3489.55, 54292.0], [3489.6, 25562.0], [3489.65, 13800.0], [3489.7, 13800.0], [3489.75, 17820.0], [3489.8, 29212.0], [3489.9, 2144.0], [3490.0, 7184.0], [3490.2, 9369.0], [3490.25, 18115.0], [3490.3, 15000.0], [3490.35, 2180.0], [3490.4, 7303.0], [3490.5, 9364.0], [3490.6, 43279.0], [3490.65, 20457.0], [3490.7, 65000.0], [3490.8, 7303.0], [3490.85, 754.0], [3490.95, 2030.0]]}}}
{"jsonrpc": "2.0", "method": "subscription", "params": {"channel": "book.ETH-PERPETUAL.none.20.100ms", "data": {"timestamp": 1762251242732, "change_id": 94913475223, "instrument_name": "ETH-PERPETUAL", "bids": [[3489.5, 5209.0], [3489.1, 14012.0], [3489.05, 25281.0], [3488.75, 256.0], [3488.7, 7839.0], [3488.65, 19994.0], [3488.6, 7184.0], [3488.5, 2479.0], [3488.45, 7346.0], [3488.2, 2193.0], [3488.15, 57346.0], [3488.1, 6023.0], [3488.05, 100.0], [3488.0, 90.0], [3487.95, 22182.0], [3487.9, 7356.0], [3487.8, 8396.0], [3487.7, 7352.0], [3487.65, 18820.0], [3487.6, 1356.0]], "asks": [[3489.55, 95792.0], [3489.6, 11762.0], [3489.65, 13800.0], [3489.7, 13800.0], [3489.75, 15800.0], [3489.8, 212.0], [3489.9, 2144.0], [3490.0, 7184.0], [3490.2, 9369.0], [3490.25, 18115.0], [3490.3, 15000.0], [3490.35, 2180.0], [3490.4, 7303.0], [3490.5, 9364.0], [3490.6, 43279.0], [3490.65, 20457.0], [3490.7, 65000.0], [3490.8, 7303.0], [3490.85, 754.0], [3490.95, 2030.0]]}}}
{"jsonrpc": "2.0", "method": "subscription", "params": {"channel": "book.ETH-PERPETUAL.none.20.100ms", "data": {"timestamp": 1762251243079, "change_id": 94913475914, "instrument_name": "ETH-PERPETUAL", "bids": [[3489.5, 271.0], [3489.1, 14012.0], [3489.05, 25281.0], [3488.75, 256.0], [3488.7, 7839.0], [3488.65, 19994.0], [3488.6, 7184.0], [3488.5, 2479.0], [3488.45, 7346.0], [3488.2, 2193.0], [3488.15, 57346.0], [3488.05, 100.0], [3488.0, 90.0], [3487.95, 2196.0], [3487.9, 7356.0], [3487.85, 19986.0], [3487.7, 7352.0], [3487.65, 1059.0], [3487.6, 1356.0], [3487.55, 2196.0]], "asks": [[3489.55, 69292.0], [3489.6, 11762.0], [3489.65, 13800.0], [3489.7, 13800.0], [3489.75, 13300.0], [3489.8, 212.0], [3489.9, 9781.0], [3490.0, 33684.0], [3490.2, 9369.0], [3490.25, 18115.0], [3490.3, 15000.0], [3490.35, 2180.0], [3490.4, 7303.0], [3490.5, 9364.0], [3490.6, 43279.0], [3490.65, 20457.0], [3490.7, 65000.0], [3490.8, 7303.0], [3490.85, 754.0], [3490.95, 2030.0]]}}}
{"jsonrpc": "2.0", "method": "subscription", "params": {"channel": "book.ETH-PERPETUAL.none.20.100ms", "data": {"timestamp": 1762251243405, "change_id": 94913476471, "instrument_name": "ETH-PERPETUAL", "bids": [[3489.5, 2302.0], [3489.1, 14012.0], [3489.05, 25281.0], [3488.75, 256.0], [3488.7, 2144.0], [3488.65, 19994.0], [3488.5, 9572.0], [3488.45, 7346.0], [3488.2, 16837.0], [3488.15, 57346.0], [3488.05, 100.0], [3488.0, 90.0], [3487.95, 22182.0], [3487.9, 7356.0], [3487.85, 3487.0], [3487.7, 7352.0], [3487.65, 1059.0], [3487.6, 1356.0], [3487.55, 2196.0], [3487.5, 28314.0]], "asks": [[3489.55, 44292.0], [3489.6, 11762.0], [3489.65, 13800.0], [3489.7, 13800.0], [3489.75, 13300.0], [3489.8, 212.0], [3489.85, 9963.0], [3489.9, 34781.0], [3490.0, 26500.0], [3490.05, 7093.0], [3490.2, 9369.0], [3490.25, 18115.0], [3490.3, 15000.0], [3490.35, 2180.0], [3490.4, 7303.0], [3490.5, 9364.0], [3490.6, 43279.0], [3490.65, 20457.0], [3490.7, 65000.0], [3490.8, 7303.0]]}}}
{"jsonrpc": "2.0", "method": "subscription", "params": {"channel": "book.ETH-PERPETUAL.none.20.100ms", "data": {"timestamp": 1762251243744, "change_id": 94913476879, "instrument_name": "ETH-PERPETUAL", "bids": [[3489.5, 15382.0], [3489.15, 11729.0], [3489.1, 14012.0], [3489.05, 25201.0], [3488.75, 256.0], [3488.55, 19994.0], [3488.5, 9572.0], [3488.45, 7346.0], [3488.4, 50000.0], [3488.2, 2193.0], [3488.15, 7346.0], [3488.05, 100.0], [3488.0, 90.0], [3487.95, 22182.0], [3487.9, 7356.0], [3487.85, 3487.0], [3487.75, 17761.0], [3487.7, 7352.0], [3487.65, 1059.0], [3487.6, 1356.0]], "asks": [[3489.55, 44034.0], [3489.6, 80.0], [3489.8, 212.0], [3489.85, 7463.0], [3489.9, 34781.0], [3490.0, 29000.0], [3490.05, 7183.0], [3490.2, 9369.0], [3490.25, 18115.0], [3490.3, 15000.0], [3490.35, 2180.0], [3490.4, 7303.0], [3490.5, 9364.0], [3490.6, 43279.0], [3490.65, 8802.0], [3490.7, 15000.0], [3490.8, 7303.0], [3490.85, 754.0], [3490.95, 2030.0], [3491.05, 52180.0]]}}}
{"jsonrpc": "2.0", "method": "subscription", "params": {"channel": "book.ETH-PERPETUAL.none.20.100ms", "data": {"timestamp": 1762251244074, "change_id": 94913477730, "instrument_name": "ETH-PERPETUAL", "bids": [[3489.5, 18797.0], [3489.45, 3000.0], [3489.4, 7463.0], [3489.35, 25000.0], [3489.25, 5968.0], [3489.2, 19994.0], [3489.15, 4183.0], [3489.1, 14012.0], [3488.9, 2117.0], [3488.85, 7093.0], [3488.75, 256.0], [3488.5, 52579.0], [3488.45, 7346.0], [3488.25, 19986.0], [3488.2, 2193.0], [3488.15, 7346.0], [3488.1, 182574.0], [3488.0, 17851.0], [3487.95, 2196.0], [3487.9, 7356.0]], "asks": [[3489.55, 15201.0], [3489.8, 212.0], [3490.1, 2500.0], [3490.2, 4032.0], [3490.3, 15000.0], [3490.35, 18259.0], [3490.4, 32303.0], [3490.45, 7183.0], [3490.5, 35864.0], [3490.6, 45309.0], [3490.65, 8802.0], [3490.7, 15000.0], [3490.8, 7303.0], [3490.85, 754.0], [3491.05, 2180.0], [3491.1, 7303.0], [3491.25, 24591.0], [3491.3, 7303.0], [3491.35, 100918.0], [3491.4, 182654.0]]}}}
{"jsonrpc": "2.0", "method": "subscription", "params": {"channel": "book.ETH-PERPETUAL.none.20.100ms", "data": {"timestamp": 1762251244400, "change_id": 94913478626, "instrument_name": "ETH-PERPETUAL", "bids": [[3490.05, 9543.0], [3490.0, 25000.0], [3489.75, 256.0], [3489.7, 7114.0], [3489.65, 14012.0], [3489.6, 14001.0], [3489.55, 34629.0], [3489.5, 40735.0], [3489.45, 3000.0], [3489.15, 18096.0], [3489.1, 13800.0], [3489.0, 50000.0], [3488.95, 100.0], [3488.9, 5966.0], [3488.85, 19986.0], [3488.75, 7594.0], [3488.5, 19984.0], [3488.45, 7346.0], [3488.2, 47786.0], [3488.15, 7346.0]], "asks": [[3490.3, 201.0], [3490.35, 80.0], [3490.45, 4478.0], [3490.5, 15000.0], [3490.65, 4478.0], [3490.7, 17500.0], [3490.85, 15373.0], [3490.9, 25000.0], [3490.95, 26500.0], [3491.05, 2180.0], [3491.1, 7303.0], [3491.3, 7303.0], [3491.35, 36888.0], [3491.4, 32093.0], [3491.6, 7378.0], [3491.7, 2201.0], [3491.75, 7369.0], [3491.95, 50000.0], [3492.0, 2294.0], [3492.05, 7385.0]]}}}
{"jsonrpc": "2.0", "method": "subscription", "params": {"channel": "book.ETH-PERPETUAL.none.20.100ms", "data": {"timestamp": 1762251244736, "change_id": 94913479405, "instrument_name": "ETH-PERPETUAL", "bids": [[3490.2, 201.0], [3490.15, 945.0], [3490.05, 9463.0], [3490.0, 25000.0], [3489.9, 3806.0], [3489.85, 19994.0], [3489.75, 4439.0], [3489.65, 14012.0], [3489.6, 2547.0], [3489.55, 7093.0], [3489.5, 1355.0], [3489.15, 18096.0], [3489.1, 63800.0], [3488.95, 7438.0], [3488.85, 17044.0], [3488.8, 19986.0], [3488.75, 7594.0], [3488.7, 3488.0], [3488.5, 19984.0], [3488.45, 7346.0]], "asks": [[3490.3, 14001.0], [3490.35, 80.0], [3490.45, 4478.0], [3490.5, 15000.0], [3490.65, 6978.0], [3490.7, 15000.0], [3490.85, 15373.0], [3490.9, 25000.0], [3490.95, 26500.0], [3491.0, 90.0], [3491.05, 4018.0], [3491.1, 14396.0], [3491.3, 7303.0], [3491.35, 36888.0], [3491.4, 25000.0], [3491.6, 7378.0], [3491.7, 2200.0], [3491.75, 7369.0], [3492.0, 2294.0], [3492.05, 57385.0]]}}}
{"jsonrpc": "2.0", "method": "subscription", "params": {"channel": "book.ETH-PERPETUAL.none.20.100ms", "data": {"timestamp": 1762251245065, "change_id": 94913480596, "instrument_name": "ETH-PERPETUAL", "bids": [[3490.25, 20681.0], [3490.15, 6565.0], [3490.1, 19994.0], [3490.05, 9463.0], [3490.0, 25000.0], [3489.75, 4439.0], [3489.65, 14012.0], [3489.6, 2547.0], [3489.55, 7093.0], [3489.5, 1715.0], [3489.3, 20891.0], [3489.25, 50000.0], [3489.15, 24105.0], [3489.1, 13800.0], [3489.0, 7308.0], [3488.95, 7438.0], [3488.85, 17044.0], [3488.8, 8533.0], [3488.75, 25099.0], [3488.7, 3488.0]], "asks": [[3490.7, 12476.0], [3490.75, 80.0], [3490.85, 24912.0], [3490.9, 13800.0], [3490.95, 23934.0], [3491.0, 25000.0], [3491.1, 7093.0], [3491.2, 4119.0], [3491.25, 13800.0], [3491.3, 18474.0], [3491.35, 52418.0], [3491.4, 25000.0], [3491.55, 2202.0], [3491.6, 7378.0], [3491.7, 2200.0], [3491.75, 7369.0], [3491.85, 3657.0], [3491.9, 1122.0], [3492.0, 17544.0], [3492.05, 7385.0]]}}}
{"jsonrpc": "2.0", "method": "subscription", "params": {"channel": "book.ETH-PERPETUAL.none.20.100ms", "data": {"timestamp": 1762251245355, "change_id": 94913481194, "instrument_name": "ETH-PERPETUAL", "bids": [[3490.4, 2368.0], [3490.25, 137.0], [3490.15, 5969.0], [3490.05, 27456.0], [3490.0, 25000.0], [3489.75, 4439.0], [3489.65, 14012.0], [3489.6, 2547.0], [3489.55, 7093.0], [3489.5, 1715.0], [3489.45, 14461.0], [3489.4, 50000.0], [3489.3, 7976.0], [3489.15, 31443.0], [3489.1, 13800.0], [3489.0, 7308.0], [3488.95, 7338.0], [3488.85, 25578.0], [3488.8, 17761.0], [3488.75, 7339.0]], "asks": [[3490.45, 26412.0], [3490.85, 27412.0], [3490.9, 13800.0], [3490.95, 34838.0], [3491.0, 25000.0], [3491.05, 15000.0], [3491.1, 33593.0], [3491.2, 4478.0], [3491.25, 15000.0], [3491.35, 7463.0], [3491.4, 25000.0], [3491.45, 3134.0], [3491.5, 12999.0], [3491.55, 2202.0], [3491.6, 7378.0], [3491.7, 2425.0], [3491.75, 7369.0], [3491.8, 754.0], [3492.0, 17544.0], [3492.05, 57385.0]]}}}
{"jsonrpc": "2.0", "method": "subscription", "params": {"channel": "book.ETH-PERPETUAL.none.20.100ms", "data": {"timestamp": 1762251245727, "change_id": 94913482138, "instrument_name": "ETH-PERPETUAL", "bids": [[3490.4, 124.0], [3489.75, 256.0], [3489.65, 14012.0], [3489.5, 1715.0], [3489.25, 2190.0], [3489.15, 16899.0], [3489.1, 13800.0], [3489.0, 26621.0], [3488.95, 7338.0], [3488.9, 50000.0], [3488.85, 19235.0], [3488.75, 7339.0], [3488.6, 80.0], [3488.55, 8475.0], [3488.45, 8405.0], [3488.25, 19986.0], [3488.2, 47786.0], [3488.15, 33946.0], [3488.1, 182574.0], [3488.0, 90.0]], "asks": [[3490.45, 67970.0], [3490.7, 9309.0], [3490.75, 32093.0], [3490.85, 24912.0], [3490.9, 13800.0], [3490.95, 23733.0], [3491.05, 15000.0], [3491.1, 26500.0], [3491.2, 4478.0], [3491.25, 15000.0], [3491.35, 54228.0], [3491.4, 182574.0], [3491.45, 72541.0], [3491.5, 12999.0], [3491.55, 18262.0], [3491.6, 7378.0], [3491.7, 2425.0], [3491.75, 7369.0], [3491.8, 754.0], [3492.0, 2294.0]]}}}
{"jsonrpc": "2.0", "method": "subscription", "params": {"channel": "book.ETH-PERPETUAL.none.20.100ms", "data": {"timestamp": 1762251246060, "change_id": 94913483496, "instrument_name": "ETH-PERPETUAL", "bids": [[3489.75, 4601.0], [3489.65, 14012.0], [3489.5, 7928.0], [3489.45, 25000.0], [3489.25, 7879.0], [3489.15, 31451.0], [3489.1, 13800.0], [3489.0, 4308.0], [3488.95, 7338.0], [3488.9, 7093.0], [3488.85, 16381.0], [3488.75, 57338.0], [3488.6, 80.0], [3488.55, 8476.0], [3488.5, 19986.0], [3488.45, 8405.0], [3488.2, 65547.0], [3488.15, 33946.0], [3488.1, 182574.0], [3488.0, 190.0]], "asks": [[3489.8, 26211.0], [3490.3, 2117.0], [3490.35, 7093.0], [3490.4, 16670.0], [3490.45, 46162.0], [3490.5, 26500.0], [3490.7, 9309.0], [3490.75, 40000.0], [3490.8, 12421.0], [3490.85, 17471.0], [3490.9, 13800.0], [3490.95, 31048.0], [3491.0, 2030.0], [3491.05, 7343.0], [3491.1, 50000.0], [3491.2, 4478.0], [3491.25, 15000.0], [3491.3, 91811.0], [3491.35, 82343.0], [3491.4, 182574.0]]}}}
{"jsonrpc": "2.0", "method": "subscription", "params": {"channel": "book.ETH-PERPETUAL.none.20.100ms", "data": {"timestamp": 1762251246391, "change_id": 94913483976, "instrument_name": "ETH-PERPETUAL", "bids": [[3489.75, 7568.0], [3489.65, 14012.0], [3489.5, 465.0], [3489.45, 25000.0], [3489.35, 5968.0], [3489.3, 19994.0], [3489.25, 2190.0], [3489.15, 11457.0], [3489.1, 13800.0], [3489.0, 4308.0], [3488.95, 7338.0], [3488.9, 7093.0], [3488.85, 17115.0], [3488.8, 50000.0], [3488.75, 7338.0], [3488.6, 80.0], [3488.55, 8160.0], [3488.5, 19986.0], [3488.45, 7346.0], [3488.35, 100.0]], "asks": [[3489.8, 26211.0], [3490.3, 2117.0], [3490.35, 7093.0], [3490.4, 16670.0], [3490.45, 46162.0], [3490.5, 26500.0], [3490.7, 9309.0], [3490.75, 40000.0], [3490.8, 12421.0], [3490.85, 17471.0], [3490.9, 13800.0], [3490.95, 31048.0], [3491.0, 2030.0], [3491.05, 7343.0], [3491.1, 50000.0], [3491.2, 754.0], [3491.3, 91811.0], [3491.35, 82343.0], [3491.4, 182574.0], [3491.5, 1767.0]]}}}
{"jsonrpc": "2.0", "method": "subscription", "params": {"channel": "book.ETH-PERPETUAL.none.20.100ms", "data": {"timestamp": 1762251246708, "change_id": 94913484308, "instrument_name": "ETH-PERPETUAL", "bids": [[3489.75, 22773.0], [3489.65, 212.0], [3489.5, 7928.0], [3489.45, 30968.0], [3489.3, 19994.0], [3489.25, 2190.0], [3489.15, 11457.0], [3489.1, 13800.0], [3489.0, 4308.0], [3488.95, 7338.0], [3488.9, 7093.0], [3488.85, 17115.0], [3488.8, 50000.0], [3488.75, 7338.0], [3488.65, 5990.0], [3488.55, 19987.0], [3488.5, 2193.0], [3488.45, 7346.0], [3488.35, 100.0], [3488.3, 1041.0]], "asks": [[3489.8, 55011.0], [3490.2, 6237.0], [3490.25, 13800.0], [3490.3, 2500.0], [3490.35, 7093.0], [3490.4, 16670.0], [3490.45, 46162.0], [3490.5, 26500.0], [3490.7, 9309.0], [3490.75, 40000.0], [3490.8, 1096.0], [3490.85, 3671.0], [3490.95, 17248.0], [3491.0, 2030.0], [3491.05, 7343.0], [3491.1, 50000.0], [3491.2, 754.0], [3491.3, 91811.0], [3491.35, 82343.0], [3491.4, 182574.0]]}}}
{"jsonrpc": "2.0", "method": "subscription", "params": {"channel": "book.ETH-PERPETUAL.none.20.100ms", "data": {"timestamp": 1762251247047, "change_id": 94913486086, "instrument_name": "ETH-PERPETUAL", "bids": [[3490.4, 16115.0], [3490.35, 2000.0], [3490.3, 7463.0], [3490.25, 25000.0], [3490.05, 4119.0], [3489.9, 13800.0], [3489.85, 12401.0], [3489.8, 14012.0], [3489.75, 27532.0], [3489.7, 2117.0], [3489.65, 7093.0], [3489.5, 256.0], [3489.45, 14925.0], [3489.4, 50000.0], [3489.3, 22176.0], [3489.15, 16232.0], [3489.1, 13800.0], [3489.05, 100.0], [3489.0, 19951.0], [3488.95, 7338.0]], "asks": [[3490.45, 201.0], [3490.85, 4478.0], [3490.9, 15000.0], [3491.0, 2030.0], [3491.2, 754.0], [3491.3, 2192.0], [3491.35, 7343.0], [3491.45, 8419.0], [3491.5, 10980.0], [3491.55, 27202.0], [3491.6, 7378.0], [3491.65, 80.0], [3491.7, 2425.0], [3491.75, 7369.0], [3492.0, 2294.0], [3492.05, 7385.0], [3492.2, 16848.0], [3492.25, 50000.0], [3492.3, 7385.0], [3492.35, 30508.0]]}}}
{"jsonrpc": "2.0", "method": "subscription", "params": {"channel": "book.ETH-PERPETUAL.none.20.100ms", "data": {"timestamp": 1762251247361, "change_id": 94913486798, "instrument_name": "ETH-PERPETUAL", "bids": [[3490.4, 4677.0], [3490.35, 2000.0], [3490.3, 7463.0], [3490.25, 25000.0], [3490.2, 2368.0], [3490.15, 1448.0], [3490.05, 10074.0], [3489.95, 19994.0], [3489.9, 18449.0], [3489.8, 14012.0], [3489.75, 256.0], [3489.7, 2117.0], [3489.65, 7093.0], [3489.5, 256.0], [3489.45, 14925.0], [3489.4, 50100.0], [3489.3, 7876.0], [3489.2, 19986.0], [3489.15, 16158.0], [3489.1, 31211.0]], "asks": [[3490.45, 201.0], [3490.85, 4478.0], [3490.9, 15000.0], [3491.0, 2030.0], [3491.2, 14419.0], [3491.25, 55836.0], [3491.3, 7183.0], [3491.35, 7343.0], [3491.45, 8419.0], [3491.5, 10980.0], [3491.55, 27202.0], [3491.6, 7378.0], [3491.65, 80.0], [3491.7, 2425.0], [3491.75, 7369.0], [3492.0, 2294.0], [3492.05, 7385.0], [3492.2, 16848.0], [3492.25, 50000.0], [3492.3, 7385.0]]}}}
{"jsonrpc": "2.0", "method": "subscription", "params": {"channel": "book.ETH-PERPETUAL.none.20.100ms", "data": {"timestamp": 1762251247715, "change_id": 94913487656, "instrument_name": "ETH-PERPETUAL", "bids": [[3490.65, 5281.0], [3490.5, 25000.0], [3490.4, 2559.0], [3490.25, 6007.0], [3490.2, 20125.0], [3490.15, 2117.0], [3490.05, 7093.0], [3489.8, 212.0], [3489.75, 256.0], [3489.55, 20967.0], [3489.5, 50256.0], [3489.45, 19986.0], [3489.4, 2293.0], [3489.35, 7347.0], [3489.3, 41241.0], [3489.2, 182574.0], [3489.15, 21870.0], [3489.1, 31211.0], [3489.05, 17761.0], [3489.0, 5679.0]], "asks": [[3490.7, 27834.0], [3490.8, 13800.0], [3490.85, 201.0], [3491.15, 16300.0], [3491.2, 14419.0], [3491.25, 53644.0], [3491.3, 7183.0], [3491.45, 3137.0], [3491.5, 10980.0], [3491.55, 2202.0], [3491.6, 7378.0], [3491.7, 2425.0], [3491.75, 7369.0], [3491.9, 8095.0], [3491.95, 27030.0], [3492.0, 2294.0], [3492.05, 8139.0], [3492.2, 2204.0], [3492.3, 7385.0], [3492.35, 30508.0]]}}}
{"jsonrpc": "2.0", "method": "subscription", "params": {"channel": "book.ETH-PERPETUAL.none.20.100ms", "data": {"timestamp": 1762251248045, "change_id": 94913488748, "instrument_name": "ETH-PERPETUAL", "bids": [[3490.65, 3281.0], [3490.6, 934.0], [3490.5, 25000.0], [3490.4, 113.0], [3490.25, 6007.0], [3490.2, 2248.0], [3490.1, 19993.0], [3490.05, 7093.0], [3489.8, 212.0], [3489.75, 256.0], [3489.55, 15001.0], [3489.5, 50256.0], [3489.45, 8189.0], [3489.4, 100.0], [3489.35, 7347.0], [3489.3, 41241.0], [3489.2, 182574.0], [3489.15, 21870.0], [3489.1, 31211.0], [3489.05, 17761.0]], "asks": [[3490.7, 28115.0], [3491.1, 2500.0], [3491.15, 13800.0], [3491.2, 14419.0], [3491.25, 53644.0], [3491.3, 7183.0], [3491.45, 3137.0], [3491.5, 10980.0], [3491.55, 9383.0], [3491.6, 7378.0], [3491.65, 25000.0], [3491.7, 2425.0], [3491.75, 7369.0], [3491.95, 2030.0], [3492.0, 2294.0], [3492.05, 8139.0], [3492.2, 2204.0], [3492.3, 7385.0], [3492.35, 34450.0], [3492.4, 75000.0]]}}}
{"jsonrpc": "2.0", "method": "subscription", "params": {"channel": "book.ETH-PERPETUAL.none.20.100ms", "data": {"timestamp": 1762251248302, "change_id": 94913489160, "instrument_name": "ETH-PERPETUAL", "bids": [[3490.65, 1280.0], [3490.05, 7463.0], [3490.0, 25000.0], [3489.8, 6298.0], [3489.75, 22506.0], [3489.7, 7091.0], [3489.55, 15001.0], [3489.5, 50256.0], [3489.45, 2223.0], [3489.4, 100.0], [3489.35, 7347.0], [3489.3, 8156.0], [3489.2, 19986.0], [3489.15, 17696.0], [3489.1, 31211.0], [3489.0, 11119.0], [3488.95, 8737.0], [3488.85, 17841.0], [3488.8, 3577.0], [3488.75, 7339.0]], "asks": [[3490.7, 28115.0], [3490.9, 2500.0], [3491.15, 13800.0], [3491.2, 21510.0], [3491.25, 58131.0], [3491.3, 24025.0], [3491.45, 7354.0], [3491.5, 25980.0], [3491.55, 9383.0], [3491.6, 7378.0], [3491.65, 25000.0], [3491.7, 2425.0], [3491.75, 7369.0], [3491.95, 16982.0], [3492.0, 52294.0], [3492.05, 8139.0], [3492.2, 2204.0], [3492.3, 29773.0], [3492.4, 75000.0], [3492.45, 56496.0]]}}}
{"jsonrpc": "2.0", "method": "subscription", "params": {"channel": "book.ETH-PERPETUAL.none.20.100ms", "data": {"timestamp": 1762251248692, "change_id": 94913489816, "instrument_name": "ETH-PERPETUAL", "bids": [[3490.65, 17083.0], [3490.05, 7463.0], [3490.0, 25000.0], [3489.85, 6149.0], [3489.8, 20206.0], [3489.75, 2512.0], [3489.7, 7091.0], [3489.55, 15001.0], [3489.5, 50256.0], [3489.45, 2223.0], [3489.4, 100.0], [3489.35, 7347.0], [3489.3, 8156.0], [3489.25, 19986.0], [3489.15, 17696.0], [3489.1, 31211.0], [3489.0, 11119.0], [3488.95, 8737.0], [3488.85, 17841.0], [3488.8, 3577.0]], "asks": [[3490.7, 41915.0], [3490.85, 7712.0], [3490.9, 13800.0], [3490.95, 21263.0], [3491.0, 27500.0], [3491.1, 14146.0], [3491.15, 13800.0], [3491.2, 7091.0], [3491.25, 33131.0], [3491.3, 24025.0], [3491.45, 7354.0], [3491.5, 25980.0], [3491.55, 9383.0], [3491.6, 7378.0], [3491.65, 25000.0], [3491.7, 2425.0], [3491.75, 7369.0], [3491.95, 2030.0], [3492.0, 2294.0], [3492.05, 8139.0]]}}}
{"jsonrpc": "2.0", "method": "subscription", "params": {"channel": "book.ETH-PERPETUAL.none.20.100ms", "data": {"timestamp": 1762251249017, "change_id": 94913490632, "instrument_name": "ETH-PERPETUAL", "bids": [[3490.65, 1363.0], [3490.05, 7463.0], [3490.0, 25000.0], [3489.85, 6149.0], [3489.8, 20206.0], [3489.75, 2512.0], [3489.7, 7091.0], [3489.55, 15001.0], [3489.5, 50256.0], [3489.45, 2223.0], [3489.4, 100.0], [3489.35, 7347.0], [3489.3, 8156.0], [3489.25, 19986.0], [3489.15, 17696.0], [3489.1, 31211.0], [3489.0, 11119.0], [3488.95, 8737.0], [3488.85, 17761.0], [3488.8, 3577.0]], "asks": [[3490.7, 41915.0], [3490.85, 7712.0], [3490.9, 13800.0], [3490.95, 21263.0], [3491.0, 27500.0], [3491.1, 14146.0], [3491.15, 13800.0], [3491.2, 7091.0], [3491.25, 33131.0], [3491.3, 24025.0], [3491.45, 7354.0], [3491.5, 25980.0], [3491.55, 9383.0], [3491.6, 7378.0], [3491.65, 25000.0], [3491.7, 2425.0], [3491.75, 7369.0], [3491.95, 2030.0], [3492.0, 2294.0], [3492.05, 8139.0]]}}}
{"jsonrpc": "2.0", "method": "subscription", "params": {"channel": "book.ETH-PERPETUAL.none.20.100ms", "data": {"timestamp": 1762251249365, "change_id": 94913491044, "instrument_name": "ETH-PERPETUAL", "bids": [[3490.65, 176.0], [3490.05, 7463.0], [3490.0, 25000.0], [3489.85, 6149.0], [3489.8, 212.0], [3489.75, 20389.0], [3489.5, 256.0], [3489.45, 13033.0], [3489.4, 8049.0], [3489.35, 57347.0], [3489.3, 8156.0], [3489.15, 37682.0], [3489.1, 31211.0], [3489.0, 7630.0], [3488.95, 12225.0], [3488.85, 17761.0], [3488.8, 3657.0], [3488.75, 7339.0], [3488.7, 1060.0], [3488.5, 9660.0]], "asks": [[3490.7, 67005.0], [3490.85, 7712.0], [3490.9, 13800.0], [3490.95, 21710.0], [3491.0, 26500.0], [3491.1, 4119.0], [3491.15, 13800.0], [3491.25, 13786.0], [3491.3, 23935.0], [3491.35, 25000.0], [3491.4, 7949.0], [3491.45, 7354.0], [3491.5, 25980.0], [3491.55, 2202.0], [3491.6, 7378.0], [3491.7, 2425.0], [3491.75, 7369.0], [3491.95, 2030.0], [3492.0, 17163.0], [3492.05, 58139.0]]}}}
{"jsonrpc": "2.0", "method": "subscription", "params": {"channel": "book.ETH-PERPETUAL.none.20.100ms", "data": {"timestamp": 1762251249690, "change_id": 94913491335, "instrument_name": "ETH-PERPETUAL", "bids": [[3490.65, 126.0], [3490.05, 7463.0], [3490.0, 25000.0], [3489.8, 212.0], [3489.75, 256.0], [3489.65, 5968.0], [3489.6, 19994.0], [3489.5, 256.0], [3489.45, 13033.0], [3489.4, 8049.0], [3489.35, 57347.0], [3489.3, 7876.0], [3489.15, 37682.0], [3489.1, 31211.0], [3489.0, 3369.0], [3488.95, 12225.0], [3488.85, 8238.0], [3488.8, 19198.0], [3488.75, 7339.0], [3488.7, 1060.0]], "asks": [[3490.7, 93505.0], [3490.75, 8985.0], [3490.8, 13800.0], [3490.85, 2500.0], [3490.9, 13800.0], [3491.0, 4119.0], [3491.05, 13800.0], [3491.25, 13786.0], [3491.3, 23935.0], [3491.35, 25000.0], [3491.4, 7949.0], [3491.45, 7354.0], [3491.5, 25980.0], [3491.55, 2202.0], [3491.6, 7378.0], [3491.7, 2425.0], [3491.75, 7369.0], [3491.95, 2030.0], [3492.0, 17163.0], [3492.05, 58139.0]]}}}
{"jsonrpc": "2.0", "method": "subscription", "params": {"channel": "book.ETH-PERPETUAL.none.20.100ms", "data": {"timestamp": 1762251249946, "change_id": 94913491926, "instrument_name": "ETH-PERPETUAL", "bids": [[3490.65, 126.0], [3490.05, 7463.0], [3490.0, 25000.0], [3489.85, 6108.0], [3489.8, 20206.0], [3489.75, 256.0], [3489.5, 256.0], [3489.45, 4311.0], [3489.4, 8049.0], [3489.35, 7347.0], [3489.3, 21677.0], [3489.25, 50000.0], [3489.15, 37682.0], [3489.1, 31211.0], [3489.0, 3369.0], [3488.95, 12225.0], [3488.85, 8238.0], [3488.8, 19198.0], [3488.75, 7339.0], [3488.7, 1060.0]], "asks": [[3490.7, 41915.0], [3490.75, 8363.0], [3490.8, 13800.0], [3490.95, 16300.0], [3491.0, 11055.0], [3491.05, 38800.0], [3491.1, 8000.0], [3491.15, 26500.0], [3491.25, 13786.0], [3491.3, 23935.0], [3491.35, 25000.0], [3491.4, 7949.0], [3491.45, 7354.0], [3491.5, 25980.0], [3491.55, 2202.0], [3491.6, 7378.0], [3491.7, 2425.0], [3491.75, 7369.0], [3491.95, 2030.0], [3492.0, 17163.0]]}}}
{"jsonrpc": "2.0", "method": "subscription", "params": {"channel": "book.ETH-PERPETUAL.none.20.100ms", "data": {"timestamp": 1762251250353, "change_id": 94913492653, "instrument_name": "ETH-PERPETUAL", "bids": [[3490.65, 2206.0], [3490.35, 7463.0], [3490.3, 25000.0], [3490.15, 5969.0], [3490.1, 19995.0], [3489.8, 212.0], [3489.75, 256.0], [3489.55, 6042.0], [3489.5, 20242.0], [3489.45, 20376.0], [3489.4, 58049.0], [3489.35, 7347.0], [3489.3, 2190.0], [3489.15, 17696.0], [3489.1, 31211.0], [3489.0, 21130.0], [3488.95, 12225.0], [3488.85, 2912.0], [3488.8, 1357.0], [3488.75, 7339.0]], "asks": [[3490.7, 41915.0], [3490.75, 8363.0], [3490.8, 13800.0], [3490.95, 13800.0], [3491.0, 11082.0], [3491.05, 38800.0], [3491.1, 8000.0], [3491.15, 26500.0], [3491.25, 9517.0], [3491.3, 23935.0], [3491.4, 7949.0], [3491.45, 7354.0], [3491.5, 25980.0], [3491.55, 2202.0], [3491.6, 7378.0], [3491.7, 9352.0], [3491.75, 32369.0], [3491.95, 2030.0], [3492.0, 2294.0], [3492.05, 8139.0]]}}}
{"jsonrpc": "2.0", "method": "subscription", "params": {"channel": "book.ETH-PERPETUAL.none.20.100ms", "data": {"timestamp": 1762251250654, "change_id": 94913492959, "instrument_name": "ETH-PERPETUAL", "bids": [[3490.65, 2206.0], [3490.4, 13800.0], [3490.35, 19463.0], [3490.3, 25000.0], [3489.8, 212.0], [3489.75, 256.0], [3489.5, 20250.0], [3489.45, 20376.0], [3489.4, 58049.0], [3489.35, 7347.0], [3489.3, 2190.0], [3489.15, 37682.0], [3489.1, 31211.0], [3489.0, 6858.0], [3488.95, 8737.0], [3488.85, 2912.0], [3488.8, 19118.0], [3488.75, 7339.0], [3488.7, 1060.0], [3488.5, 2193.0]], "asks": [[3490.7, 41915.0], [3490.75, 4866.0], [3490.95, 33289.0], [3491.0, 13800.0], [3491.05, 38800.0], [3491.1, 20600.0], [3491.15, 26500.0], [3491.25, 9517.0], [3491.3, 23935.0], [3491.4, 7949.0], [3491.45, 7354.0], [3491.5, 25980.0], [3491.55, 2202.0], [3491.6, 7378.0], [3491.7, 9352.0], [3491.75, 32369.0], [3491.95, 2030.0], [3492.0, 2294.0], [3492.05, 8139.0], [3492.2, 60214.0]]}}}
{"jsonrpc": "2.0", "method": "subscription", "params": {"channel": "book.ETH-PERPETUAL.none.20.100ms", "data": {"timestamp": 1762251251012, "change_id": 94913493790, "instrument_name": "ETH-PERPETUAL", "bids": [[3490.65, 2407.0], [3490.45, 7701.0], [3490.4, 13800.0], [3490.35, 19463.0], [3490.3, 25000.0], [3489.8, 212.0], [3489.75, 256.0], [3489.55, 50000.0], [3489.5, 20250.0], [3489.45, 19986.0], [3489.4, 8049.0], [3489.35, 7347.0], [3489.3, 2190.0], [3489.15, 17696.0], [3489.1, 31211.0], [3489.05, 17761.0], [3489.0, 6858.0], [3488.95, 8737.0], [3488.85, 2912.0], [3488.8, 1357.0]], "asks": [[3490.7, 41915.0], [3490.75, 4866.0], [3490.95, 33289.0], [3491.0, 13800.0], [3491.05, 38800.0], [3491.1, 20600.0], [3491.15, 26500.0], [3491.25, 9517.0], [3491.3, 23935.0], [3491.4, 7949.0], [3491.45, 7354.0], [3491.5, 25980.0], [3491.55, 2202.0], [3491.6, 7378.0], [3491.7, 9352.0], [3491.75, 32369.0], [3491.95, 2030.0], [3492.0, 2294.0], [3492.05, 8139.0], [3492.2, 10214.0]]}}}
{"jsonrpc": "2.0", "method": "subscription", "params": {"channel": "book.ETH-PERPETUAL.none.20.100ms", "data": {"timestamp": 1762251251342, "change_id": 94913494198, "instrument_name": "ETH-PERPETUAL", "bids": [[3490.65, 407.0], [3490.45, 7701.0], [3490.4, 13800.0], [3490.35, 19463.0], [3490.3, 25000.0], [3489.8, 212.0], [3489.75, 256.0], [3489.6, 34995.0], [3489.55, 50000.0], [3489.5, 256.0], [3489.4, 28035.0], [3489.35, 7347.0], [3489.3, 2190.0], [3489.15, 17696.0], [3489.1, 31211.0], [3489.05, 17761.0], [3489.0, 6858.0], [3488.95, 8737.0], [3488.85, 2912.0], [3488.8, 1357.0]], "asks": [[3490.7, 41915.0], [3490.75, 4866.0], [3490.95, 33289.0], [3491.0, 16300.0], [3491.05, 38800.0], [3491.1, 20600.0], [3491.15, 26500.0], [3491.25, 9517.0], [3491.3, 23935.0], [3491.4, 7949.0], [3491.45, 7354.0], [3491.5, 25980.0], [3491.55, 2202.0], [3491.6, 7378.0], [3491.7, 9352.0], [3491.75, 32369.0], [3491.95, 2030.0], [3492.0, 2294.0], [3492.05, 8139.0], [3492.2, 10214.0]]}}}
{"jsonrpc": "2.0", "method": "subscription", "params": {"channel": "book.ETH-PERPETUAL.none.20.100ms", "data": {"timestamp": 1762251251592, "change_id": 94913494380, "instrument_name": "ETH-PERPETUAL", "bids": [[3490.65, 407.0], [3490.45, 7701.0], [3490.4, 13800.0], [3490.35, 19463.0], [3490.3, 25000.0], [3489.8, 212.0], [3489.75, 256.0], [3489.65, 19994.0], [3489.6, 15001.0], [3489.55, 50000.0], [3489.5, 256.0], [3489.4, 8049.0], [3489.35, 27333.0], [3489.3, 2190.0], [3489.15, 17696.0], [3489.1, 31211.0], [3489.05, 17761.0], [3489.0, 6858.0], [3488.95, 8737.0], [3488.85, 2912.0]], "asks": [[3490.7, 41915.0], [3490.75, 7616.0], [3490.9, 13800.0], [3490.95, 33289.0], [3491.0, 16300.0], [3491.05, 38800.0], [3491.1, 20600.0], [3491.15, 26500.0], [3491.25, 9517.0], [3491.3, 23935.0], [3491.4, 7949.0], [3491.45, 7354.0], [3491.5, 25980.0], [3491.55, 2202.0], [3491.6, 7378.0], [3491.7, 9352.0], [3491.75, 32369.0], [3491.95, 2030.0], [3492.0, 2294.0], [3492.05, 8139.0]]}}}
{"jsonrpc": "2.0", "method": "subscription", "params": {"channel": "book.ETH-PERPETUAL.none.20.100ms", "data": {"timestamp": 1762251251988, "change_id": 94913495116, "instrument_name": "ETH-PERPETUAL", "bids": [[3490.65, 327.0], [3490.4, 13800.0], [3490.35, 19463.0], [3490.3, 25000.0], [3489.8, 212.0], [3489.75, 256.0], [3489.65, 19994.0], [3489.6, 15001.0], [3489.55, 50000.0], [3489.5, 256.0], [3489.4, 8049.0], [3489.35, 7347.0], [3489.3, 2190.0], [3489.2, 19986.0], [3489.15, 17696.0], [3489.1, 31211.0], [3489.0, 6858.0], [3488.95, 8737.0], [3488.9, 17761.0], [3488.85, 2912.0]], "asks": [[3490.7, 67005.0], [3490.75, 7616.0], [3490.9, 13800.0], [3490.95, 22812.0], [3491.0, 13800.0], [3491.05, 13800.0], [3491.1, 7910.0], [3491.15, 26500.0], [3491.25, 9517.0], [3491.3, 23935.0], [3491.4, 7949.0], [3491.45, 14277.0], [3491.5, 50980.0], [3491.55, 2202.0], [3491.6, 7378.0], [3491.7, 2425.0], [3491.75, 7369.0], [3491.95, 2030.0], [3492.0, 2294.0], [3492.05, 8139.0]]}}}
{"jsonrpc": "2.0", "method": "subscription", "params": {"channel": "book.ETH-PERPETUAL.none.20.100ms", "data": {"timestamp": 1762251252284, "change_id": 94913495317, "instrument_name": "ETH-PERPETUAL", "bids": [[3490.65, 327.0], [3490.4, 13800.0], [3490.35, 19463.0], [3490.3, 25000.0], [3489.8, 212.0], [3489.75, 256.0], [3489.65, 19994.0], [3489.6, 15001.0], [3489.55, 50000.0], [3489.5, 256.0], [3489.4, 8049.0], [3489.35, 27333.0], [3489.3, 2190.0], [3489.15, 17696.0], [3489.1, 31211.0], [3489.0, 6858.0], [3488.95, 8737.0], [3488.9, 17761.0], [3488.85, 2912.0], [3488.8, 1437.0]], "asks": [[3490.7, 66915.0], [3490.75, 7616.0], [3490.9, 13800.0], [3490.95, 25312.0], [3491.0, 13800.0], [3491.05, 13800.0], [3491.1, 7910.0], [3491.15, 26590.0], [3491.25, 9517.0], [3491.3, 23935.0], [3491.4, 7949.0], [3491.45, 14277.0], [3491.5, 50980.0], [3491.55, 2202.0], [3491.6, 7378.0], [3491.7, 2425.0], [3491.75, 7369.0], [3491.95, 2030.0], [3492.0, 2294.0], [3492.05, 8139.0]]}}}
{"jsonrpc": "2.0", "method": "subscription", "params": {"channel": "book.ETH-PERPETUAL.none.20.100ms", "data": {"timestamp": 1762251252666, "change_id": 94913495578, "instrument_name": "ETH-PERPETUAL", "bids": [[3490.65, 11606.0], [3490.4, 13800.0], [3490.35, 21263.0], [3490.3, 25000.0], [3489.9, 6108.0], [3489.85, 19994.0], [3489.8, 212.0], [3489.75, 256.0], [3489.6, 15001.0], [3489.55, 50000.0], [3489.5, 256.0], [3489.4, 8049.0], [3489.35, 27333.0], [3489.3, 2190.0], [3489.15, 17696.0], [3489.1, 31211.0], [3489.0, 6858.0], [3488.95, 8737.0], [3488.9, 17761.0], [3488.85, 2912.0]], "asks": [[3490.7, 41915.0], [3490.75, 7616.0], [3490.9, 13800.0], [3490.95, 29095.0], [3491.0, 27500.0], [3491.05, 13800.0], [3491.1, 7910.0], [3491.15, 26590.0], [3491.25, 9517.0], [3491.3, 23935.0], [3491.4, 7949.0], [3491.45, 14277.0], [3491.5, 50980.0], [3491.55, 2202.0], [3491.6, 7378.0], [3491.7, 2425.0], [3491.75, 7369.0], [3491.95, 2030.0], [3492.0, 2294.0], [3492.05, 8139.0]]}}}
{"jsonrpc": "2.0", "method": "subscription", "params": {"channel": "book.ETH-PERPETUAL.none.20.100ms", "data": {"timestamp": 1762251252981, "change_id": 94913496399, "instrument_name": "ETH-PERPETUAL", "bids": [[3490.65, 3496.0], [3490.45, 8239.0], [3490.4, 13800.0], [3490.35, 21263.0], [3490.3, 25000.0], [3490.1, 5968.0], [3490.05, 19994.0], [3489.8, 212.0], [3489.75, 256.0], [3489.6, 15001.0], [3489.55, 50000.0], [3489.5, 256.0], [3489.4, 8049.0], [3489.35, 27333.0], [3489.3, 2190.0], [3489.15, 17696.0], [3489.1, 31211.0], [3489.0, 6858.0], [3488.95, 8737.0], [3488.9, 17761.0]], "asks": [[3490.7, 28115.0], [3490.85, 8239.0], [3490.9, 13800.0], [3490.95, 29095.0], [3491.0, 25000.0], [3491.05, 16300.0], [3491.1, 7910.0], [3491.15, 26590.0], [3491.25, 9517.0], [3491.3, 23935.0], [3491.4, 7949.0], [3491.45, 14277.0], [3491.5, 50980.0], [3491.55, 2202.0], [3491.6, 7378.0], [3491.7, 2425.0], [3491.75, 7369.0], [3491.95, 2030.0], [3492.0, 2294.0], [3492.05, 8139.0]]}}}
{"jsonrpc": "2.0", "method": "subscription", "params": {"channel": "book.ETH-PERPETUAL.none.20.100ms", "data": {"timestamp": 1762251253322, "change_id": 94913496778, "instrument_name": "ETH-PERPETUAL", "bids": [[3490.65, 3697.0], [3490.45, 4119.0], [3490.4, 13800.0], [3490.35, 7463.0], [3490.3, 25000.0], [3489.8, 212.0], [3489.75, 256.0], [3489.65, 19994.0], [3489.6, 15001.0], [3489.55, 50000.0], [3489.5, 256.0], [3489.4, 8049.0], [3489.35, 27333.0], [3489.3, 2190.0], [3489.15, 17696.0], [3489.1, 31211.0], [3489.05, 17761.0], [3489.0, 3369.0], [3488.95, 8737.0], [3488.85, 2912.0]], "asks": [[3490.7, 28115.0], [3490.85, 8239.0], [3490.9, 13800.0], [3490.95, 29095.0], [3491.0, 27500.0], [3491.05, 13800.0], [3491.1, 7910.0], [3491.15, 26590.0], [3491.25, 9517.0], [3491.3, 23935.0], [3491.4, 7949.0], [3491.45, 14277.0], [3491.5, 50980.0], [3491.55, 2202.0], [3491.6, 7378.0], [3491.7, 2425.0], [3491.75, 7369.0], [3491.95, 2030.0], [3492.0, 2294.0], [3492.05, 8139.0]]}}}
{"jsonrpc": "2.0", "method": "subscription", "params": {"channel": "book.ETH-PERPETUAL.none.20.100ms", "data": {"timestamp": 1762251253591, "change_id": 94913497055, "instrument_name": "ETH-PERPETUAL", "bids": [[3490.65, 1416.0], [3489.9, 7602.0], [3489.85, 25000.0], [3489.8, 212.0], [3489.75, 256.0], [3489.65, 19994.0], [3489.6, 15001.0], [3489.55, 50000.0], [3489.5, 256.0], [3489.4, 8049.0], [3489.35, 7347.0], [3489.3, 2190.0], [3489.2, 19986.0], [3489.15, 17696.0], [3489.1, 31211.0], [3489.0, 3369.0], [3488.95, 8737.0], [3488.9, 17761.0], [3488.85, 2992.0], [3488.8, 1357.0]], "asks": [[3490.7, 67005.0], [3490.75, 8985.0], [3490.8, 13800.0], [3490.9, 13800.0], [3490.95, 7712.0], [3491.05, 13800.0], [3491.1, 21710.0], [3491.15, 26500.0], [3491.25, 9517.0], [3491.3, 23935.0], [3491.4, 7949.0], [3491.45, 14277.0], [3491.5, 50980.0], [3491.55, 2202.0], [3491.6, 7378.0], [3491.7, 2425.0], [3491.75, 7369.0], [3491.95, 2030.0], [3492.0, 2294.0], [3492.05, 8139.0]]}}}
{"jsonrpc": "2.0", "method": "subscription", "params": {"channel": "book.ETH-PERPETUAL.none.20.100ms", "data": {"timestamp": 1762251253990, "change_id": 94913498033, "instrument_name": "ETH-PERPETUAL", "bids": [[3490.65, 1416.0], [3490.15, 7463.0], [3490.1, 25000.0], [3490.05, 5968.0], [3490.0, 19994.0], [3489.8, 212.0], [3489.75, 256.0], [3489.6, 15001.0], [3489.55, 50000.0], [3489.5, 256.0], [3489.4, 8049.0], [3489.35, 27333.0], [3489.3, 2190.0], [3489.15, 17696.0], [3489.1, 31211.0], [3489.0, 3369.0], [3488.95, 12225.0], [3488.9, 17761.0], [3488.85, 2992.0], [3488.8, 1357.0]], "asks": [[3490.7, 41915.0], [3490.75, 8985.0], [3490.8, 13800.0], [3490.9, 13800.0], [3490.95, 7712.0], [3491.05, 13800.0], [3491.1, 13890.0], [3491.2, 7463.0], [3491.25, 34517.0], [3491.3, 23935.0], [3491.4, 7949.0], [3491.45, 14277.0], [3491.5, 50980.0], [3491.55, 2202.0], [3491.6, 7378.0], [3491.7, 2425.0], [3491.75, 7369.0], [3491.95, 2030.0], [3492.0, 2294.0], [3492.05, 8139.0]]}}}
{"jsonrpc": "2.0", "method": "subscription", "params": {"channel": "book.ETH-PERPETUAL.none.20.100ms", "data": {"timestamp": 1762251254308, "change_id": 94913498347, "instrument_name": "ETH-PERPETUAL", "bids": [[3490.65, 3496.0], [3490.25, 5968.0], [3490.2, 19994.0], [3490.15, 7463.0], [3490.1, 25000.0], [3489.8, 212.0], [3489.75, 256.0], [3489.6, 15001.0], [3489.55, 50000.0], [3489.5, 256.0], [3489.45, 19986.0], [3489.4, 8049.0], [3489.35, 7347.0], [3489.3, 2190.0], [3489.15, 17696.0], [3489.1, 31211.0], [3489.0, 3369.0], [3488.95, 12225.0], [3488.9, 17761.0], [3488.85, 2912.0]], "asks": [[3490.7, 41915.0], [3490.75, 8985.0], [3490.8, 13800.0], [3490.9, 13800.0], [3490.95, 4119.0], [3491.05, 13800.0], [3491.1, 2590.0], [3491.2, 14419.0], [3491.25, 61017.0], [3491.3, 23935.0], [3491.4, 7949.0], [3491.45, 14277.0], [3491.5, 50980.0], [3491.55, 2202.0], [3491.6, 7378.0], [3491.7, 2425.0], [3491.75, 7369.0], [3491.95, 2030.0], [3492.0, 2294.0], [3492.05, 8139.0]]}}}
{"jsonrpc": "2.0", "method": "subscription", "params": {"channel": "book.ETH-PERPETUAL.none.20.100ms", "data": {"timestamp": 1762251254624, "change_id": 94913498609, "instrument_name": "ETH-PERPETUAL", "bids": [[3490.65, 17497.0], [3490.5, 7880.0], [3490.45, 13800.0], [3490.4, 12600.0], [3490.3, 5968.0], [3490.25, 19994.0], [3490.2, 7463.0], [3490.1, 25000.0], [3489.8, 212.0], [3489.75, 256.0], [3489.6, 15001.0], [3489.55, 50000.0], [3489.5, 256.0], [3489.45, 10562.0], [3489.4, 8049.0], [3489.35, 27333.0], [3489.3, 2190.0], [3489.15, 7338.0], [3489.1, 13800.0], [3489.0, 3369.0]], "asks": [[3490.7, 41915.0], [3490.75, 4119.0], [3490.9, 13800.0], [3490.95, 4119.0], [3491.05, 13800.0], [3491.1, 2590.0], [3491.15, 13800.0], [3491.2, 14419.0], [3491.25, 61017.0], [3491.3, 23935.0], [3491.4, 7949.0], [3491.45, 14277.0], [3491.5, 50980.0], [3491.55, 2202.0], [3491.6, 7378.0], [3491.7, 2425.0], [3491.75, 7369.0], [3491.95, 2030.0], [3492.0, 2294.0], [3492.05, 8139.0]]}}}
{"jsonrpc": "2.0", "method": "subscription", "params": {"channel": "book.ETH-PERPETUAL.none.20.100ms", "data": {"timestamp": 1762251254982, "change_id": 94913499504, "instrument_name": "ETH-PERPETUAL", "bids": [[3490.65, 1416.0], [3489.8, 212.0], [3489.75, 256.0], [3489.65, 19993.0], [3489.6, 15001.0], [3489.55, 50000.0], [3489.5, 256.0], [3489.45, 4596.0], [3489.4, 7949.0], [3489.35, 7347.0], [3489.3, 7876.0], [3489.2, 19986.0], [3489.15, 7338.0], [3489.1, 13800.0], [3489.0, 3469.0], [3488.95, 8737.0], [3488.85, 2992.0], [3488.8, 19118.0], [3488.75, 7339.0], [3488.7, 1060.0]], "asks": [[3490.7, 41915.0], [3490.75, 4119.0], [3490.9, 13800.0], [3490.95, 11082.0], [3491.0, 25000.0], [3491.05, 13800.0], [3491.1, 12120.0], [3491.15, 13800.0], [3491.25, 36017.0], [3491.3, 23935.0], [3491.4, 7949.0], [3491.45, 14277.0], [3491.5, 50980.0], [3491.55, 2202.0], [3491.6, 7378.0], [3491.7, 2425.0], [3491.75, 7369.0], [3491.95, 2030.0], [3492.0, 2294.0], [3492.05, 8139.0]]}}}
{"jsonrpc": "2.0", "method": "subscription", "params": {"channel": "book.ETH-PERPETUAL.none.20.100ms", "data": {"timestamp": 1762251255311, "change_id": 94913500855, "instrument_name": "ETH-PERPETUAL", "bids": [[3489.8, 3201.0], [3489.75, 256.0], [3489.65, 13800.0], [3489.6, 25000.0], [3489.5, 256.0], [3489.2, 5968.0], [3489.15, 24143.0], [3489.1, 13800.0], [3489.0, 2190.0], [3488.95, 7338.0], [3488.85, 16669.0], [3488.75, 7338.0], [3488.7, 53433.0], [3488.6, 7950.0], [3488.55, 8159.0], [3488.5, 19986.0], [3488.45, 7346.0], [3488.35, 7660.0], [3488.3, 25661.0], [3488.25, 2193.0]], "asks": [[3489.85, 13115.0], [3490.5, 25000.0], [3490.55, 8239.0], [3490.6, 13800.0], [3490.65, 13800.0], [3490.7, 7553.0], [3490.75, 25000.0], [3490.85, 10611.0], [3490.9, 24807.0], [3490.95, 46371.0], [3491.0, 15000.0], [3491.05, 63800.0], [3491.1, 15278.0], [3491.2, 2030.0], [3491.25, 45713.0], [3491.3, 8935.0], [3491.35, 82368.0], [3491.45, 754.0], [3491.55, 2202.0], [3491.6, 7378.0]]}}}
{"jsonrpc": "2.0", "method": "subscription", "params": {"channel": "book.ETH-PERPETUAL.none.20.100ms", "data": {"timestamp": 1762251255643, "change_id": 94913501304, "instrument_name": "ETH-PERPETUAL", "bids": [[3489.8, 4424.0], [3489.75, 256.0], [3489.65, 13800.0], [3489.6, 25000.0], [3489.5, 256.0], [3489.35, 5968.0], [3489.3, 19994.0], [3489.15, 4149.0], [3489.1, 13800.0], [3489.0, 2190.0], [3488.95, 7338.0], [3488.8, 2507.0], [3488.75, 7338.0], [3488.7, 13163.0], [3488.65, 50000.0], [3488.6, 7949.0], [3488.55, 8159.0], [3488.5, 19987.0], [3488.45, 7346.0], [3488.35, 7760.0]], "asks": [[3489.85, 26915.0], [3490.35, 90.0], [3490.5, 25000.0], [3490.55, 8239.0], [3490.6, 13800.0], [3490.65, 13800.0], [3490.7, 10986.0], [3490.75, 40000.0], [3490.85, 10611.0], [3490.9, 24807.0], [3490.95, 16546.0], [3491.0, 15000.0], [3491.1, 29798.0], [3491.15, 50000.0], [3491.2, 2030.0], [3491.25, 45713.0], [3491.35, 82368.0], [3491.45, 754.0], [3491.55, 2202.0], [3491.6, 7378.0]]}}}
{"jsonrpc": "2.0", "method": "subscription", "params": {"channel": "book.ETH-PERPETUAL.none.20.100ms", "data": {"timestamp": 1762251255962, "change_id": 94913502137, "instrument_name": "ETH-PERPETUAL", "bids": [[3489.8, 4547.0], [3489.75, 256.0], [3489.65, 13800.0], [3489.6, 25000.0], [3489.5, 256.0], [3489.2, 19994.0], [3489.15, 4149.0], [3489.1, 13800.0], [3489.0, 2190.0], [3488.95, 7338.0], [3488.8, 2507.0], [3488.75, 7338.0], [3488.7, 2373.0], [3488.65, 50000.0], [3488.6, 7949.0], [3488.55, 8159.0], [3488.5, 19987.0], [3488.45, 7346.0], [3488.35, 11248.0], [3488.3, 25661.0]], "asks": [[3489.85, 26915.0], [3490.35, 90.0], [3490.4, 26500.0], [3490.5, 25000.0], [3490.55, 8239.0], [3490.6, 13800.0], [3490.65, 31289.0], [3490.7, 18590.0], [3490.75, 40000.0], [3490.85, 10611.0], [3490.9, 24807.0], [3490.95, 28452.0], [3491.0, 15000.0], [3491.1, 65278.0], [3491.2, 2030.0], [3491.25, 19213.0], [3491.35, 82368.0], [3491.45, 754.0], [3491.55, 2202.0], [3491.6, 7378.0]]}}}
{"jsonrpc": "2.0", "method": "subscription", "params": {"channel": "book.ETH-PERPETUAL.none.20.100ms", "data": {"timestamp": 1762251256231, "change_id": 94913502609, "instrument_name": "ETH-PERPETUAL", "bids": [[3489.8, 4627.0], [3489.75, 256.0], [3489.6, 25000.0], [3489.5, 256.0], [3489.2, 19994.0], [3489.15, 4149.0], [3489.1, 13800.0], [3489.0, 2190.0], [3488.95, 7338.0], [3488.8, 2507.0], [3488.75, 7338.0], [3488.7, 2373.0], [3488.65, 50000.0], [3488.6, 7949.0], [3488.55, 8159.0], [3488.5, 19987.0], [3488.45, 7346.0], [3488.35, 11248.0], [3488.3, 25661.0], [3488.25, 2193.0]], "asks": [[3489.85, 26915.0], [3490.2, 7489.0], [3490.25, 25000.0], [3490.35, 8000.0], [3490.4, 26500.0], [3490.55, 8239.0], [3490.6, 13800.0], [3490.65, 31289.0], [3490.7, 18590.0], [3490.75, 40000.0], [3490.85, 10611.0], [3490.9, 24807.0], [3490.95, 28452.0], [3491.0, 15000.0], [3491.1, 65278.0], [3491.2, 2030.0], [3491.25, 19213.0], [3491.35, 82368.0], [3491.45, 754.0], [3491.55, 2202.0]]}}}
{"jsonrpc": "2.0", "method": "subscription", "params": {"channel": "book.ETH-PERPETUAL.none.20.100ms", "data": {"timestamp": 1762251256626, "change_id": 94913503043, "instrument_name": "ETH-PERPETUAL", "bids": [[3489.8, 4547.0], [3489.75, 256.0], [3489.6, 25000.0], [3489.5, 256.0], [3489.2, 19994.0], [3489.0, 2190.0], [3488.95, 7338.0], [3488.8, 2507.0], [3488.75, 7338.0], [3488.7, 2373.0], [3488.6, 7949.0], [3488.55, 8159.0], [3488.5, 19986.0], [3488.45, 7346.0], [3488.4, 1.0], [3488.35, 11248.0], [3488.3, 25661.0], [3488.25, 2193.0], [3488.15, 7346.0], [3488.1, 1356.0]], "asks": [[3489.85, 27005.0], [3490.1, 8985.0], [3490.15, 13800.0], [3490.2, 23789.0], [3490.25, 25000.0], [3490.35, 7910.0], [3490.4, 26500.0], [3490.55, 8239.0], [3490.6, 13800.0], [3490.65, 43978.0], [3490.7, 18590.0], [3490.75, 40000.0], [3490.8, 55658.0], [3490.9, 11007.0], [3490.95, 16546.0], [3491.0, 15000.0], [3491.1, 7368.0], [3491.2, 2030.0], [3491.25, 19213.0], [3491.35, 82368.0]]}}}
{"jsonrpc": "2.0", "method": "subscription", "params": {"channel": "book.ETH-PERPETUAL.none.20.100ms", "data": {"timestamp": 1762251256962, "change_id": 94913504686, "instrument_name": "ETH-PERPETUAL", "bids": [[3489.0, 16170.0], [3488.75, 5968.0], [3488.55, 33952.0], [3488.5, 256.0], [3488.45, 50000.0], [3488.4, 2374.0], [3488.25, 16180.0], [3488.2, 19986.0], [3488.15, 7346.0], [3488.1, 1356.0], [3488.05, 1398.0], [3488.0, 90.0], [3487.95, 7317.0], [3487.9, 7356.0], [3487.85, 21248.0], [3487.75, 2194.0], [3487.7, 7351.0], [3487.6, 45217.0], [3487.55, 181468.0], [3487.5, 10148.0]], "asks": [[3489.05, 27097.0], [3489.7, 3486.0], [3489.75, 24414.0], [3489.8, 14621.0], [3489.85, 25371.0], [3490.0, 11503.0], [3490.05, 40300.0], [3490.1, 6492.0], [3490.15, 13800.0], [3490.2, 7949.0], [3490.25, 2201.0], [3490.3, 7375.0], [3490.55, 5794.0], [3490.6, 21175.0], [3490.65, 23329.0], [3490.7, 68590.0], [3490.75, 15000.0], [3490.8, 56730.0], [3490.9, 7340.0], [3490.95, 183667.0]]}}}
