{"jsonrpc": "2.0", "id": 1, "result": ["book.ETH-PERPETUAL.none.20.100ms"], "usIn": 1772829587435531, "usOut": 1772829587435723, "usDiff": 192, "testnet": false}
{"jsonrpc": "2.0", "method": "subscription", "params": {"channel": "book.ETH-PERPETUAL.none.20.100ms", "data": {"timestamp": 1772829587343, "change_id": 112302855546, "instrument_name": "ETH-PERPETUAL", "bids": [[1976.9, 7131.0], [1976.7, 11435.0], [1976.65, 5500.0], [1976.6, 4592.0], [1976.55, 6819.0], [1976.5, 1.0], [1976.45, 2000.0], [1976.4, 3002.0], [1976.35, 4826.0], [1976.3, 2000.0], [1976.25, 2044.0], [1976.2, 6849.0], [1976.1, 6341.0], [1976.0, 13975.0], [1975.95, 2000.0], [1975.9, 3836.0], [1975.85, 4999.0], [1975.8, 2879.0], [1975.75, 19993.0], [1975.7, 4233.0]], "asks": [[1976.95, 17547.0], [1977.2, 1859.0], [1977.25, 6220.0], [1977.3, 8.0], [1977.5, 77.0], [1977.55, 3124.0], [1977.6, 12737.0], [1977.65, 2049.0], [1977.7, 6863.0], [1977.8, 10504.0], [1977.85, 42801.0], [1977.9, 2852.0], [1977.95, 640.0], [1978.0, 60.0], [1978.05, 2852.0], [1978.2, 19327.0], [1978.25, 27029.0], [1978.3, 2849.0], [1978.4, 2999.0], [1978.45, 10047.0]]}}}
{"jsonrpc": "2.0", "method": "subscription", "params": {"channel": "book.ETH-PERPETUAL.none.20.100ms", "data": {"timestamp": 1772829587562, "change_id": 112302855778, "instrument_name": "ETH-PERPETUAL", "bids": [[1976.9, 7131.0], [1976.7, 11435.0], [1976.65, 5500.0], [1976.6, 4592.0], [1976.55, 6819.0], [1976.5, 1.0], [1976.45, 2000.0], [1976.4, 3002.0], [1976.35, 4826.0], [1976.3, 2000.0], [1976.25, 2044.0], [1976.2, 6849.0], [1976.1, 6341.0], [1976.0, 13975.0], [1975.95, 2000.0], [1975.9, 6835.0], [1975.85, 2000.0], [1975.8, 2879.0], [1975.75, 19993.0], [1975.7, 4233.0]], "asks": [[1976.95, 17854.0], [1977.2, 1859.0], [1977.25, 6220.0], [1977.3, 8.0], [1977.5, 77.0], [1977.55, 123.0], [1977.6, 12737.0], [1977.65, 5051.0], [1977.7, 6863.0], [1977.8, 10504.0], [1977.85, 42801.0], [1977.9, 2852.0], [1977.95, 640.0], [1978.0, 60.0], [1978.05, 2852.0], [1978.2, 19327.0], [1978.25, 27029.0], [1978.3, 2849.0], [1978.4, 2999.0], [1978.45, 10047.0]]}}}
{"jsonrpc": "2.0", "method": "subscription", "params": {"channel": "book.ETH-PERPETUAL.none.20.100ms", "data": {"timestamp": 1772829587906, "change_id": 112302856309, "instrument_name": "ETH-PERPETUAL", "bids": [[1976.9, 23631.0], [1976.7, 30.0], [1976.6, 4592.0], [1976.55, 6819.0], [1976.5, 1.0], [1976.45, 2000.0], [1976.4, 3002.0], [1976.35, 4826.0], [1976.3, 2000.0], [1976.25, 2044.0], [1976.2, 6849.0], [1976.1, 6341.0], [1976.05, 2999.0], [1976.0, 13975.0], [1975.95, 2000.0], [1975.9, 25985.0], [1975.85, 2000.0], [1975.8, 2879.0], [1975.7, 22000.0], [1975.65, 2000.0]], "asks": [[1976.95, 4221.0], [1977.1, 538.0], [1977.15, 1642.0], [1977.2, 7359.0], [1977.25, 6220.0], [1977.3, 8.0], [1977.5, 77.0], [1977.55, 123.0], [1977.6, 12737.0], [1977.65, 2049.0], [1977.7, 6863.0], [1977.8, 5853.0], [1977.85, 5000.0], [1977.9, 2852.0], [1978.0, 37861.0], [1978.05, 2852.0], [1978.2, 19327.0], [1978.25, 27029.0], [1978.3, 2849.0], [1978.4, 2999.0]]}}}
{"jsonrpc": "2.0", "method": "subscription", "params": {"channel": "book.ETH-PERPETUAL.none.20.100ms", "data": {"timestamp": 1772829588234, "change_id": 112302856698, "instrument_name": "ETH-PERPETUAL", "bids": [[1976.9, 23631.0], [1976.7, 30.0], [1976.6, 4592.0], [1976.55, 6819.0], [1976.5, 1.0], [1976.45, 2000.0], [1976.4, 3002.0], [1976.35, 4826.0], [1976.3, 2000.0], [1976.25, 2044.0], [1976.2, 6849.0], [1976.1, 6341.0], [1976.05, 2999.0], [1976.0, 13975.0], [1975.95, 2000.0], [1975.9, 5992.0], [1975.85, 21993.0], [1975.8, 2879.0], [1975.7, 4233.0], [1975.65, 19767.0]], "asks": [[1976.95, 3812.0], [1977.1, 538.0], [1977.15, 1642.0], [1977.2, 7359.0], [1977.25, 6220.0], [1977.3, 8.0], [1977.5, 77.0], [1977.55, 123.0], [1977.6, 12737.0], [1977.65, 2049.0], [1977.7, 6863.0], [1977.8, 5852.0], [1977.85, 22787.0], [1977.9, 2852.0], [1978.0, 20074.0], [1978.05, 2852.0], [1978.2, 19327.0], [1978.25, 27029.0], [1978.3, 2849.0], [1978.4, 2999.0]]}}}
{"jsonrpc": "2.0", "method": "subscription", "params": {"channel": "book.ETH-PERPETUAL.none.20.100ms", "data": {"timestamp": 1772829588565, "change_id": 112302857190, "instrument_name": "ETH-PERPETUAL", "bids": [[1976.9, 23671.0], [1976.7, 586.0], [1976.6, 4036.0], [1976.55, 6819.0], [1976.5, 1.0], [1976.45, 2000.0], [1976.4, 3002.0], [1976.35, 4826.0], [1976.3, 2000.0], [1976.25, 5043.0], [1976.2, 6849.0], [1976.1, 6341.0], [1976.0, 13975.0], [1975.95, 21993.0], [1975.9, 5992.0], [1975.85, 2000.0], [1975.8, 2839.0], [1975.7, 4233.0], [1975.65, 19767.0], [1975.6, 2000.0]], "asks": [[1976.95, 2233.0], [1977.15, 1642.0], [1977.2, 5500.0], [1977.25, 1420.0], [1977.3, 8.0], [1977.5, 77.0], [1977.55, 123.0], [1977.6, 2849.0], [1977.65, 2049.0], [1977.7, 6863.0], [1977.8, 2851.0], [1977.9, 2852.0], [1977.95, 3002.0], [1978.0, 17847.0], [1978.05, 2852.0], [1978.1, 9891.0], [1978.15, 20014.0], [1978.2, 11768.0], [1978.25, 27029.0], [1978.3, 2849.0]]}}}
{"jsonrpc": "2.0", "method": "subscription", "params": {"channel": "book.ETH-PERPETUAL.none.20.100ms", "data": {"timestamp": 1772829588897, "change_id": 112302858201, "instrument_name": "ETH-PERPETUAL", "bids": [[1976.9, 24227.0], [1976.7, 30.0], [1976.6, 2000.0], [1976.5, 1701.0], [1976.45, 4999.0], [1976.4, 3002.0], [1976.35, 4826.0], [1976.3, 2700.0], [1976.25, 2044.0], [1976.2, 7849.0], [1976.15, 19993.0], [1976.1, 2836.0], [1976.0, 14635.0], [1975.95, 2000.0], [1975.9, 4292.0], [1975.85, 19767.0], [1975.8, 2839.0], [1975.7, 9233.0], [1975.65, 2000.0], [1975.6, 2000.0]], "asks": [[1976.95, 1038.0], [1977.3, 8.0], [1977.4, 2203.0], [1977.45, 5500.0], [1977.5, 77.0], [1977.55, 3.0], [1977.6, 4276.0], [1977.7, 2850.0], [1977.8, 2851.0], [1977.9, 2852.0], [1978.0, 4073.0], [1978.05, 2852.0], [1978.15, 20789.0], [1978.2, 31782.0], [1978.25, 27029.0], [1978.3, 2849.0], [1978.35, 5000.0], [1978.45, 2849.0], [1978.5, 1106.0], [1978.55, 2849.0]]}}}
{"jsonrpc": "2.0", "method": "subscription", "params": {"channel": "book.ETH-PERPETUAL.none.20.100ms", "data": {"timestamp": 1772829589216, "change_id": 112302859378, "instrument_name": "ETH-PERPETUAL", "bids": [[1977.25, 18155.0], [1977.2, 2000.0], [1977.05, 556.0], [1976.95, 3323.0], [1976.9, 15951.0], [1976.75, 697.0], [1976.7, 2874.0], [1976.65, 1449.0], [1976.6, 4854.0], [1976.5, 4656.0], [1976.45, 4854.0], [1976.4, 2305.0], [1976.35, 2660.0], [1976.3, 5554.0], [1976.25, 2343.0], [1976.2, 14703.0], [1976.15, 19993.0], [1976.1, 2836.0], [1976.05, 8737.0], [1976.0, 31742.0]], "asks": [[1977.3, 5037.0], [1977.35, 2000.0], [1977.5, 77.0], [1977.55, 3.0], [1977.6, 538.0], [1977.7, 8350.0], [1977.8, 2851.0], [1977.85, 1427.0], [1977.9, 2852.0], [1978.0, 60.0], [1978.05, 2852.0], [1978.1, 9891.0], [1978.15, 1746.0], [1978.2, 21031.0], [1978.25, 51056.0], [1978.3, 20636.0], [1978.4, 2343.0], [1978.45, 7849.0], [1978.5, 1106.0], [1978.55, 2849.0]]}}}
{"jsonrpc": "2.0", "method": "subscription", "params": {"channel": "book.ETH-PERPETUAL.none.20.100ms", "data": {"timestamp": 1772829589557, "change_id": 112302859853, "instrument_name": "ETH-PERPETUAL", "bids": [[1977.25, 9155.0], [1977.1, 2852.0], [1977.05, 9556.0], [1976.95, 3323.0], [1976.9, 15951.0], [1976.75, 697.0], [1976.7, 2874.0], [1976.65, 1449.0], [1976.6, 4854.0], [1976.5, 1657.0], [1976.45, 4854.0], [1976.4, 5304.0], [1976.35, 2660.0], [1976.3, 5554.0], [1976.25, 2355.0], [1976.2, 14703.0], [1976.15, 19993.0], [1976.1, 2836.0], [1976.05, 3938.0], [1976.0, 13975.0]], "asks": [[1977.3, 6631.0], [1977.35, 2000.0], [1977.5, 615.0], [1977.55, 3.0], [1977.7, 8350.0], [1977.8, 2851.0], [1977.85, 1427.0], [1977.9, 2852.0], [1978.0, 60.0], [1978.05, 2852.0], [1978.1, 12892.0], [1978.2, 18030.0], [1978.25, 51056.0], [1978.3, 21276.0], [1978.4, 2343.0], [1978.45, 7849.0], [1978.5, 1106.0], [1978.55, 2849.0], [1978.6, 120.0], [1978.7, 7848.0]]}}}
{"jsonrpc": "2.0", "method": "subscription", "params": {"channel": "book.ETH-PERPETUAL.none.20.100ms", "data": {"timestamp": 1772829589876, "change_id": 112302860765, "instrument_name": "ETH-PERPETUAL", "bids": [[1977.05, 5500.0], [1976.95, 3323.0], [1976.9, 11983.0], [1976.85, 9000.0], [1976.8, 556.0], [1976.75, 697.0], [1976.7, 2874.0], [1976.65, 1449.0], [1976.6, 4854.0], [1976.5, 1657.0], [1976.45, 4854.0], [1976.4, 2305.0], [1976.35, 2000.0], [1976.3, 5554.0], [1976.25, 2355.0], [1976.2, 8929.0], [1976.15, 2999.0], [1976.1, 11248.0], [1976.0, 26276.0], [1975.95, 2000.0]], "asks": [[1977.1, 15100.0], [1977.15, 2000.0], [1977.2, 2538.0], [1977.3, 1921.0], [1977.35, 2000.0], [1977.5, 77.0], [1977.55, 3.0], [1977.65, 1426.0], [1977.7, 2850.0], [1977.75, 5000.0], [1977.8, 2851.0], [1977.85, 3002.0], [1977.9, 2852.0], [1978.0, 60.0], [1978.05, 20639.0], [1978.1, 29905.0], [1978.2, 11768.0], [1978.25, 31042.0], [1978.3, 7849.0], [1978.45, 2849.0]]}}}
{"jsonrpc": "2.0", "method": "subscription", "params": {"channel": "book.ETH-PERPETUAL.none.20.100ms", "data": {"timestamp": 1772829590216, "change_id": 112302861477, "instrument_name": "ETH-PERPETUAL", "bids": [[1976.9, 21631.0], [1976.8, 2252.0], [1976.75, 8072.0], [1976.7, 30.0], [1976.65, 1449.0], [1976.6, 4854.0], [1976.5, 1657.0], [1976.45, 4854.0], [1976.4, 2305.0], [1976.35, 4843.0], [1976.3, 4854.0], [1976.25, 2355.0], [1976.2, 9933.0], [1976.15, 10496.0], [1976.1, 11128.0], [1976.0, 27276.0], [1975.95, 2000.0], [1975.9, 4292.0], [1975.85, 2040.0], [1975.8, 8991.0]], "asks": [[1976.95, 6800.0], [1977.05, 2121.0], [1977.1, 9173.0], [1977.15, 2000.0], [1977.2, 2538.0], [1977.3, 1057.0], [1977.35, 2000.0], [1977.4, 1941.0], [1977.45, 5000.0], [1977.5, 1503.0], [1977.55, 3.0], [1977.6, 2854.0], [1977.7, 2850.0], [1977.8, 4789.0], [1977.85, 3001.0], [1977.9, 3492.0], [1978.0, 13982.0], [1978.05, 40653.0], [1978.1, 9891.0], [1978.2, 11768.0]]}}}
{"jsonrpc": "2.0", "method": "subscription", "params": {"channel": "book.ETH-PERPETUAL.none.20.100ms", "data": {"timestamp": 1772829590547, "change_id": 112302862250, "instrument_name": "ETH-PERPETUAL", "bids": [[1976.9, 7131.0], [1976.7, 30.0], [1976.65, 9000.0], [1976.6, 8056.0], [1976.5, 1657.0], [1976.45, 4854.0], [1976.4, 2305.0], [1976.35, 4843.0], [1976.3, 4854.0], [1976.25, 2355.0], [1976.2, 6849.0], [1976.1, 4579.0], [1976.0, 6283.0], [1975.95, 2700.0], [1975.9, 5300.0], [1975.85, 5039.0], [1975.8, 10655.0], [1975.75, 19993.0], [1975.7, 4233.0], [1975.65, 2000.0]], "asks": [[1976.95, 9835.0], [1977.1, 3146.0], [1977.15, 2000.0], [1977.2, 2000.0], [1977.3, 1803.0], [1977.35, 6013.0], [1977.4, 1941.0], [1977.45, 5000.0], [1977.5, 1503.0], [1977.55, 3806.0], [1977.6, 14489.0], [1977.65, 3001.0], [1977.7, 2850.0], [1977.8, 15708.0], [1977.85, 42801.0], [1977.9, 3492.0], [1978.0, 60.0], [1978.05, 2852.0], [1978.2, 11768.0], [1978.25, 27029.0]]}}}
{"jsonrpc": "2.0", "method": "subscription", "params": {"channel": "book.ETH-PERPETUAL.none.20.100ms", "data": {"timestamp": 1772829590878, "change_id": 112302863761, "instrument_name": "ETH-PERPETUAL", "bids": [[1976.9, 6581.0], [1976.7, 30.0], [1976.4, 9000.0], [1976.35, 5500.0], [1976.3, 2000.0], [1976.1, 3726.0], [1976.0, 7505.0], [1975.95, 2000.0], [1975.9, 8305.0], [1975.85, 2040.0], [1975.8, 2839.0], [1975.7, 6055.0], [1975.65, 9358.0], [1975.6, 3000.0], [1975.5, 2842.0], [1975.45, 8967.0], [1975.4, 19993.0], [1975.35, 2839.0], [1975.3, 6564.0], [1975.25, 20610.0]], "asks": [[1976.95, 28947.0], [1977.05, 2951.0], [1977.1, 11241.0], [1977.15, 2000.0], [1977.2, 7988.0], [1977.25, 5000.0], [1977.3, 6803.0], [1977.35, 6013.0], [1977.4, 5758.0], [1977.45, 17787.0], [1977.5, 1503.0], [1977.55, 6829.0], [1977.6, 22868.0], [1977.7, 2850.0], [1977.8, 3893.0], [1977.9, 2852.0], [1978.0, 60.0], [1978.05, 2852.0], [1978.2, 11768.0], [1978.25, 27029.0]]}}}
{"jsonrpc": "2.0", "method": "subscription", "params": {"channel": "book.ETH-PERPETUAL.none.20.100ms", "data": {"timestamp": 1772829591211, "change_id": 112302864890, "instrument_name": "ETH-PERPETUAL", "bids": [[1976.7, 30.0], [1976.3, 2000.0], [1976.25, 3384.0], [1976.2, 10808.0], [1976.15, 5500.0], [1976.1, 556.0], [1976.05, 1023.0], [1976.0, 7010.0], [1975.95, 2000.0], [1975.9, 2854.0], [1975.85, 2040.0], [1975.75, 1296.0], [1975.7, 9206.0], [1975.65, 6013.0], [1975.6, 4854.0], [1975.5, 2842.0], [1975.45, 5621.0], [1975.4, 8783.0], [1975.35, 2839.0], [1975.3, 7229.0]], "asks": [[1976.75, 57298.0], [1976.9, 1272.0], [1976.95, 4061.0], [1977.0, 6820.0], [1977.05, 2951.0], [1977.1, 11241.0], [1977.15, 5002.0], [1977.2, 2000.0], [1977.25, 10978.0], [1977.3, 43375.0], [1977.35, 11013.0], [1977.4, 2854.0], [1977.45, 639.0], [1977.5, 77.0], [1977.55, 3.0], [1977.6, 2854.0], [1977.7, 2850.0], [1977.8, 3893.0], [1977.9, 2852.0], [1977.95, 599.0]]}}}
{"jsonrpc": "2.0", "method": "subscription", "params": {"channel": "book.ETH-PERPETUAL.none.20.100ms", "data": {"timestamp": 1772829591537, "change_id": 112302865414, "instrument_name": "ETH-PERPETUAL", "bids": [[1976.7, 30.0], [1976.2, 10808.0], [1976.15, 5500.0], [1976.1, 556.0], [1976.05, 1023.0], [1976.0, 7010.0], [1975.95, 3427.0], [1975.9, 4270.0], [1975.85, 2040.0], [1975.8, 696.0], [1975.75, 1296.0], [1975.7, 9206.0], [1975.65, 6013.0], [1975.6, 4854.0], [1975.5, 2842.0], [1975.45, 5621.0], [1975.4, 8929.0], [1975.35, 2839.0], [1975.3, 8229.0], [1975.25, 22836.0]], "asks": [[1976.75, 59542.0], [1976.9, 3085.0], [1976.95, 2287.0], [1977.0, 6820.0], [1977.05, 2951.0], [1977.1, 11241.0], [1977.15, 5001.0], [1977.2, 13712.0], [1977.3, 43375.0], [1977.35, 11013.0], [1977.4, 2854.0], [1977.45, 639.0], [1977.5, 77.0], [1977.55, 3.0], [1977.6, 2854.0], [1977.7, 2850.0], [1977.8, 3893.0], [1977.9, 2852.0], [1977.95, 599.0], [1978.0, 3896.0]]}}}
{"jsonrpc": "2.0", "method": "subscription", "params": {"channel": "book.ETH-PERPETUAL.none.20.100ms", "data": {"timestamp": 1772829591871, "change_id": 112302866352, "instrument_name": "ETH-PERPETUAL", "bids": [[1976.15, 7500.0], [1976.0, 13020.0], [1975.95, 2000.0], [1975.9, 556.0], [1975.85, 2040.0], [1975.8, 696.0], [1975.75, 1296.0], [1975.7, 9206.0], [1975.65, 6013.0], [1975.6, 6270.0], [1975.5, 2842.0], [1975.4, 1146.0], [1975.35, 2839.0], [1975.3, 2446.0], [1975.25, 5842.0], [1975.2, 8817.0], [1975.1, 24536.0], [1975.05, 2000.0], [1975.0, 8751.0], [1974.9, 21214.0]], "asks": [[1976.2, 19661.0], [1976.4, 1642.0], [1976.45, 538.0], [1976.55, 1433.0], [1976.6, 4800.0], [1976.65, 77.0], [1976.7, 7752.0], [1976.75, 20356.0], [1976.85, 2854.0], [1976.9, 3085.0], [1976.95, 5001.0], [1977.0, 9674.0], [1977.05, 7883.0], [1977.1, 34668.0], [1977.15, 2000.0], [1977.2, 7977.0], [1977.25, 20014.0], [1977.3, 4147.0], [1977.35, 11013.0], [1977.4, 2854.0]]}}}
{"jsonrpc": "2.0", "method": "subscription", "params": {"channel": "book.ETH-PERPETUAL.none.20.100ms", "data": {"timestamp": 1772829592205, "change_id": 112302867970, "instrument_name": "ETH-PERPETUAL", "bids": [[1976.0, 5500.0], [1975.8, 10696.0], [1975.75, 1296.0], [1975.7, 6920.0], [1975.65, 2000.0], [1975.6, 7697.0], [1975.5, 2842.0], [1975.45, 1198.0], [1975.4, 5756.0], [1975.35, 2839.0], [1975.3, 4445.0], [1975.25, 2843.0], [1975.2, 2000.0], [1975.1, 4543.0], [1975.05, 3000.0], [1975.0, 9416.0], [1974.95, 19993.0], [1974.9, 3447.0], [1974.85, 4847.0], [1974.8, 6579.0]], "asks": [[1976.05, 12300.0], [1976.2, 2100.0], [1976.3, 538.0], [1976.45, 2545.0], [1976.6, 1428.0], [1976.7, 5559.0], [1976.75, 7320.0], [1976.85, 2854.0], [1976.9, 6596.0], [1976.95, 2000.0], [1977.0, 23643.0], [1977.05, 8210.0], [1977.1, 31946.0], [1977.15, 4854.0], [1977.2, 2000.0], [1977.25, 2347.0], [1977.3, 10509.0], [1977.35, 6013.0], [1977.4, 2854.0], [1977.45, 639.0]]}}}
{"jsonrpc": "2.0", "method": "subscription", "params": {"channel": "book.ETH-PERPETUAL.none.20.100ms", "data": {"timestamp": 1772829592534, "change_id": 112302868843, "instrument_name": "ETH-PERPETUAL", "bids": [[1975.8, 18336.0], [1975.75, 2930.0], [1975.7, 11763.0], [1975.65, 2000.0], [1975.6, 2000.0], [1975.5, 2842.0], [1975.45, 1198.0], [1975.4, 4013.0], [1975.35, 2839.0], [1975.3, 1446.0], [1975.25, 5686.0], [1975.2, 2000.0], [1975.15, 3837.0], [1975.1, 15302.0], [1975.05, 3000.0], [1975.0, 9416.0], [1974.95, 19993.0], [1974.9, 3447.0], [1974.85, 4847.0], [1974.8, 6539.0]], "asks": [[1975.85, 1800.0], [1976.05, 2000.0], [1976.2, 2100.0], [1976.25, 1802.0], [1976.3, 6038.0], [1976.4, 1428.0], [1976.45, 200.0], [1976.5, 2854.0], [1976.7, 5559.0], [1976.75, 7220.0], [1976.8, 1748.0], [1976.85, 5856.0], [1976.9, 1449.0], [1976.95, 2000.0], [1977.0, 15948.0], [1977.05, 37801.0], [1977.1, 11932.0], [1977.15, 4854.0], [1977.2, 2000.0], [1977.3, 6663.0]]}}}
{"jsonrpc": "2.0", "method": "subscription", "params": {"channel": "book.ETH-PERPETUAL.none.20.100ms", "data": {"timestamp": 1772829592864, "change_id": 112302869426, "instrument_name": "ETH-PERPETUAL", "bids": [[1975.8, 17640.0], [1975.75, 2930.0], [1975.7, 11763.0], [1975.65, 2000.0], [1975.6, 2000.0], [1975.5, 2842.0], [1975.45, 1198.0], [1975.4, 4013.0], [1975.35, 2839.0], [1975.3, 1446.0], [1975.25, 5686.0], [1975.2, 2000.0], [1975.15, 4537.0], [1975.1, 15302.0], [1975.05, 3000.0], [1975.0, 9416.0], [1974.95, 19993.0], [1974.9, 4107.0], [1974.85, 4847.0], [1974.8, 6539.0]], "asks": [[1975.85, 1800.0], [1976.05, 2000.0], [1976.2, 2000.0], [1976.25, 1802.0], [1976.3, 6038.0], [1976.4, 1428.0], [1976.45, 100.0], [1976.5, 2854.0], [1976.7, 5559.0], [1976.75, 7220.0], [1976.8, 1748.0], [1976.85, 2854.0], [1976.9, 10240.0], [1976.95, 2000.0], [1977.0, 31793.0], [1977.05, 17787.0], [1977.1, 11932.0], [1977.15, 4854.0], [1977.2, 2000.0], [1977.3, 6663.0]]}}}
{"jsonrpc": "2.0", "method": "subscription", "params": {"channel": "book.ETH-PERPETUAL.none.20.100ms", "data": {"timestamp": 1772829593198, "change_id": 112302870286, "instrument_name": "ETH-PERPETUAL", "bids": [[1976.1, 5643.0], [1975.85, 3594.0], [1975.8, 12040.0], [1975.75, 2930.0], [1975.7, 11763.0], [1975.65, 2000.0], [1975.6, 4843.0], [1975.55, 1056.0], [1975.5, 3538.0], [1975.45, 1198.0], [1975.4, 4013.0], [1975.35, 2839.0], [1975.3, 1559.0], [1975.25, 2843.0], [1975.2, 12572.0], [1975.15, 700.0], [1975.1, 4543.0], [1975.05, 3000.0], [1975.0, 9613.0], [1974.95, 19993.0]], "asks": [[1976.15, 12100.0], [1976.2, 2993.0], [1976.3, 538.0], [1976.5, 2854.0], [1976.7, 5559.0], [1976.75, 8648.0], [1976.85, 2854.0], [1976.9, 1449.0], [1976.95, 5002.0], [1977.0, 15948.0], [1977.05, 17787.0], [1977.1, 31946.0], [1977.15, 4854.0], [1977.2, 2000.0], [1977.3, 6663.0], [1977.35, 6013.0], [1977.4, 7854.0], [1977.45, 639.0], [1977.5, 77.0], [1977.55, 1034.0]]}}}
{"jsonrpc": "2.0", "method": "subscription", "params": {"channel": "book.ETH-PERPETUAL.none.20.100ms", "data": {"timestamp": 1772829593524, "change_id": 112302871039, "instrument_name": "ETH-PERPETUAL", "bids": [[1976.1, 17005.0], [1976.05, 2000.0], [1975.85, 556.0], [1975.8, 2140.0], [1975.75, 2930.0], [1975.7, 11207.0], [1975.65, 2000.0], [1975.6, 4843.0], [1975.55, 1056.0], [1975.5, 3538.0], [1975.45, 1198.0], [1975.4, 5756.0], [1975.35, 2839.0], [1975.3, 7216.0], [1975.25, 2843.0], [1975.2, 9573.0], [1975.15, 7517.0], [1975.1, 24536.0], [1975.05, 3000.0], [1975.0, 2851.0]], "asks": [[1976.15, 7780.0], [1976.2, 2000.0], [1976.35, 1642.0], [1976.4, 5500.0], [1976.45, 1013.0], [1976.5, 3392.0], [1976.65, 1278.0], [1976.7, 6987.0], [1976.75, 7220.0], [1976.85, 2854.0], [1976.9, 1449.0], [1976.95, 2000.0], [1977.0, 6701.0], [1977.1, 26059.0], [1977.15, 42655.0], [1977.2, 2000.0], [1977.3, 8781.0], [1977.35, 13603.0], [1977.4, 7854.0], [1977.45, 639.0]]}}}
{"jsonrpc": "2.0", "method": "subscription", "params": {"channel": "book.ETH-PERPETUAL.none.20.100ms", "data": {"timestamp": 1772829593847, "change_id": 112302871862, "instrument_name": "ETH-PERPETUAL", "bids": [[1976.1, 22401.0], [1976.05, 2000.0], [1975.8, 2100.0], [1975.75, 2930.0], [1975.7, 11207.0], [1975.65, 2000.0], [1975.6, 4843.0], [1975.55, 1951.0], [1975.5, 6537.0], [1975.45, 1198.0], [1975.4, 4013.0], [1975.35, 2839.0], [1975.3, 4217.0], [1975.25, 2843.0], [1975.2, 16598.0], [1975.15, 20693.0], [1975.1, 4543.0], [1975.05, 3000.0], [1975.0, 8948.0], [1974.95, 17767.0]], "asks": [[1976.15, 1800.0], [1976.35, 1642.0], [1976.4, 5500.0], [1976.45, 1013.0], [1976.5, 2854.0], [1976.55, 538.0], [1976.65, 1278.0], [1976.7, 4282.0], [1976.75, 2220.0], [1976.8, 2344.0], [1976.85, 7854.0], [1976.9, 1449.0], [1976.95, 2000.0], [1977.0, 2854.0], [1977.1, 2046.0], [1977.15, 4854.0], [1977.2, 14161.0], [1977.25, 17787.0], [1977.3, 28819.0], [1977.35, 2000.0]]}}}
{"jsonrpc": "2.0", "method": "subscription", "params": {"channel": "book.ETH-PERPETUAL.none.20.100ms", "data": {"timestamp": 1772829594177, "change_id": 112302872618, "instrument_name": "ETH-PERPETUAL", "bids": [[1976.3, 5500.0], [1976.15, 3163.0], [1976.1, 10596.0], [1976.05, 2000.0], [1975.8, 4696.0], [1975.75, 2843.0], [1975.7, 7245.0], [1975.65, 2000.0], [1975.6, 2000.0], [1975.55, 2160.0], [1975.5, 7237.0], [1975.45, 1198.0], [1975.4, 4013.0], [1975.35, 2839.0], [1975.3, 4217.0], [1975.25, 4503.0], [1975.2, 16390.0], [1975.15, 19993.0], [1975.1, 4543.0], [1975.05, 2000.0]], "asks": [[1976.35, 10462.0], [1976.4, 2000.0], [1976.55, 538.0], [1976.65, 1278.0], [1976.7, 4282.0], [1976.75, 2220.0], [1976.85, 2854.0], [1976.9, 1449.0], [1976.95, 2000.0], [1977.0, 6850.0], [1977.05, 4013.0], [1977.1, 17645.0], [1977.15, 4854.0], [1977.2, 28842.0], [1977.25, 17787.0], [1977.3, 8805.0], [1977.35, 2000.0], [1977.4, 7854.0], [1977.45, 639.0], [1977.5, 3130.0]]}}}
{"jsonrpc": "2.0", "method": "subscription", "params": {"channel": "book.ETH-PERPETUAL.none.20.100ms", "data": {"timestamp": 1772829594513, "change_id": 112302873411, "instrument_name": "ETH-PERPETUAL", "bids": [[1976.3, 5500.0], [1976.1, 3622.0], [1976.05, 12000.0], [1975.9, 556.0], [1975.8, 4696.0], [1975.75, 2843.0], [1975.7, 7245.0], [1975.65, 2000.0], [1975.6, 2000.0], [1975.55, 1265.0], [1975.5, 5631.0], [1975.45, 2999.0], [1975.4, 4013.0], [1975.35, 2839.0], [1975.3, 4217.0], [1975.25, 3843.0], [1975.2, 16390.0], [1975.15, 19993.0], [1975.1, 4543.0], [1975.05, 2000.0]], "asks": [[1976.35, 10737.0], [1976.4, 2000.0], [1976.55, 538.0], [1976.65, 1278.0], [1976.7, 4282.0], [1976.75, 2220.0], [1976.8, 2344.0], [1976.85, 7854.0], [1976.9, 1449.0], [1976.95, 2000.0], [1977.0, 7003.0], [1977.05, 4013.0], [1977.1, 17241.0], [1977.15, 25643.0], [1977.2, 9725.0], [1977.25, 20014.0], [1977.3, 5803.0], [1977.35, 2000.0], [1977.4, 7854.0], [1977.45, 639.0]]}}}
{"jsonrpc": "2.0", "method": "subscription", "params": {"channel": "book.ETH-PERPETUAL.none.20.100ms", "data": {"timestamp": 1772829594845, "change_id": 112302874018, "instrument_name": "ETH-PERPETUAL", "bids": [[1976.3, 5500.0], [1976.1, 3622.0], [1976.05, 12000.0], [1975.9, 556.0], [1975.8, 4696.0], [1975.75, 2843.0], [1975.7, 7245.0], [1975.65, 2000.0], [1975.6, 6055.0], [1975.5, 3538.0], [1975.45, 1198.0], [1975.4, 4013.0], [1975.35, 2839.0], [1975.3, 4217.0], [1975.25, 3843.0], [1975.2, 16390.0], [1975.15, 19993.0], [1975.1, 4543.0], [1975.05, 2000.0], [1975.0, 8751.0]], "asks": [[1976.35, 10737.0], [1976.4, 2000.0], [1976.55, 538.0], [1976.65, 1278.0], [1976.7, 4282.0], [1976.75, 2220.0], [1976.8, 2344.0], [1976.85, 7854.0], [1976.9, 1449.0], [1976.95, 2000.0], [1977.0, 7003.0], [1977.05, 4013.0], [1977.1, 11932.0], [1977.15, 4854.0], [1977.2, 13235.0], [1977.25, 37801.0], [1977.3, 5803.0], [1977.35, 5002.0], [1977.4, 7854.0], [1977.45, 639.0]]}}}
{"jsonrpc": "2.0", "method": "subscription", "params": {"channel": "book.ETH-PERPETUAL.none.20.100ms", "data": {"timestamp": 1772829595177, "change_id": 112302874452, "instrument_name": "ETH-PERPETUAL", "bids": [[1976.3, 17500.0], [1976.1, 40.0], [1976.05, 2556.0], [1975.8, 4696.0], [1975.75, 2843.0], [1975.7, 7245.0], [1975.65, 2000.0], [1975.6, 3056.0], [1975.5, 6537.0], [1975.45, 1198.0], [1975.4, 4013.0], [1975.35, 3539.0], [1975.3, 4217.0], [1975.25, 3843.0], [1975.2, 9573.0], [1975.15, 19993.0], [1975.1, 4543.0], [1975.05, 2000.0], [1975.0, 8751.0], [1974.95, 17767.0]], "asks": [[1976.35, 6768.0], [1976.4, 2000.0], [1976.55, 2180.0], [1976.6, 5500.0], [1976.65, 1278.0], [1976.7, 4282.0], [1976.75, 2220.0], [1976.8, 2344.0], [1976.85, 7854.0], [1976.9, 1449.0], [1976.95, 2000.0], [1977.0, 2854.0], [1977.05, 4013.0], [1977.1, 2046.0], [1977.15, 4854.0], [1977.2, 9060.0], [1977.25, 20788.0], [1977.3, 2862.0], [1977.35, 22014.0], [1977.4, 2854.0]]}}}
{"jsonrpc": "2.0", "method": "subscription", "params": {"channel": "book.ETH-PERPETUAL.none.20.100ms", "data": {"timestamp": 1772829595510, "change_id": 112302874941, "instrument_name": "ETH-PERPETUAL", "bids": [[1976.3, 17500.0], [1976.1, 40.0], [1976.05, 2556.0], [1975.8, 4696.0], [1975.75, 2843.0], [1975.7, 7245.0], [1975.65, 2000.0], [1975.6, 3056.0], [1975.5, 6537.0], [1975.45, 1198.0], [1975.4, 4013.0], [1975.35, 3539.0], [1975.25, 3843.0], [1975.2, 2000.0], [1975.15, 19993.0], [1975.1, 4543.0], [1975.05, 2000.0], [1975.0, 8751.0], [1974.95, 17767.0], [1974.9, 3447.0]], "asks": [[1976.35, 12168.0], [1976.4, 2000.0], [1976.55, 538.0], [1976.65, 1278.0], [1976.7, 4282.0], [1976.75, 2220.0], [1976.8, 2344.0], [1976.85, 7854.0], [1976.9, 1449.0], [1976.95, 2000.0], [1977.0, 2854.0], [1977.05, 4013.0], [1977.1, 2046.0], [1977.15, 4854.0], [1977.2, 9060.0], [1977.25, 40802.0], [1977.3, 2862.0], [1977.35, 2000.0], [1977.4, 2854.0], [1977.45, 639.0]]}}}
{"jsonrpc": "2.0", "method": "subscription", "params": {"channel": "book.ETH-PERPETUAL.none.20.100ms", "data": {"timestamp": 1772829595811, "change_id": 112302875426, "instrument_name": "ETH-PERPETUAL", "bids": [[1976.15, 21884.0], [1976.05, 2556.0], [1975.8, 4696.0], [1975.75, 2843.0], [1975.7, 7245.0], [1975.65, 2000.0], [1975.6, 3056.0], [1975.5, 3538.0], [1975.45, 1198.0], [1975.4, 7012.0], [1975.35, 10988.0], [1975.25, 3843.0], [1975.2, 2000.0], [1975.15, 19993.0], [1975.1, 4543.0], [1975.05, 2040.0], [1975.0, 8751.0], [1974.9, 21214.0], [1974.85, 4847.0], [1974.8, 1656.0]], "asks": [[1976.2, 8260.0], [1976.3, 2429.0], [1976.35, 5862.0], [1976.4, 2000.0], [1976.55, 538.0], [1976.65, 1278.0], [1976.7, 4282.0], [1976.75, 7220.0], [1976.85, 2854.0], [1976.9, 1449.0], [1976.95, 2000.0], [1977.0, 2854.0], [1977.05, 4013.0], [1977.1, 18540.0], [1977.15, 7855.0], [1977.2, 29074.0], [1977.25, 17787.0], [1977.3, 2862.0], [1977.35, 7000.0], [1977.4, 2854.0]]}}}
{"jsonrpc": "2.0", "method": "subscription", "params": {"channel": "book.ETH-PERPETUAL.none.20.100ms", "data": {"timestamp": 1772829596163, "change_id": 112302876012, "instrument_name": "ETH-PERPETUAL", "bids": [[1976.15, 21884.0], [1976.05, 2556.0], [1975.95, 2035.0], [1975.9, 6816.0], [1975.8, 4696.0], [1975.75, 2843.0], [1975.7, 7245.0], [1975.65, 2000.0], [1975.6, 3056.0], [1975.5, 3538.0], [1975.45, 1198.0], [1975.4, 7012.0], [1975.35, 10288.0], [1975.25, 3843.0], [1975.2, 2000.0], [1975.15, 19993.0], [1975.1, 4543.0], [1975.05, 2040.0], [1975.0, 8751.0], [1974.9, 21214.0]], "asks": [[1976.2, 10260.0], [1976.3, 2429.0], [1976.35, 5500.0], [1976.4, 2000.0], [1976.55, 538.0], [1976.65, 1278.0], [1976.7, 4282.0], [1976.75, 7220.0], [1976.85, 2854.0], [1976.9, 1449.0], [1976.95, 2000.0], [1977.0, 2854.0], [1977.05, 4013.0], [1977.1, 18540.0], [1977.15, 4854.0], [1977.2, 32076.0], [1977.25, 17787.0], [1977.3, 2862.0], [1977.35, 7000.0], [1977.4, 2854.0]]}}}
{"jsonrpc": "2.0", "method": "subscription", "params": {"channel": "book.ETH-PERPETUAL.none.20.100ms", "data": {"timestamp": 1772829596495, "change_id": 112302876426, "instrument_name": "ETH-PERPETUAL", "bids": [[1976.15, 5500.0], [1976.05, 556.0], [1976.0, 5020.0], [1975.95, 10000.0], [1975.9, 6816.0], [1975.8, 4696.0], [1975.75, 2843.0], [1975.7, 7245.0], [1975.65, 2000.0], [1975.6, 3056.0], [1975.5, 3538.0], [1975.45, 1198.0], [1975.4, 4013.0], [1975.35, 10288.0], [1975.25, 6842.0], [1975.2, 2000.0], [1975.1, 4543.0], [1975.05, 22033.0], [1975.0, 2851.0], [1974.9, 3447.0]], "asks": [[1976.2, 14566.0], [1976.4, 2000.0], [1976.55, 538.0], [1976.65, 1278.0], [1976.7, 4282.0], [1976.75, 7220.0], [1976.85, 2854.0], [1976.9, 1449.0], [1976.95, 2000.0], [1977.0, 2854.0], [1977.05, 7015.0], [1977.1, 36327.0], [1977.15, 24868.0], [1977.2, 2000.0], [1977.3, 2862.0], [1977.35, 7000.0], [1977.4, 2854.0], [1977.5, 3130.0], [1977.55, 7373.0], [1977.6, 2854.0]]}}}
{"jsonrpc": "2.0", "method": "subscription", "params": {"channel": "book.ETH-PERPETUAL.none.20.100ms", "data": {"timestamp": 1772829596808, "change_id": 112302877037, "instrument_name": "ETH-PERPETUAL", "bids": [[1976.15, 15501.0], [1976.0, 2197.0], [1975.9, 7359.0], [1975.8, 4596.0], [1975.75, 2843.0], [1975.7, 7245.0], [1975.65, 2000.0], [1975.6, 3056.0], [1975.5, 3538.0], [1975.45, 1198.0], [1975.4, 7979.0], [1975.35, 10288.0], [1975.3, 2999.0], [1975.25, 3843.0], [1975.2, 2700.0], [1975.15, 19993.0], [1975.1, 4543.0], [1975.05, 2040.0], [1975.0, 2851.0], [1974.95, 17767.0]], "asks": [[1976.2, 9337.0], [1976.4, 3803.0], [1976.45, 6039.0], [1976.65, 1278.0], [1976.7, 4282.0], [1976.75, 7220.0], [1976.85, 2854.0], [1976.9, 1449.0], [1976.95, 2000.0], [1977.0, 8090.0], [1977.05, 4013.0], [1977.1, 15573.0], [1977.15, 4854.0], [1977.2, 2000.0], [1977.25, 37801.0], [1977.3, 2862.0], [1977.35, 7000.0], [1977.4, 2854.0], [1977.5, 3130.0], [1977.55, 7373.0]]}}}
{"jsonrpc": "2.0", "method": "subscription", "params": {"channel": "book.ETH-PERPETUAL.none.20.100ms", "data": {"timestamp": 1772829597155, "change_id": 112302877589, "instrument_name": "ETH-PERPETUAL", "bids": [[1976.15, 17501.0], [1976.0, 2740.0], [1975.9, 6816.0], [1975.8, 4596.0], [1975.75, 2843.0], [1975.7, 7245.0], [1975.65, 2000.0], [1975.6, 3056.0], [1975.5, 3538.0], [1975.45, 1198.0], [1975.4, 7979.0], [1975.35, 10288.0], [1975.3, 2999.0], [1975.25, 3843.0], [1975.2, 2700.0], [1975.15, 19993.0], [1975.1, 4543.0], [1975.05, 2040.0], [1975.0, 2851.0], [1974.95, 17767.0]], "asks": [[1976.2, 7024.0], [1976.4, 3803.0], [1976.45, 6039.0], [1976.65, 1278.0], [1976.7, 4282.0], [1976.75, 7220.0], [1976.85, 2854.0], [1976.9, 1449.0], [1976.95, 2000.0], [1977.0, 8090.0], [1977.05, 4013.0], [1977.1, 14934.0], [1977.15, 4854.0], [1977.2, 22014.0], [1977.25, 17787.0], [1977.3, 2862.0], [1977.35, 7000.0], [1977.4, 2854.0], [1977.5, 3130.0], [1977.55, 7373.0]]}}}
{"jsonrpc": "2.0", "method": "subscription", "params": {"channel": "book.ETH-PERPETUAL.none.20.100ms", "data": {"timestamp": 1772829597433, "change_id": 112302877955, "instrument_name": "ETH-PERPETUAL", "bids": [[1976.15, 17541.0], [1976.0, 2740.0], [1975.9, 6816.0], [1975.8, 4596.0], [1975.75, 2843.0], [1975.7, 7245.0], [1975.65, 2000.0], [1975.6, 3056.0], [1975.5, 6537.0], [1975.45, 1198.0], [1975.4, 7979.0], [1975.35, 10288.0], [1975.25, 3843.0], [1975.2, 2700.0], [1975.15, 19993.0], [1975.1, 4543.0], [1975.05, 2000.0], [1975.0, 2851.0], [1974.95, 17767.0], [1974.9, 3447.0]], "asks": [[1976.2, 3500.0], [1976.4, 3803.0], [1976.45, 5500.0], [1976.65, 1800.0], [1976.7, 4282.0], [1976.75, 2220.0], [1976.85, 2854.0], [1976.9, 1449.0], [1976.95, 2000.0], [1977.0, 2854.0], [1977.05, 4013.0], [1977.1, 2046.0], [1977.15, 4854.0], [1977.2, 5002.0], [1977.25, 17787.0], [1977.3, 22876.0], [1977.35, 2000.0], [1977.4, 2854.0], [1977.5, 3130.0], [1977.55, 7373.0]]}}}
{"jsonrpc": "2.0", "method": "subscription", "params": {"channel": "book.ETH-PERPETUAL.none.20.100ms", "data": {"timestamp": 1772829597817, "change_id": 112302878434, "instrument_name": "ETH-PERPETUAL", "bids": [[1976.15, 18068.0], [1976.0, 2197.0], [1975.9, 6816.0], [1975.8, 4596.0], [1975.75, 2843.0], [1975.7, 7245.0], [1975.65, 2000.0], [1975.6, 3056.0], [1975.5, 6537.0], [1975.45, 1198.0], [1975.4, 7979.0], [1975.35, 10288.0], [1975.3, 1953.0], [1975.25, 3843.0], [1975.2, 2700.0], [1975.15, 19993.0], [1975.1, 4543.0], [1975.05, 2000.0], [1975.0, 2851.0], [1974.95, 17767.0]], "asks": [[1976.2, 4915.0], [1976.4, 3803.0], [1976.45, 5500.0], [1976.65, 1800.0], [1976.7, 4282.0], [1976.75, 2220.0], [1976.85, 2854.0], [1976.9, 1449.0], [1976.95, 2000.0], [1977.0, 2854.0], [1977.05, 4013.0], [1977.1, 8654.0], [1977.15, 4854.0], [1977.2, 25015.0], [1977.25, 17787.0], [1977.3, 2862.0], [1977.35, 2000.0], [1977.4, 2854.0], [1977.5, 3130.0], [1977.55, 7373.0]]}}}
{"jsonrpc": "2.0", "method": "subscription", "params": {"channel": "book.ETH-PERPETUAL.none.20.100ms", "data": {"timestamp": 1772829598144, "change_id": 112302878836, "instrument_name": "ETH-PERPETUAL", "bids": [[1976.15, 16028.0], [1976.0, 2197.0], [1975.9, 6816.0], [1975.8, 4596.0], [1975.75, 2843.0], [1975.7, 7245.0], [1975.65, 2000.0], [1975.6, 3056.0], [1975.5, 3538.0], [1975.45, 4197.0], [1975.4, 7979.0], [1975.35, 10288.0], [1975.3, 1953.0], [1975.25, 3843.0], [1975.2, 2700.0], [1975.15, 19993.0], [1975.1, 4583.0], [1975.05, 2000.0], [1975.0, 2851.0], [1974.9, 21214.0]], "asks": [[1976.2, 6800.0], [1976.4, 3803.0], [1976.45, 5500.0], [1976.65, 1800.0], [1976.7, 4282.0], [1976.75, 2220.0], [1976.85, 7854.0], [1976.9, 1449.0], [1976.95, 2000.0], [1977.0, 2854.0], [1977.05, 4013.0], [1977.1, 11932.0], [1977.15, 7856.0], [1977.2, 22014.0], [1977.25, 17787.0], [1977.3, 2862.0], [1977.35, 7000.0], [1977.4, 2854.0], [1977.5, 3130.0], [1977.55, 7373.0]]}}}
{"jsonrpc": "2.0", "method": "subscription", "params": {"channel": "book.ETH-PERPETUAL.none.20.100ms", "data": {"timestamp": 1772829598402, "change_id": 112302879215, "instrument_name": "ETH-PERPETUAL", "bids": [[1976.15, 16028.0], [1976.0, 2197.0], [1975.9, 6816.0], [1975.8, 4596.0], [1975.75, 2843.0], [1975.7, 7245.0], [1975.65, 2000.0], [1975.6, 3056.0], [1975.5, 3538.0], [1975.45, 4197.0], [1975.4, 7979.0], [1975.35, 10288.0], [1975.3, 1953.0], [1975.25, 3843.0], [1975.2, 2700.0], [1975.15, 19993.0], [1975.1, 4583.0], [1975.05, 2000.0], [1975.0, 2851.0], [1974.9, 21214.0]], "asks": [[1976.2, 6800.0], [1976.4, 3803.0], [1976.45, 5500.0], [1976.65, 1800.0], [1976.7, 4282.0], [1976.75, 2220.0], [1976.85, 7854.0], [1976.9, 1449.0], [1976.95, 2000.0], [1977.0, 2854.0], [1977.05, 4013.0], [1977.1, 11932.0], [1977.15, 7856.0], [1977.2, 22014.0], [1977.25, 17787.0], [1977.3, 2862.0], [1977.35, 7000.0], [1977.4, 2854.0], [1977.5, 3130.0], [1977.55, 7373.0]]}}}
{"jsonrpc": "2.0", "method": "subscription", "params": {"channel": "book.ETH-PERPETUAL.none.20.100ms", "data": {"timestamp": 1772829598806, "change_id": 112302879641, "instrument_name": "ETH-PERPETUAL", "bids": [[1976.15, 15501.0], [1976.0, 2724.0], [1975.9, 6816.0], [1975.8, 4596.0], [1975.75, 2844.0], [1975.7, 7245.0], [1975.65, 2000.0], [1975.6, 3056.0], [1975.5, 3538.0], [1975.45, 1198.0], [1975.4, 7979.0], [1975.35, 10288.0], [1975.3, 4952.0], [1975.25, 2843.0], [1975.2, 2700.0], [1975.1, 5583.0], [1975.05, 21993.0], [1975.0, 2851.0], [1974.9, 3447.0], [1974.85, 4847.0]], "asks": [[1976.2, 12300.0], [1976.4, 2000.0], [1976.55, 522.0], [1976.6, 2711.0], [1976.65, 4800.0], [1976.7, 4282.0], [1976.75, 7220.0], [1976.85, 2854.0], [1976.9, 1449.0], [1976.95, 2000.0], [1977.0, 5855.0], [1977.05, 4013.0], [1977.1, 29719.0], [1977.15, 4854.0], [1977.2, 22653.0], [1977.3, 2862.0], [1977.35, 7000.0], [1977.4, 2854.0], [1977.5, 3130.0], [1977.55, 7373.0]]}}}
{"jsonrpc": "2.0", "method": "subscription", "params": {"channel": "book.ETH-PERPETUAL.none.20.100ms", "data": {"timestamp": 1772829599125, "change_id": 112302880071, "instrument_name": "ETH-PERPETUAL", "bids": [[1976.15, 15501.0], [1976.0, 2724.0], [1975.9, 6816.0], [1975.8, 4596.0], [1975.75, 2844.0], [1975.7, 7245.0], [1975.65, 2000.0], [1975.6, 3056.0], [1975.5, 3538.0], [1975.45, 1198.0], [1975.4, 7979.0], [1975.35, 13287.0], [1975.3, 1953.0], [1975.25, 2843.0], [1975.2, 2700.0], [1975.15, 19993.0], [1975.1, 5583.0], [1975.05, 2000.0], [1975.0, 2851.0], [1974.95, 17767.0]], "asks": [[1976.2, 6947.0], [1976.4, 4164.0], [1976.45, 5500.0], [1976.6, 2711.0], [1976.65, 4800.0], [1976.7, 4282.0], [1976.75, 7220.0], [1976.85, 2854.0], [1976.9, 1449.0], [1976.95, 2000.0], [1977.0, 2854.0], [1977.05, 7015.0], [1977.1, 11932.0], [1977.15, 4854.0], [1977.2, 20426.0], [1977.25, 20014.0], [1977.3, 2862.0], [1977.35, 7000.0], [1977.4, 2854.0], [1977.5, 3130.0]]}}}
{"jsonrpc": "2.0", "method": "subscription", "params": {"channel": "book.ETH-PERPETUAL.none.20.100ms", "data": {"timestamp": 1772829599464, "change_id": 112302880505, "instrument_name": "ETH-PERPETUAL", "bids": [[1976.15, 15501.0], [1976.0, 2724.0], [1975.9, 6816.0], [1975.8, 4596.0], [1975.75, 2844.0], [1975.7, 7245.0], [1975.65, 2000.0], [1975.6, 3056.0], [1975.5, 3538.0], [1975.45, 1198.0], [1975.4, 7979.0], [1975.35, 13287.0], [1975.3, 1953.0], [1975.25, 2843.0], [1975.2, 2700.0], [1975.1, 25576.0], [1975.05, 2000.0], [1975.0, 2851.0], [1974.9, 21214.0], [1974.85, 4847.0]], "asks": [[1976.2, 12553.0], [1976.4, 2522.0], [1976.6, 2711.0], [1976.65, 4800.0], [1976.7, 4282.0], [1976.75, 7220.0], [1976.85, 2854.0], [1976.9, 1449.0], [1976.95, 2000.0], [1977.0, 2854.0], [1977.05, 7015.0], [1977.1, 11932.0], [1977.15, 4854.0], [1977.2, 20426.0], [1977.25, 20014.0], [1977.3, 2862.0], [1977.35, 7000.0], [1977.4, 2854.0], [1977.5, 3130.0], [1977.55, 7373.0]]}}}
{"jsonrpc": "2.0", "method": "subscription", "params": {"channel": "book.ETH-PERPETUAL.none.20.100ms", "data": {"timestamp": 1772829599795, "change_id": 112302880933, "instrument_name": "ETH-PERPETUAL", "bids": [[1976.15, 1.0], [1976.0, 4687.0], [1975.95, 10000.0], [1975.9, 5500.0], [1975.85, 527.0], [1975.8, 4596.0], [1975.75, 2844.0], [1975.7, 7245.0], [1975.65, 2000.0], [1975.6, 3056.0], [1975.5, 3538.0], [1975.45, 1198.0], [1975.4, 4013.0], [1975.35, 2839.0], [1975.3, 1953.0], [1975.25, 5842.0], [1975.2, 2700.0], [1975.1, 25576.0], [1975.05, 2000.0], [1975.0, 2851.0]], "asks": [[1976.2, 13198.0], [1976.4, 2522.0], [1976.6, 2711.0], [1976.65, 4800.0], [1976.7, 4282.0], [1976.75, 7220.0], [1976.85, 2854.0], [1976.9, 1449.0], [1976.95, 5002.0], [1977.0, 2854.0], [1977.05, 4013.0], [1977.1, 11932.0], [1977.15, 24868.0], [1977.2, 20426.0], [1977.3, 2862.0], [1977.35, 7000.0], [1977.4, 2854.0], [1977.5, 3130.0], [1977.55, 7373.0], [1977.6, 2854.0]]}}}
{"jsonrpc": "2.0", "method": "subscription", "params": {"channel": "book.ETH-PERPETUAL.none.20.100ms", "data": {"timestamp": 1772829600118, "change_id": 112302881420, "instrument_name": "ETH-PERPETUAL", "bids": [[1976.15, 17501.0], [1976.0, 60.0], [1975.9, 2789.0], [1975.85, 7343.0], [1975.8, 4596.0], [1975.75, 2844.0], [1975.7, 7245.0], [1975.65, 2000.0], [1975.6, 3056.0], [1975.5, 3538.0], [1975.45, 1198.0], [1975.4, 4013.0], [1975.35, 2839.0], [1975.3, 4952.0], [1975.25, 10468.0], [1975.2, 2700.0], [1975.15, 19993.0], [1975.1, 5583.0], [1975.05, 2000.0], [1975.0, 2851.0]], "asks": [[1976.2, 7209.0], [1976.4, 4164.0], [1976.45, 5500.0], [1976.6, 2711.0], [1976.65, 4800.0], [1976.7, 4282.0], [1976.75, 7220.0], [1976.85, 2854.0], [1976.9, 1449.0], [1976.95, 2000.0], [1977.0, 2854.0], [1977.05, 7015.0], [1977.1, 11932.0], [1977.15, 4854.0], [1977.2, 2000.0], [1977.25, 37801.0], [1977.3, 2862.0], [1977.35, 7000.0], [1977.4, 2854.0], [1977.5, 3130.0]]}}}
{"jsonrpc": "2.0", "method": "subscription", "params": {"channel": "book.ETH-PERPETUAL.none.20.100ms", "data": {"timestamp": 1772829600466, "change_id": 112302881948, "instrument_name": "ETH-PERPETUAL", "bids": [[1976.15, 15501.0], [1976.0, 60.0], [1975.95, 527.0], [1975.9, 2789.0], [1975.85, 6816.0], [1975.8, 4596.0], [1975.75, 2844.0], [1975.7, 7245.0], [1975.65, 2000.0], [1975.6, 3056.0], [1975.5, 3538.0], [1975.45, 1198.0], [1975.4, 4013.0], [1975.35, 5838.0], [1975.3, 1953.0], [1975.25, 10468.0], [1975.2, 2700.0], [1975.15, 20653.0], [1975.1, 5583.0], [1975.05, 2000.0]], "asks": [[1976.2, 7579.0], [1976.4, 4164.0], [1976.45, 5500.0], [1976.6, 2711.0], [1976.65, 4800.0], [1976.7, 4282.0], [1976.75, 7220.0], [1976.85, 2854.0], [1976.9, 1449.0], [1976.95, 2000.0], [1977.0, 2854.0], [1977.05, 7014.0], [1977.1, 11932.0], [1977.15, 4854.0], [1977.2, 22014.0], [1977.25, 17787.0], [1977.3, 2862.0], [1977.35, 7000.0], [1977.4, 2854.0], [1977.5, 3130.0]]}}}
{"jsonrpc": "2.0", "method": "subscription", "params": {"channel": "book.ETH-PERPETUAL.none.20.100ms", "data": {"timestamp": 1772829600785, "change_id": 112302882421, "instrument_name": "ETH-PERPETUAL", "bids": [[1976.15, 17501.0], [1976.0, 60.0], [1975.95, 527.0], [1975.9, 2789.0], [1975.85, 6816.0], [1975.8, 4596.0], [1975.75, 2844.0], [1975.7, 7245.0], [1975.65, 2000.0], [1975.6, 3056.0], [1975.5, 3538.0], [1975.45, 4197.0], [1975.4, 4013.0], [1975.35, 2839.0], [1975.3, 1953.0], [1975.25, 10468.0], [1975.2, 3700.0], [1975.15, 20653.0], [1975.1, 4583.0], [1975.05, 2000.0]], "asks": [[1976.2, 7744.0], [1976.4, 4164.0], [1976.45, 5500.0], [1976.6, 2711.0], [1976.65, 4800.0], [1976.7, 4282.0], [1976.75, 7220.0], [1976.85, 2854.0], [1976.9, 1449.0], [1976.95, 2000.0], [1977.0, 2854.0], [1977.05, 4013.0], [1977.1, 11932.0], [1977.15, 7855.0], [1977.2, 2000.0], [1977.25, 37801.0], [1977.3, 2862.0], [1977.35, 7000.0], [1977.4, 2854.0], [1977.5, 3130.0]]}}}
{"jsonrpc": "2.0", "method": "subscription", "params": {"channel": "book.ETH-PERPETUAL.none.20.100ms", "data": {"timestamp": 1772829601128, "change_id": 112302883086, "instrument_name": "ETH-PERPETUAL", "bids": [[1976.15, 35569.0], [1976.0, 60.0], [1975.9, 2789.0], [1975.85, 6816.0], [1975.8, 4596.0], [1975.75, 2844.0], [1975.7, 7245.0], [1975.65, 4999.0], [1975.6, 3056.0], [1975.5, 3538.0], [1975.4, 4013.0], [1975.35, 2839.0], [1975.3, 21946.0], [1975.25, 10468.0], [1975.2, 3000.0], [1975.15, 660.0], [1975.1, 22310.0], [1975.05, 2000.0], [1975.0, 2851.0], [1974.9, 13447.0]], "asks": [[1976.2, 998.0], [1976.6, 1278.0], [1976.7, 4282.0], [1976.75, 2100.0], [1976.8, 522.0], [1976.85, 2854.0], [1976.9, 1449.0], [1976.95, 2000.0], [1977.0, 2854.0], [1977.1, 2046.0], [1977.15, 8859.0], [1977.2, 2000.0], [1977.25, 3001.0], [1977.3, 2862.0], [1977.35, 7000.0], [1977.4, 2854.0], [1977.45, 17787.0], [1977.5, 20091.0], [1977.55, 3.0], [1977.6, 2854.0]]}}}
{"jsonrpc": "2.0", "method": "subscription", "params": {"channel": "book.ETH-PERPETUAL.none.20.100ms", "data": {"timestamp": 1772829601455, "change_id": 112302883750, "instrument_name": "ETH-PERPETUAL", "bids": [[1976.15, 35569.0], [1976.0, 60.0], [1975.85, 696.0], [1975.8, 4596.0], [1975.75, 2844.0], [1975.7, 7245.0], [1975.65, 4999.0], [1975.6, 3056.0], [1975.55, 700.0], [1975.5, 2842.0], [1975.4, 5013.0], [1975.35, 2839.0], [1975.3, 21946.0], [1975.25, 10468.0], [1975.2, 2000.0], [1975.15, 660.0], [1975.1, 22310.0], [1975.05, 2000.0], [1975.0, 2851.0], [1974.9, 3447.0]], "asks": [[1976.2, 1800.0], [1976.6, 2757.0], [1976.7, 6928.0], [1976.75, 2100.0], [1976.8, 522.0], [1976.85, 2854.0], [1976.9, 1449.0], [1976.95, 2000.0], [1977.0, 2854.0], [1977.1, 11932.0], [1977.15, 8859.0], [1977.2, 2000.0], [1977.3, 2862.0], [1977.35, 2000.0], [1977.4, 40655.0], [1977.45, 8001.0], [1977.5, 2930.0], [1977.55, 3.0], [1977.6, 2854.0], [1977.7, 2850.0]]}}}
{"jsonrpc": "2.0", "method": "subscription", "params": {"channel": "book.ETH-PERPETUAL.none.20.100ms", "data": {"timestamp": 1772829601783, "change_id": 112302884427, "instrument_name": "ETH-PERPETUAL", "bids": [[1976.2, 15688.0], [1976.15, 4563.0], [1976.1, 6817.0], [1976.0, 60.0], [1975.85, 696.0], [1975.8, 4596.0], [1975.75, 2844.0], [1975.7, 7245.0], [1975.65, 2000.0], [1975.6, 3056.0], [1975.5, 2842.0], [1975.45, 2999.0], [1975.4, 5013.0], [1975.35, 2839.0], [1975.3, 19993.0], [1975.25, 2843.0], [1975.2, 2000.0], [1975.1, 22310.0], [1975.05, 2000.0], [1975.0, 2851.0]], "asks": [[1976.25, 10602.0], [1976.4, 148.0], [1976.45, 1798.0], [1976.5, 6022.0], [1976.55, 2000.0], [1976.7, 1053.0], [1976.75, 2100.0], [1976.8, 1426.0], [1976.85, 2854.0], [1976.9, 1449.0], [1976.95, 2000.0], [1977.0, 2854.0], [1977.1, 11932.0], [1977.15, 8859.0], [1977.2, 2000.0], [1977.25, 3002.0], [1977.3, 2862.0], [1977.35, 44801.0], [1977.4, 2854.0], [1977.5, 2930.0]]}}}
{"jsonrpc": "2.0", "method": "subscription", "params": {"channel": "book.ETH-PERPETUAL.none.20.100ms", "data": {"timestamp": 1772829602113, "change_id": 112302885227, "instrument_name": "ETH-PERPETUAL", "bids": [[1976.5, 22366.0], [1976.2, 567.0], [1976.15, 4036.0], [1976.1, 6817.0], [1976.0, 60.0], [1975.95, 2841.0], [1975.85, 3548.0], [1975.8, 4999.0], [1975.75, 1.0], [1975.7, 7245.0], [1975.65, 2000.0], [1975.6, 3056.0], [1975.5, 30155.0], [1975.4, 5013.0], [1975.35, 2839.0], [1975.3, 17767.0], [1975.25, 2843.0], [1975.2, 2700.0], [1975.1, 4543.0], [1975.05, 2000.0]], "asks": [[1976.55, 5044.0], [1976.7, 2239.0], [1976.75, 2000.0], [1976.8, 7030.0], [1976.85, 2854.0], [1976.9, 1449.0], [1976.95, 2000.0], [1977.0, 2854.0], [1977.1, 3472.0], [1977.15, 4854.0], [1977.2, 2000.0], [1977.25, 4005.0], [1977.3, 7862.0], [1977.35, 7000.0], [1977.4, 2854.0], [1977.5, 2930.0], [1977.55, 20792.0], [1977.6, 2854.0], [1977.65, 20014.0], [1977.7, 2850.0]]}}}
{"jsonrpc": "2.0", "method": "subscription", "params": {"channel": "book.ETH-PERPETUAL.none.20.100ms", "data": {"timestamp": 1772829602445, "change_id": 112302885838, "instrument_name": "ETH-PERPETUAL", "bids": [[1976.5, 17500.0], [1976.35, 527.0], [1976.2, 40.0], [1976.15, 4036.0], [1976.1, 6817.0], [1976.0, 60.0], [1975.95, 2841.0], [1975.85, 3548.0], [1975.8, 2000.0], [1975.75, 3000.0], [1975.7, 7245.0], [1975.65, 2000.0], [1975.6, 3056.0], [1975.5, 10162.0], [1975.45, 19993.0], [1975.4, 5013.0], [1975.35, 2839.0], [1975.25, 2843.0], [1975.2, 2700.0], [1975.15, 18427.0]], "asks": [[1976.55, 6040.0], [1976.7, 2395.0], [1976.75, 2000.0], [1976.8, 7030.0], [1976.85, 2854.0], [1976.9, 1449.0], [1976.95, 2000.0], [1977.0, 2854.0], [1977.1, 3472.0], [1977.15, 4854.0], [1977.2, 2000.0], [1977.25, 4005.0], [1977.3, 7862.0], [1977.35, 7000.0], [1977.4, 2854.0], [1977.5, 2930.0], [1977.55, 40806.0], [1977.6, 12742.0], [1977.7, 2850.0], [1977.8, 2971.0]]}}}
{"jsonrpc": "2.0", "method": "subscription", "params": {"channel": "book.ETH-PERPETUAL.none.20.100ms", "data": {"timestamp": 1772829602778, "change_id": 112302886682, "instrument_name": "ETH-PERPETUAL", "bids": [[1976.5, 40407.0], [1976.25, 1195.0], [1976.2, 4005.0], [1976.15, 4036.0], [1976.1, 8268.0], [1976.05, 7799.0], [1976.0, 60.0], [1975.95, 2841.0], [1975.85, 3548.0], [1975.8, 2000.0], [1975.75, 1.0], [1975.7, 8245.0], [1975.65, 21993.0], [1975.6, 3756.0], [1975.55, 660.0], [1975.5, 10162.0], [1975.4, 17767.0], [1975.35, 2839.0], [1975.25, 2843.0], [1975.2, 2000.0]], "asks": [[1976.55, 1558.0], [1976.95, 2000.0], [1977.0, 2589.0], [1977.05, 5500.0], [1977.1, 3472.0], [1977.15, 4854.0], [1977.2, 2000.0], [1977.3, 4311.0], [1977.35, 2000.0], [1977.4, 2854.0], [1977.45, 639.0], [1977.5, 2930.0], [1977.55, 3.0], [1977.6, 2854.0], [1977.7, 2850.0], [1977.75, 40803.0], [1977.8, 2971.0], [1977.9, 2852.0], [1978.0, 60.0], [1978.05, 2852.0]]}}}
{"jsonrpc": "2.0", "method": "subscription", "params": {"channel": "book.ETH-PERPETUAL.none.20.100ms", "data": {"timestamp": 1772829603105, "change_id": 112302888191, "instrument_name": "ETH-PERPETUAL", "bids": [[1976.7, 19722.0], [1976.35, 2843.0], [1976.3, 2047.0], [1976.25, 2854.0], [1976.2, 6112.0], [1976.15, 2000.0], [1976.1, 2854.0], [1976.0, 3059.0], [1975.95, 2854.0], [1975.9, 1656.0], [1975.85, 2852.0], [1975.8, 10014.0], [1975.75, 1.0], [1975.7, 28238.0], [1975.65, 2000.0], [1975.6, 8784.0], [1975.55, 660.0], [1975.5, 10162.0], [1975.45, 5303.0], [1975.4, 17767.0]], "asks": [[1976.75, 11600.0], [1976.85, 1433.0], [1976.9, 4800.0], [1976.95, 2825.0], [1977.0, 2067.0], [1977.05, 5500.0], [1977.1, 1194.0], [1977.15, 2522.0], [1977.2, 2000.0], [1977.25, 1280.0], [1977.3, 5738.0], [1977.35, 2000.0], [1977.4, 5221.0], [1977.45, 5000.0], [1977.5, 2930.0], [1977.55, 3806.0], [1977.6, 12742.0], [1977.65, 6160.0], [1977.7, 33545.0], [1977.75, 29019.0]]}}}
{"jsonrpc": "2.0", "method": "subscription", "params": {"channel": "book.ETH-PERPETUAL.none.20.100ms", "data": {"timestamp": 1772829603440, "change_id": 112302889829, "instrument_name": "ETH-PERPETUAL", "bids": [[1976.5, 47839.0], [1976.45, 3475.0], [1976.4, 4941.0], [1976.35, 2527.0], [1976.2, 697.0], [1976.15, 2000.0], [1976.0, 60.0], [1975.95, 2841.0], [1975.9, 2858.0], [1975.85, 6857.0], [1975.8, 2000.0], [1975.75, 1747.0], [1975.7, 12967.0], [1975.65, 9523.0], [1975.6, 12762.0], [1975.55, 19993.0], [1975.5, 2842.0], [1975.45, 1000.0], [1975.35, 8142.0], [1975.3, 19213.0]], "asks": [[1976.55, 10.0], [1976.6, 2000.0], [1976.75, 2404.0], [1976.8, 3230.0], [1976.85, 6022.0], [1976.9, 6151.0], [1976.95, 4425.0], [1977.05, 2854.0], [1977.1, 1194.0], [1977.15, 2000.0], [1977.2, 4854.0], [1977.25, 2609.0], [1977.3, 9311.0], [1977.35, 2000.0], [1977.4, 4625.0], [1977.45, 3002.0], [1977.5, 6734.0], [1977.55, 3.0], [1977.6, 24195.0], [1977.65, 37801.0]]}}}
{"jsonrpc": "2.0", "method": "subscription", "params": {"channel": "book.ETH-PERPETUAL.none.20.100ms", "data": {"timestamp": 1772829603769, "change_id": 112302890518, "instrument_name": "ETH-PERPETUAL", "bids": [[1976.5, 19682.0], [1976.35, 2100.0], [1976.2, 697.0], [1976.15, 2000.0], [1976.0, 60.0], [1975.95, 2841.0], [1975.9, 2858.0], [1975.85, 6857.0], [1975.8, 4643.0], [1975.7, 10244.0], [1975.65, 2000.0], [1975.6, 5554.0], [1975.5, 2842.0], [1975.45, 7008.0], [1975.4, 19993.0], [1975.35, 8142.0], [1975.3, 19213.0], [1975.25, 2843.0], [1975.2, 2000.0], [1975.1, 4291.0]], "asks": [[1976.55, 2240.0], [1976.75, 2100.0], [1976.85, 2891.0], [1976.9, 11651.0], [1976.95, 4774.0], [1977.0, 1008.0], [1977.05, 2854.0], [1977.1, 1194.0], [1977.15, 2000.0], [1977.2, 4854.0], [1977.25, 2347.0], [1977.3, 9311.0], [1977.35, 2000.0], [1977.4, 9708.0], [1977.45, 3001.0], [1977.5, 28216.0], [1977.55, 3.0], [1977.6, 22868.0], [1977.65, 1041.0], [1977.7, 5571.0]]}}}
{"jsonrpc": "2.0", "method": "subscription", "params": {"channel": "book.ETH-PERPETUAL.none.20.100ms", "data": {"timestamp": 1772829604101, "change_id": 112302890962, "instrument_name": "ETH-PERPETUAL", "bids": [[1976.5, 19155.0], [1976.35, 2000.0], [1976.3, 527.0], [1976.25, 2243.0], [1976.2, 7515.0], [1976.15, 2000.0], [1976.0, 60.0], [1975.95, 2841.0], [1975.9, 2858.0], [1975.85, 6857.0], [1975.8, 3747.0], [1975.7, 8826.0], [1975.65, 2000.0], [1975.6, 7298.0], [1975.55, 2999.0], [1975.5, 9120.0], [1975.45, 21033.0], [1975.4, 1044.0], [1975.35, 3499.0], [1975.3, 1446.0]], "asks": [[1976.55, 3065.0], [1976.75, 2000.0], [1976.85, 3413.0], [1976.9, 11651.0], [1976.95, 3427.0], [1977.0, 1008.0], [1977.05, 2854.0], [1977.1, 1194.0], [1977.15, 2000.0], [1977.2, 4854.0], [1977.25, 2347.0], [1977.3, 9311.0], [1977.35, 5002.0], [1977.4, 2854.0], [1977.5, 14222.0], [1977.55, 38443.0], [1977.6, 12742.0], [1977.7, 4932.0], [1977.75, 4005.0], [1977.8, 2971.0]]}}}
{"jsonrpc": "2.0", "method": "subscription", "params": {"channel": "book.ETH-PERPETUAL.none.20.100ms", "data": {"timestamp": 1772829604419, "change_id": 112302892213, "instrument_name": "ETH-PERPETUAL", "bids": [[1976.2, 19722.0], [1976.0, 60.0], [1975.9, 1656.0], [1975.85, 2852.0], [1975.8, 3747.0], [1975.75, 4005.0], [1975.7, 8570.0], [1975.65, 4841.0], [1975.6, 6598.0], [1975.55, 2999.0], [1975.5, 2842.0], [1975.45, 1000.0], [1975.4, 6879.0], [1975.35, 2839.0], [1975.3, 21439.0], [1975.25, 2843.0], [1975.2, 8152.0], [1975.1, 22058.0], [1975.05, 2000.0], [1975.0, 2851.0]], "asks": [[1976.25, 3800.0], [1976.35, 1433.0], [1976.4, 4800.0], [1976.5, 2017.0], [1976.55, 7262.0], [1976.7, 1545.0], [1976.75, 2000.0], [1976.8, 1427.0], [1976.85, 1433.0], [1976.9, 9004.0], [1976.95, 7000.0], [1977.0, 3674.0], [1977.05, 2854.0], [1977.1, 11080.0], [1977.15, 2000.0], [1977.2, 7873.0], [1977.25, 3001.0], [1977.3, 15100.0], [1977.35, 2000.0], [1977.4, 29717.0]]}}}
{"jsonrpc": "2.0", "method": "subscription", "params": {"channel": "book.ETH-PERPETUAL.none.20.100ms", "data": {"timestamp": 1772829604756, "change_id": 112302893257, "instrument_name": "ETH-PERPETUAL", "bids": [[1976.0, 21782.0], [1975.8, 3747.0], [1975.7, 9266.0], [1975.65, 4841.0], [1975.6, 4854.0], [1975.5, 4037.0], [1975.45, 4005.0], [1975.4, 1044.0], [1975.35, 2839.0], [1975.3, 3729.0], [1975.25, 5842.0], [1975.2, 16630.0], [1975.15, 1000.0], [1975.1, 24284.0], [1975.05, 2000.0], [1975.0, 2851.0], [1974.9, 8565.0], [1974.85, 22614.0], [1974.8, 1447.0], [1974.75, 2000.0]], "asks": [[1976.05, 3800.0], [1976.25, 2497.0], [1976.3, 3075.0], [1976.35, 5500.0], [1976.4, 4800.0], [1976.45, 522.0], [1976.55, 283.0], [1976.6, 1427.0], [1976.7, 3875.0], [1976.75, 2825.0], [1976.8, 3480.0], [1976.85, 4005.0], [1976.9, 10466.0], [1976.95, 7000.0], [1977.0, 6805.0], [1977.05, 2854.0], [1977.1, 17241.0], [1977.15, 19787.0], [1977.2, 13814.0], [1977.25, 20014.0]]}}}
{"jsonrpc": "2.0", "method": "subscription", "params": {"channel": "book.ETH-PERPETUAL.none.20.100ms", "data": {"timestamp": 1772829605085, "change_id": 112302894062, "instrument_name": "ETH-PERPETUAL", "bids": [[1976.0, 15560.0], [1975.8, 2274.0], [1975.7, 9266.0], [1975.65, 4841.0], [1975.6, 4854.0], [1975.5, 4037.0], [1975.45, 4005.0], [1975.4, 1044.0], [1975.35, 2839.0], [1975.3, 1446.0], [1975.25, 2843.0], [1975.2, 3147.0], [1975.15, 1000.0], [1975.1, 4991.0], [1975.05, 2000.0], [1975.0, 9428.0], [1974.95, 23032.0], [1974.9, 8565.0], [1974.85, 4847.0], [1974.8, 19214.0]], "asks": [[1976.05, 9657.0], [1976.15, 100.0], [1976.25, 2232.0], [1976.3, 1589.0], [1976.35, 522.0], [1976.4, 4800.0], [1976.6, 1427.0], [1976.7, 3875.0], [1976.75, 2825.0], [1976.8, 3480.0], [1976.85, 7007.0], [1976.9, 14879.0], [1976.95, 7000.0], [1977.0, 27078.0], [1977.05, 22868.0], [1977.1, 12123.0], [1977.15, 2000.0], [1977.2, 5493.0], [1977.3, 5618.0], [1977.35, 7000.0]]}}}
{"jsonrpc": "2.0", "method": "subscription", "params": {"channel": "book.ETH-PERPETUAL.none.20.100ms", "data": {"timestamp": 1772829605422, "change_id": 112302894954, "instrument_name": "ETH-PERPETUAL", "bids": [[1976.0, 17562.0], [1975.8, 527.0], [1975.7, 4391.0], [1975.65, 2000.0], [1975.6, 2000.0], [1975.5, 5158.0], [1975.45, 6846.0], [1975.4, 1740.0], [1975.35, 2839.0], [1975.3, 3497.0], [1975.25, 2843.0], [1975.2, 9493.0], [1975.15, 1953.0], [1975.1, 14071.0], [1975.05, 21993.0], [1975.0, 3851.0], [1974.95, 40.0], [1974.9, 8565.0], [1974.85, 22614.0], [1974.8, 1447.0]], "asks": [[1976.05, 3008.0], [1976.2, 2395.0], [1976.25, 2522.0], [1976.3, 7089.0], [1976.4, 4800.0], [1976.6, 1427.0], [1976.7, 2852.0], [1976.75, 2000.0], [1976.8, 3480.0], [1976.85, 4005.0], [1976.9, 12745.0], [1976.95, 7000.0], [1977.0, 8626.0], [1977.05, 20641.0], [1977.1, 17811.0], [1977.15, 22014.0], [1977.2, 5493.0], [1977.3, 5618.0], [1977.35, 2000.0], [1977.4, 7854.0]]}}}
{"jsonrpc": "2.0", "method": "subscription", "params": {"channel": "book.ETH-PERPETUAL.none.20.100ms", "data": {"timestamp": 1772829605751, "change_id": 112302895426, "instrument_name": "ETH-PERPETUAL", "bids": [[1976.0, 5562.0], [1975.8, 527.0], [1975.75, 10000.0], [1975.7, 3000.0], [1975.65, 2000.0], [1975.6, 2000.0], [1975.5, 5158.0], [1975.45, 6846.0], [1975.4, 1740.0], [1975.35, 2839.0], [1975.3, 3497.0], [1975.25, 2843.0], [1975.2, 12492.0], [1975.15, 1058.0], [1975.1, 4991.0], [1975.05, 2000.0], [1975.0, 11076.0], [1974.95, 20033.0], [1974.9, 8565.0], [1974.85, 4847.0]], "asks": [[1976.05, 8264.0], [1976.2, 2395.0], [1976.25, 2522.0], [1976.3, 5500.0], [1976.55, 3376.0], [1976.6, 11310.0], [1976.7, 2852.0], [1976.75, 2000.0], [1976.8, 3480.0], [1976.85, 9005.0], [1976.9, 9743.0], [1976.95, 7000.0], [1977.0, 14412.0], [1977.05, 40655.0], [1977.1, 2237.0], [1977.15, 2000.0], [1977.2, 4854.0], [1977.3, 4311.0], [1977.35, 2000.0], [1977.4, 2854.0]]}}}
{"jsonrpc": "2.0", "method": "subscription", "params": {"channel": "book.ETH-PERPETUAL.none.20.100ms", "data": {"timestamp": 1772829606084, "change_id": 112302896283, "instrument_name": "ETH-PERPETUAL", "bids": [[1976.0, 62.0], [1975.75, 5500.0], [1975.7, 10000.0], [1975.65, 8816.0], [1975.6, 2000.0], [1975.55, 527.0], [1975.45, 1415.0], [1975.4, 1740.0], [1975.35, 4265.0], [1975.3, 1446.0], [1975.25, 5843.0], [1975.2, 4044.0], [1975.15, 4005.0], [1975.1, 4291.0], [1975.05, 2000.0], [1975.0, 4355.0], [1974.95, 3039.0], [1974.9, 3447.0], [1974.85, 4847.0], [1974.8, 7528.0]], "asks": [[1976.05, 14526.0], [1976.25, 2000.0], [1976.55, 3376.0], [1976.6, 11310.0], [1976.7, 14874.0], [1976.75, 5002.0], [1976.8, 42773.0], [1976.85, 9005.0], [1976.9, 9743.0], [1976.95, 7639.0], [1977.05, 2854.0], [1977.1, 2237.0], [1977.15, 2000.0], [1977.2, 4854.0], [1977.3, 4311.0], [1977.35, 2000.0], [1977.4, 5946.0], [1977.45, 7427.0], [1977.5, 2930.0], [1977.55, 3.0]]}}}
{"jsonrpc": "2.0", "method": "subscription", "params": {"channel": "book.ETH-PERPETUAL.none.20.100ms", "data": {"timestamp": 1772829606413, "change_id": 112302897296, "instrument_name": "ETH-PERPETUAL", "bids": [[1975.5, 15500.0], [1975.4, 696.0], [1975.35, 527.0], [1975.3, 1446.0], [1975.25, 3000.0], [1975.2, 2000.0], [1975.1, 4291.0], [1975.05, 2700.0], [1975.0, 2851.0], [1974.95, 1456.0], [1974.9, 3447.0], [1974.85, 4847.0], [1974.8, 4446.0], [1974.75, 3000.0], [1974.7, 10028.0], [1974.65, 2000.0], [1974.6, 2847.0], [1974.5, 6565.0], [1974.45, 2847.0], [1974.4, 2000.0]], "asks": [[1975.55, 5104.0], [1975.6, 2000.0], [1976.0, 4800.0], [1976.05, 16384.0], [1976.25, 2000.0], [1976.5, 3001.0], [1976.55, 3376.0], [1976.6, 11310.0], [1976.65, 17787.0], [1976.7, 2852.0], [1976.75, 22014.0], [1976.8, 10947.0], [1976.85, 9005.0], [1976.9, 9743.0], [1976.95, 7639.0], [1977.05, 2854.0], [1977.1, 2237.0], [1977.15, 2000.0], [1977.2, 4854.0], [1977.3, 4311.0]]}}}
{"jsonrpc": "2.0", "method": "subscription", "params": {"channel": "book.ETH-PERPETUAL.none.20.100ms", "data": {"timestamp": 1772829606743, "change_id": 112302898675, "instrument_name": "ETH-PERPETUAL", "bids": [[1975.5, 15500.0], [1975.3, 527.0], [1975.2, 2000.0], [1975.1, 4291.0], [1975.05, 2000.0], [1975.0, 3883.0], [1974.95, 2883.0], [1974.9, 4457.0], [1974.85, 7847.0], [1974.8, 5452.0], [1974.75, 4999.0], [1974.7, 4675.0], [1974.65, 2000.0], [1974.6, 9710.0], [1974.5, 21440.0], [1974.45, 3847.0], [1974.4, 2000.0], [1974.3, 9445.0], [1974.25, 19767.0], [1974.2, 2847.0]], "asks": [[1975.55, 4713.0], [1975.6, 2000.0], [1975.8, 2164.0], [1975.85, 5500.0], [1975.95, 1433.0], [1976.0, 10751.0], [1976.05, 16781.0], [1976.1, 11309.0], [1976.2, 6643.0], [1976.25, 2000.0], [1976.3, 11818.0], [1976.35, 2855.0], [1976.45, 3002.0], [1976.5, 16877.0], [1976.55, 17787.0], [1976.6, 6826.0], [1976.65, 20014.0], [1976.7, 4301.0], [1976.75, 2000.0], [1976.8, 4902.0]]}}}
{"jsonrpc": "2.0", "method": "subscription", "params": {"channel": "book.ETH-PERPETUAL.none.20.100ms", "data": {"timestamp": 1772829607044, "change_id": 112302899296, "instrument_name": "ETH-PERPETUAL", "bids": [[1975.5, 5500.0], [1975.3, 5685.0], [1975.25, 16814.0], [1975.2, 2000.0], [1975.1, 4291.0], [1975.05, 2000.0], [1975.0, 3883.0], [1974.95, 2843.0], [1974.9, 4457.0], [1974.85, 7847.0], [1974.8, 5452.0], [1974.75, 2000.0], [1974.7, 4675.0], [1974.65, 2000.0], [1974.6, 3951.0], [1974.55, 3699.0], [1974.5, 4105.0], [1974.45, 11753.0], [1974.4, 8818.0], [1974.35, 19993.0]], "asks": [[1975.55, 10519.0], [1975.6, 2000.0], [1975.8, 522.0], [1975.95, 1433.0], [1976.0, 8393.0], [1976.05, 12945.0], [1976.1, 1428.0], [1976.2, 6643.0], [1976.25, 2000.0], [1976.3, 21253.0], [1976.35, 5857.0], [1976.4, 35168.0], [1976.5, 22869.0], [1976.7, 4301.0], [1976.75, 2000.0], [1976.8, 4902.0], [1976.85, 4005.0], [1976.9, 2853.0], [1976.95, 2639.0], [1977.0, 599.0]]}}}
{"jsonrpc": "2.0", "method": "subscription", "params": {"channel": "book.ETH-PERPETUAL.none.20.100ms", "data": {"timestamp": 1772829607391, "change_id": 112302900026, "instrument_name": "ETH-PERPETUAL", "bids": [[1975.5, 15500.0], [1975.3, 2103.0], [1975.25, 6814.0], [1975.2, 2000.0], [1975.1, 4291.0], [1975.05, 2000.0], [1975.0, 3883.0], [1974.95, 2843.0], [1974.9, 5153.0], [1974.85, 7847.0], [1974.8, 5452.0], [1974.75, 2000.0], [1974.7, 4675.0], [1974.65, 2000.0], [1974.6, 5846.0], [1974.55, 700.0], [1974.5, 10207.0], [1974.45, 31746.0], [1974.4, 2000.0], [1974.3, 9445.0]], "asks": [[1975.55, 2213.0], [1975.6, 2000.0], [1975.75, 1798.0], [1975.8, 6022.0], [1975.95, 1433.0], [1976.0, 8393.0], [1976.05, 12945.0], [1976.1, 1428.0], [1976.2, 5487.0], [1976.25, 2000.0], [1976.3, 6818.0], [1976.35, 2855.0], [1976.4, 12073.0], [1976.45, 20789.0], [1976.5, 22869.0], [1976.55, 2950.0], [1976.6, 9883.0], [1976.7, 4301.0], [1976.75, 2000.0], [1976.8, 8205.0]]}}}
{"jsonrpc": "2.0", "method": "subscription", "params": {"channel": "book.ETH-PERPETUAL.none.20.100ms", "data": {"timestamp": 1772829607732, "change_id": 112302900718, "instrument_name": "ETH-PERPETUAL", "bids": [[1975.5, 21155.0], [1975.3, 1762.0], [1975.25, 2000.0], [1975.2, 2000.0], [1975.1, 1448.0], [1975.05, 2000.0], [1975.0, 3883.0], [1974.95, 2843.0], [1974.9, 5153.0], [1974.85, 7847.0], [1974.8, 5452.0], [1974.75, 4999.0], [1974.7, 4675.0], [1974.65, 2000.0], [1974.6, 9024.0], [1974.55, 1359.0], [1974.5, 21750.0], [1974.45, 3847.0], [1974.4, 2000.0], [1974.3, 9445.0]], "asks": [[1975.55, 3039.0], [1975.6, 2000.0], [1975.8, 6022.0], [1975.9, 1428.0], [1975.95, 1433.0], [1976.0, 7655.0], [1976.05, 7220.0], [1976.2, 5487.0], [1976.25, 2000.0], [1976.3, 6818.0], [1976.35, 2855.0], [1976.5, 11967.0], [1976.55, 20789.0], [1976.6, 19564.0], [1976.65, 20014.0], [1976.7, 4301.0], [1976.75, 2000.0], [1976.8, 8205.0], [1976.85, 16473.0], [1976.9, 2853.0]]}}}
{"jsonrpc": "2.0", "method": "subscription", "params": {"channel": "book.ETH-PERPETUAL.none.20.100ms", "data": {"timestamp": 1772829608050, "change_id": 112302901317, "instrument_name": "ETH-PERPETUAL", "bids": [[1975.5, 5500.0], [1975.35, 3155.0], [1975.3, 12797.0], [1975.25, 5979.0], [1975.2, 2000.0], [1975.1, 1448.0], [1975.05, 2000.0], [1975.0, 3883.0], [1974.95, 2843.0], [1974.9, 5153.0], [1974.85, 7847.0], [1974.8, 5452.0], [1974.75, 2000.0], [1974.7, 7237.0], [1974.65, 2000.0], [1974.6, 13489.0], [1974.55, 700.0], [1974.5, 1757.0], [1974.45, 3847.0], [1974.4, 8818.0]], "asks": [[1975.55, 8226.0], [1975.6, 2000.0], [1975.8, 522.0], [1975.9, 1428.0], [1975.95, 1433.0], [1976.0, 7655.0], [1976.05, 7220.0], [1976.1, 9881.0], [1976.2, 5487.0], [1976.25, 2000.0], [1976.3, 9820.0], [1976.35, 7855.0], [1976.4, 11348.0], [1976.45, 37801.0], [1976.5, 2855.0], [1976.6, 2855.0], [1976.7, 4301.0], [1976.75, 2000.0], [1976.8, 8205.0], [1976.85, 11473.0]]}}}
{"jsonrpc": "2.0", "method": "subscription", "params": {"channel": "book.ETH-PERPETUAL.none.20.100ms", "data": {"timestamp": 1772829608378, "change_id": 112302901983, "instrument_name": "ETH-PERPETUAL", "bids": [[1975.5, 15500.0], [1975.3, 2797.0], [1975.25, 5979.0], [1975.2, 2000.0], [1975.1, 1448.0], [1975.05, 2000.0], [1975.0, 3883.0], [1974.95, 2843.0], [1974.9, 5153.0], [1974.85, 7847.0], [1974.8, 5452.0], [1974.75, 2000.0], [1974.7, 7674.0], [1974.65, 2000.0], [1974.6, 2847.0], [1974.55, 6668.0], [1974.5, 21750.0], [1974.45, 3847.0], [1974.4, 2000.0], [1974.35, 6153.0]], "asks": [[1975.55, 6267.0], [1975.6, 2000.0], [1975.75, 1798.0], [1975.8, 6022.0], [1975.9, 1428.0], [1975.95, 1433.0], [1976.0, 9810.0], [1976.05, 7220.0], [1976.2, 5487.0], [1976.25, 2000.0], [1976.3, 6818.0], [1976.35, 2855.0], [1976.4, 1748.0], [1976.45, 3002.0], [1976.5, 16691.0], [1976.55, 37801.0], [1976.6, 12738.0], [1976.7, 4301.0], [1976.75, 2000.0], [1976.8, 6395.0]]}}}
{"jsonrpc": "2.0", "method": "subscription", "params": {"channel": "book.ETH-PERPETUAL.none.20.100ms", "data": {"timestamp": 1772829608674, "change_id": 112302902417, "instrument_name": "ETH-PERPETUAL", "bids": [[1975.5, 5500.0], [1975.35, 3155.0], [1975.3, 12797.0], [1975.25, 5979.0], [1975.2, 2000.0], [1975.1, 1448.0], [1975.05, 2000.0], [1975.0, 3883.0], [1974.95, 2843.0], [1974.9, 5153.0], [1974.85, 7847.0], [1974.8, 5452.0], [1974.75, 2000.0], [1974.7, 4675.0], [1974.65, 2000.0], [1974.6, 5846.0], [1974.55, 700.0], [1974.5, 1757.0], [1974.45, 3847.0], [1974.4, 8818.0]], "asks": [[1975.55, 13226.0], [1975.6, 2000.0], [1975.8, 522.0], [1975.9, 1428.0], [1975.95, 1433.0], [1976.0, 9810.0], [1976.05, 7120.0], [1976.2, 5487.0], [1976.25, 2000.0], [1976.3, 8566.0], [1976.35, 5857.0], [1976.4, 11263.0], [1976.45, 37801.0], [1976.5, 2855.0], [1976.55, 3802.0], [1976.6, 12738.0], [1976.7, 4301.0], [1976.75, 2000.0], [1976.8, 6395.0], [1976.85, 9005.0]]}}}
{"jsonrpc": "2.0", "method": "subscription", "params": {"channel": "book.ETH-PERPETUAL.none.20.100ms", "data": {"timestamp": 1772829609048, "change_id": 112302903076, "instrument_name": "ETH-PERPETUAL", "bids": [[1975.5, 5500.0], [1975.35, 3155.0], [1975.3, 11762.0], [1975.25, 2000.0], [1975.2, 2000.0], [1975.1, 1448.0], [1975.05, 2000.0], [1975.0, 3883.0], [1974.95, 2843.0], [1974.9, 5153.0], [1974.85, 7847.0], [1974.8, 5452.0], [1974.75, 2000.0], [1974.7, 4675.0], [1974.65, 2000.0], [1974.6, 5846.0], [1974.55, 8293.0], [1974.45, 23840.0], [1974.4, 2000.0], [1974.3, 9445.0]], "asks": [[1975.55, 8426.0], [1975.6, 2000.0], [1975.8, 522.0], [1975.9, 1428.0], [1975.95, 1433.0], [1976.0, 9810.0], [1976.05, 7120.0], [1976.2, 2855.0], [1976.25, 2000.0], [1976.3, 1748.0], [1976.35, 5857.0], [1976.4, 6826.0], [1976.5, 29932.0], [1976.55, 20014.0], [1976.6, 12738.0], [1976.7, 4301.0], [1976.75, 2000.0], [1976.8, 8255.0], [1976.85, 16755.0], [1976.9, 2853.0]]}}}
{"jsonrpc": "2.0", "method": "subscription", "params": {"channel": "book.ETH-PERPETUAL.none.20.100ms", "data": {"timestamp": 1772829609342, "change_id": 112302904075, "instrument_name": "ETH-PERPETUAL", "bids": [[1975.5, 5500.0], [1975.3, 1761.0], [1975.25, 12000.0], [1975.2, 8814.0], [1975.1, 1448.0], [1975.05, 2000.0], [1975.0, 3883.0], [1974.95, 2843.0], [1974.9, 5153.0], [1974.85, 7847.0], [1974.8, 5452.0], [1974.75, 2000.0], [1974.7, 4675.0], [1974.65, 4999.0], [1974.6, 2847.0], [1974.55, 8293.0], [1974.5, 19993.0], [1974.45, 3847.0], [1974.4, 2000.0], [1974.3, 9445.0]], "asks": [[1975.55, 8426.0], [1975.6, 2000.0], [1975.8, 522.0], [1975.9, 1428.0], [1975.95, 1433.0], [1976.0, 9810.0], [1976.05, 7120.0], [1976.2, 2855.0], [1976.25, 2000.0], [1976.35, 2855.0], [1976.4, 1748.0], [1976.45, 3002.0], [1976.5, 16776.0], [1976.55, 37801.0], [1976.6, 12738.0], [1976.7, 4301.0], [1976.75, 2000.0], [1976.8, 8255.0], [1976.85, 16755.0], [1976.9, 2853.0]]}}}
{"jsonrpc": "2.0", "method": "subscription", "params": {"channel": "book.ETH-PERPETUAL.none.20.100ms", "data": {"timestamp": 1772829609712, "change_id": 112302905097, "instrument_name": "ETH-PERPETUAL", "bids": [[1975.05, 20967.0], [1974.9, 4143.0], [1974.85, 5000.0], [1974.8, 1447.0], [1974.75, 2000.0], [1974.7, 4675.0], [1974.65, 2000.0], [1974.6, 5855.0], [1974.55, 4705.0], [1974.5, 4590.0], [1974.45, 2847.0], [1974.4, 2000.0], [1974.35, 1148.0], [1974.3, 5041.0], [1974.25, 2000.0], [1974.2, 8815.0], [1974.15, 19993.0], [1974.05, 2849.0], [1974.0, 6214.0], [1973.95, 17767.0]], "asks": [[1975.1, 1800.0], [1975.3, 2649.0], [1975.35, 4800.0], [1975.4, 2000.0], [1975.45, 1436.0], [1975.5, 8004.0], [1975.55, 8770.0], [1975.6, 2522.0], [1975.65, 1427.0], [1975.75, 2857.0], [1975.85, 1622.0], [1975.9, 8290.0], [1975.95, 1433.0], [1976.0, 9810.0], [1976.05, 7120.0], [1976.2, 13805.0], [1976.25, 2000.0], [1976.3, 45803.0], [1976.35, 2855.0], [1976.5, 2855.0]]}}}
{"jsonrpc": "2.0", "method": "subscription", "params": {"channel": "book.ETH-PERPETUAL.none.20.100ms", "data": {"timestamp": 1772829610034, "change_id": 112302905848, "instrument_name": "ETH-PERPETUAL", "bids": [[1975.05, 18067.0], [1975.0, 4916.0], [1974.9, 2696.0], [1974.85, 2000.0], [1974.8, 1447.0], [1974.75, 2000.0], [1974.7, 4675.0], [1974.65, 2000.0], [1974.6, 4751.0], [1974.55, 4005.0], [1974.5, 4590.0], [1974.45, 5846.0], [1974.4, 5434.0], [1974.35, 7657.0], [1974.3, 11109.0], [1974.25, 21993.0], [1974.2, 2847.0], [1974.1, 6172.0], [1974.05, 20616.0], [1974.0, 60.0]], "asks": [[1975.1, 1800.0], [1975.3, 2649.0], [1975.35, 4900.0], [1975.4, 2000.0], [1975.45, 1436.0], [1975.5, 8004.0], [1975.55, 8425.0], [1975.6, 2522.0], [1975.65, 1427.0], [1975.75, 2857.0], [1975.85, 1622.0], [1975.9, 6862.0], [1975.95, 1433.0], [1976.0, 9810.0], [1976.05, 7120.0], [1976.1, 1748.0], [1976.2, 18284.0], [1976.25, 2000.0], [1976.3, 42801.0], [1976.35, 2855.0]]}}}
{"jsonrpc": "2.0", "method": "subscription", "params": {"channel": "book.ETH-PERPETUAL.none.20.100ms", "data": {"timestamp": 1772829610374, "change_id": 112302906549, "instrument_name": "ETH-PERPETUAL", "bids": [[1975.05, 18067.0], [1974.9, 2696.0], [1974.85, 2000.0], [1974.8, 1447.0], [1974.75, 2000.0], [1974.7, 4675.0], [1974.65, 2000.0], [1974.6, 4751.0], [1974.55, 4005.0], [1974.5, 5859.0], [1974.45, 5847.0], [1974.4, 3148.0], [1974.35, 2999.0], [1974.3, 5041.0], [1974.25, 2699.0], [1974.2, 2847.0], [1974.15, 13647.0], [1974.1, 19993.0], [1974.05, 2849.0], [1974.0, 6214.0]], "asks": [[1975.1, 1900.0], [1975.3, 2649.0], [1975.35, 4800.0], [1975.4, 2000.0], [1975.45, 1436.0], [1975.5, 8004.0], [1975.55, 8425.0], [1975.6, 2522.0], [1975.65, 1427.0], [1975.75, 2857.0], [1975.85, 1622.0], [1975.9, 6862.0], [1975.95, 1433.0], [1976.0, 9810.0], [1976.05, 7120.0], [1976.1, 1748.0], [1976.15, 3002.0], [1976.2, 15282.0], [1976.25, 22014.0], [1976.3, 22787.0]]}}}
{"jsonrpc": "2.0", "method": "subscription", "params": {"channel": "book.ETH-PERPETUAL.none.20.100ms", "data": {"timestamp": 1772829610703, "change_id": 112302907196, "instrument_name": "ETH-PERPETUAL", "bids": [[1975.05, 17500.0], [1974.9, 2696.0], [1974.85, 2000.0], [1974.8, 2556.0], [1974.75, 5809.0], [1974.7, 5202.0], [1974.65, 2001.0], [1974.6, 4751.0], [1974.55, 4005.0], [1974.5, 4590.0], [1974.45, 2847.0], [1974.4, 2000.0], [1974.3, 7040.0], [1974.25, 2699.0], [1974.2, 5139.0], [1974.15, 7679.0], [1974.05, 3508.0], [1974.0, 60.0], [1973.95, 21033.0], [1973.9, 4081.0]], "asks": [[1975.1, 2725.0], [1975.3, 2649.0], [1975.35, 10822.0], [1975.4, 2000.0], [1975.45, 1436.0], [1975.5, 6004.0], [1975.55, 2000.0], [1975.6, 2000.0], [1975.65, 1427.0], [1975.75, 2857.0], [1975.85, 1622.0], [1975.9, 6862.0], [1976.0, 5010.0], [1976.05, 10122.0], [1976.15, 37801.0], [1976.2, 2855.0], [1976.25, 2000.0], [1976.3, 5000.0], [1976.35, 2855.0], [1976.5, 2855.0]]}}}
{"jsonrpc": "2.0", "method": "subscription", "params": {"channel": "book.ETH-PERPETUAL.none.20.100ms", "data": {"timestamp": 1772829611006, "change_id": 112302907559, "instrument_name": "ETH-PERPETUAL", "bids": [[1975.05, 7500.0], [1974.9, 5582.0], [1974.85, 12000.0], [1974.8, 2556.0], [1974.75, 5809.0], [1974.7, 5202.0], [1974.65, 2001.0], [1974.6, 7751.0], [1974.55, 4005.0], [1974.5, 4590.0], [1974.45, 2847.0], [1974.4, 2000.0], [1974.35, 2999.0], [1974.3, 4041.0], [1974.25, 2699.0], [1974.2, 5139.0], [1974.15, 7679.0], [1974.05, 3508.0], [1974.0, 60.0], [1973.95, 21033.0]], "asks": [[1975.1, 4825.0], [1975.3, 2649.0], [1975.35, 10822.0], [1975.4, 2000.0], [1975.45, 1436.0], [1975.5, 6004.0], [1975.55, 2000.0], [1975.6, 2000.0], [1975.65, 1427.0], [1975.75, 2857.0], [1975.85, 1622.0], [1975.9, 6862.0], [1976.0, 5010.0], [1976.05, 7120.0], [1976.1, 23016.0], [1976.15, 17787.0], [1976.2, 2855.0], [1976.25, 2000.0], [1976.3, 5000.0], [1976.35, 2855.0]]}}}
{"jsonrpc": "2.0", "method": "subscription", "params": {"channel": "book.ETH-PERPETUAL.none.20.100ms", "data": {"timestamp": 1772829611362, "change_id": 112302908237, "instrument_name": "ETH-PERPETUAL", "bids": [[1975.05, 5500.0], [1974.9, 5582.0], [1974.85, 12000.0], [1974.75, 2000.0], [1974.7, 2355.0], [1974.65, 2001.0], [1974.6, 8447.0], [1974.55, 4005.0], [1974.5, 4590.0], [1974.45, 2847.0], [1974.4, 2000.0], [1974.3, 4041.0], [1974.25, 4999.0], [1974.2, 2847.0], [1974.15, 7534.0], [1974.05, 2849.0], [1974.0, 60.0], [1973.95, 21033.0], [1973.9, 4081.0], [1973.85, 1277.0]], "asks": [[1975.1, 10325.0], [1975.25, 522.0], [1975.3, 2649.0], [1975.35, 4800.0], [1975.4, 2000.0], [1975.45, 1436.0], [1975.5, 7344.0], [1975.55, 7000.0], [1975.6, 2000.0], [1975.65, 1427.0], [1975.75, 2857.0], [1975.85, 1622.0], [1975.9, 6862.0], [1976.0, 20642.0], [1976.05, 5122.0], [1976.1, 20653.0], [1976.2, 2855.0], [1976.25, 2000.0], [1976.3, 5000.0], [1976.35, 2855.0]]}}}
{"jsonrpc": "2.0", "method": "subscription", "params": {"channel": "book.ETH-PERPETUAL.none.20.100ms", "data": {"timestamp": 1772829611693, "change_id": 112302908760, "instrument_name": "ETH-PERPETUAL", "bids": [[1975.05, 5502.0], [1974.9, 5158.0], [1974.85, 12000.0], [1974.8, 6813.0], [1974.75, 2000.0], [1974.7, 2355.0], [1974.65, 2001.0], [1974.6, 8447.0], [1974.55, 4005.0], [1974.5, 4590.0], [1974.45, 2847.0], [1974.4, 2000.0], [1974.3, 4041.0], [1974.25, 4999.0], [1974.2, 2847.0], [1974.15, 7534.0], [1974.05, 2849.0], [1974.0, 60.0], [1973.95, 21033.0], [1973.9, 4081.0]], "asks": [[1975.1, 10525.0], [1975.25, 522.0], [1975.3, 2649.0], [1975.35, 4800.0], [1975.4, 2000.0], [1975.45, 1436.0], [1975.5, 7344.0], [1975.55, 7000.0], [1975.6, 2000.0], [1975.65, 1427.0], [1975.75, 2857.0], [1975.85, 1622.0], [1975.9, 6862.0], [1976.0, 43657.0], [1976.05, 2120.0], [1976.1, 639.0], [1976.2, 2855.0], [1976.25, 2000.0], [1976.3, 5000.0], [1976.35, 2855.0]]}}}
{"jsonrpc": "2.0", "method": "subscription", "params": {"channel": "book.ETH-PERPETUAL.none.20.100ms", "data": {"timestamp": 1772829612018, "change_id": 112302909506, "instrument_name": "ETH-PERPETUAL", "bids": [[1975.05, 8211.0], [1975.0, 2000.0], [1974.85, 1642.0], [1974.8, 9000.0], [1974.75, 2000.0], [1974.7, 2355.0], [1974.65, 2001.0], [1974.6, 4891.0], [1974.55, 4005.0], [1974.5, 2845.0], [1974.45, 2857.0], [1974.4, 2000.0], [1974.3, 4041.0], [1974.25, 2000.0], [1974.2, 5846.0], [1974.15, 7534.0], [1974.05, 3548.0], [1974.0, 60.0], [1973.95, 21033.0], [1973.9, 4081.0]], "asks": [[1975.1, 5511.0], [1975.25, 522.0], [1975.3, 2649.0], [1975.35, 10300.0], [1975.4, 2000.0], [1975.45, 1436.0], [1975.5, 6004.0], [1975.55, 2000.0], [1975.6, 2000.0], [1975.65, 1427.0], [1975.75, 2857.0], [1975.85, 1622.0], [1975.9, 6862.0], [1975.95, 9164.0], [1976.0, 20642.0], [1976.05, 7120.0], [1976.1, 10520.0], [1976.15, 20014.0], [1976.2, 2855.0], [1976.25, 2000.0]]}}}
{"jsonrpc": "2.0", "method": "subscription", "params": {"channel": "book.ETH-PERPETUAL.none.20.100ms", "data": {"timestamp": 1772829612340, "change_id": 112302910132, "instrument_name": "ETH-PERPETUAL", "bids": [[1975.05, 8211.0], [1975.0, 2000.0], [1974.85, 1642.0], [1974.8, 9000.0], [1974.75, 2000.0], [1974.7, 2355.0], [1974.65, 2001.0], [1974.6, 4891.0], [1974.55, 4005.0], [1974.5, 2845.0], [1974.45, 2857.0], [1974.4, 2000.0], [1974.3, 4041.0], [1974.25, 2000.0], [1974.2, 5846.0], [1974.15, 7534.0], [1974.05, 3548.0], [1974.0, 60.0], [1973.95, 21033.0], [1973.9, 4081.0]], "asks": [[1975.1, 10981.0], [1975.25, 522.0], [1975.3, 2649.0], [1975.35, 4800.0], [1975.4, 2000.0], [1975.45, 1436.0], [1975.5, 7344.0], [1975.55, 7000.0], [1975.6, 2000.0], [1975.65, 1427.0], [1975.75, 2857.0], [1975.85, 1622.0], [1975.9, 6862.0], [1975.95, 9164.0], [1976.0, 40656.0], [1976.05, 2120.0], [1976.1, 9881.0], [1976.2, 2855.0], [1976.25, 2000.0], [1976.35, 10404.0]]}}}
{"jsonrpc": "2.0", "method": "subscription", "params": {"channel": "book.ETH-PERPETUAL.none.20.100ms", "data": {"timestamp": 1772829612531, "change_id": 112302910363, "instrument_name": "ETH-PERPETUAL", "bids": [[1975.05, 8211.0], [1975.0, 2000.0], [1974.85, 1642.0], [1974.8, 11788.0], [1974.75, 8812.0], [1974.7, 2355.0], [1974.65, 2001.0], [1974.6, 4891.0], [1974.55, 4005.0], [1974.5, 2845.0], [1974.45, 2857.0], [1974.4, 2000.0], [1974.3, 4041.0], [1974.25, 2000.0], [1974.2, 5846.0], [1974.15, 7534.0], [1974.05, 3548.0], [1974.0, 60.0], [1973.95, 21033.0], [1973.9, 4081.0]], "asks": [[1975.1, 11073.0], [1975.25, 522.0], [1975.3, 2649.0], [1975.35, 4800.0], [1975.4, 2000.0], [1975.45, 1436.0], [1975.5, 7344.0], [1975.55, 7000.0], [1975.6, 2000.0], [1975.65, 1427.0], [1975.75, 2857.0], [1975.85, 1622.0], [1975.9, 6862.0], [1975.95, 9164.0], [1976.0, 40656.0], [1976.05, 2120.0], [1976.1, 9881.0], [1976.2, 2855.0], [1976.25, 2000.0], [1976.35, 10404.0]]}}}
{"jsonrpc": "2.0", "method": "subscription", "params": {"channel": "book.ETH-PERPETUAL.none.20.100ms", "data": {"timestamp": 1772829613003, "change_id": 112302910943, "instrument_name": "ETH-PERPETUAL", "bids": [[1975.05, 8211.0], [1975.0, 2000.0], [1974.85, 1642.0], [1974.8, 11788.0], [1974.75, 8812.0], [1974.7, 2355.0], [1974.65, 2001.0], [1974.6, 4891.0], [1974.55, 4005.0], [1974.5, 2845.0], [1974.45, 2857.0], [1974.4, 2000.0], [1974.3, 4041.0], [1974.25, 2000.0], [1974.2, 8095.0], [1974.15, 7534.0], [1974.05, 3548.0], [1974.0, 60.0], [1973.95, 21033.0], [1973.9, 4081.0]], "asks": [[1975.1, 11073.0], [1975.25, 522.0], [1975.3, 2649.0], [1975.35, 4800.0], [1975.4, 2000.0], [1975.45, 1436.0], [1975.5, 7344.0], [1975.55, 7000.0], [1975.6, 2000.0], [1975.65, 1427.0], [1975.75, 2857.0], [1975.85, 1622.0], [1975.9, 6862.0], [1975.95, 14350.0], [1976.0, 40656.0], [1976.05, 2120.0], [1976.1, 9881.0], [1976.2, 2855.0], [1976.25, 2000.0], [1976.35, 10404.0]]}}}
{"jsonrpc": "2.0", "method": "subscription", "params": {"channel": "book.ETH-PERPETUAL.none.20.100ms", "data": {"timestamp": 1772829613326, "change_id": 112302911381, "instrument_name": "ETH-PERPETUAL", "bids": [[1975.05, 8211.0], [1975.0, 2000.0], [1974.85, 1642.0], [1974.8, 11788.0], [1974.75, 8812.0], [1974.7, 2355.0], [1974.65, 2001.0], [1974.6, 4891.0], [1974.55, 4005.0], [1974.5, 2845.0], [1974.45, 2857.0], [1974.4, 2000.0], [1974.3, 4041.0], [1974.25, 2000.0], [1974.2, 8095.0], [1974.15, 7534.0], [1974.05, 3548.0], [1974.0, 60.0], [1973.95, 21033.0], [1973.9, 4081.0]], "asks": [[1975.1, 11213.0], [1975.25, 522.0], [1975.3, 2649.0], [1975.35, 4800.0], [1975.4, 2000.0], [1975.45, 1436.0], [1975.5, 7344.0], [1975.55, 7000.0], [1975.6, 2000.0], [1975.65, 1427.0], [1975.75, 2857.0], [1975.85, 1622.0], [1975.9, 6862.0], [1975.95, 14350.0], [1976.0, 40656.0], [1976.05, 2120.0], [1976.1, 9881.0], [1976.2, 2855.0], [1976.25, 2000.0], [1976.35, 10404.0]]}}}
{"jsonrpc": "2.0", "method": "subscription", "params": {"channel": "book.ETH-PERPETUAL.none.20.100ms", "data": {"timestamp": 1772829613645, "change_id": 112302911813, "instrument_name": "ETH-PERPETUAL", "bids": [[1975.05, 17211.0], [1975.0, 2000.0], [1974.8, 2788.0], [1974.75, 8812.0], [1974.7, 2355.0], [1974.65, 2001.0], [1974.6, 4891.0], [1974.55, 4005.0], [1974.5, 2845.0], [1974.45, 2857.0], [1974.4, 2000.0], [1974.3, 4041.0], [1974.25, 2000.0], [1974.2, 8095.0], [1974.15, 7534.0], [1974.05, 3548.0], [1974.0, 60.0], [1973.95, 21033.0], [1973.9, 4081.0], [1973.85, 1277.0]], "asks": [[1975.1, 5604.0], [1975.25, 522.0], [1975.3, 2649.0], [1975.35, 10300.0], [1975.4, 2000.0], [1975.45, 1436.0], [1975.5, 7344.0], [1975.55, 7000.0], [1975.6, 2000.0], [1975.65, 1427.0], [1975.75, 2857.0], [1975.85, 1622.0], [1975.9, 9864.0], [1975.95, 6162.0], [1976.0, 20642.0], [1976.05, 22134.0], [1976.1, 9881.0], [1976.2, 2855.0], [1976.25, 2000.0], [1976.35, 10404.0]]}}}
{"jsonrpc": "2.0", "method": "subscription", "params": {"channel": "book.ETH-PERPETUAL.none.20.100ms", "data": {"timestamp": 1772829614016, "change_id": 112302912873, "instrument_name": "ETH-PERPETUAL", "bids": [[1975.45, 33258.0], [1975.4, 4233.0], [1975.35, 527.0], [1975.3, 2720.0], [1975.25, 9747.0], [1975.2, 14295.0], [1975.1, 2251.0], [1975.05, 5502.0], [1975.0, 2000.0], [1974.9, 2999.0], [1974.8, 4288.0], [1974.75, 8812.0], [1974.7, 4113.0], [1974.65, 2000.0], [1974.6, 3391.0], [1974.55, 4005.0], [1974.5, 4295.0], [1974.45, 2857.0], [1974.4, 2000.0], [1974.35, 19993.0]], "asks": [[1975.5, 10.0], [1975.9, 2857.0], [1976.0, 2855.0], [1976.05, 3549.0], [1976.2, 2855.0], [1976.25, 2000.0], [1976.35, 2855.0], [1976.4, 4005.0], [1976.5, 2855.0], [1976.55, 37801.0], [1976.6, 2855.0], [1976.65, 3002.0], [1976.7, 4301.0], [1976.75, 2000.0], [1976.8, 2855.0], [1976.9, 2853.0], [1976.95, 7000.0], [1977.05, 2854.0], [1977.1, 2237.0], [1977.15, 2000.0]]}}}
{"jsonrpc": "2.0", "method": "subscription", "params": {"channel": "book.ETH-PERPETUAL.none.20.100ms", "data": {"timestamp": 1772829614346, "change_id": 112302914369, "instrument_name": "ETH-PERPETUAL", "bids": [[1975.85, 4548.0], [1975.6, 4800.0], [1975.55, 7500.0], [1975.45, 11040.0], [1975.35, 527.0], [1975.3, 2849.0], [1975.2, 2860.0], [1975.15, 2000.0], [1975.1, 2251.0], [1975.05, 2862.0], [1975.0, 5249.0], [1974.95, 3695.0], [1974.9, 2860.0], [1974.8, 4311.0], [1974.75, 2000.0], [1974.7, 4113.0], [1974.65, 2000.0], [1974.6, 5555.0], [1974.55, 23998.0], [1974.5, 8232.0]], "asks": [[1975.9, 34831.0], [1976.05, 2120.0], [1976.2, 2855.0], [1976.25, 2000.0], [1976.3, 2048.0], [1976.35, 2855.0], [1976.4, 5284.0], [1976.45, 1429.0], [1976.5, 17153.0], [1976.55, 17787.0], [1976.6, 32752.0], [1976.7, 4301.0], [1976.75, 2000.0], [1976.8, 8874.0], [1976.85, 5000.0], [1976.9, 2853.0], [1976.95, 2000.0], [1977.05, 2854.0], [1977.1, 2237.0], [1977.15, 2000.0]]}}}
{"jsonrpc": "2.0", "method": "subscription", "params": {"channel": "book.ETH-PERPETUAL.none.20.100ms", "data": {"timestamp": 1772829614671, "change_id": 112302915045, "instrument_name": "ETH-PERPETUAL", "bids": [[1975.85, 10048.0], [1975.6, 13800.0], [1975.55, 2000.0], [1975.5, 2527.0], [1975.45, 2040.0], [1975.3, 2849.0], [1975.2, 2860.0], [1975.15, 4999.0], [1975.1, 2251.0], [1975.05, 2862.0], [1975.0, 4561.0], [1974.95, 696.0], [1974.9, 2860.0], [1974.8, 4311.0], [1974.75, 2000.0], [1974.7, 11566.0], [1974.65, 2000.0], [1974.6, 25548.0], [1974.55, 4005.0], [1974.5, 1450.0]], "asks": [[1975.9, 10357.0], [1976.05, 2522.0], [1976.2, 2855.0], [1976.25, 2000.0], [1976.3, 2048.0], [1976.35, 2855.0], [1976.4, 5284.0], [1976.45, 1429.0], [1976.5, 2855.0], [1976.55, 3802.0], [1976.6, 24000.0], [1976.65, 37801.0], [1976.7, 4301.0], [1976.75, 2000.0], [1976.8, 5872.0], [1976.85, 5639.0], [1976.9, 5855.0], [1976.95, 2000.0], [1977.05, 2854.0], [1977.1, 2357.0]]}}}
{"jsonrpc": "2.0", "method": "subscription", "params": {"channel": "book.ETH-PERPETUAL.none.20.100ms", "data": {"timestamp": 1772829615003, "change_id": 112302915595, "instrument_name": "ETH-PERPETUAL", "bids": [[1975.85, 6393.0], [1975.6, 14327.0], [1975.55, 2000.0], [1975.5, 2000.0], [1975.45, 2040.0], [1975.3, 2849.0], [1975.2, 2860.0], [1975.15, 4999.0], [1975.1, 2251.0], [1975.05, 2860.0], [1975.0, 4561.0], [1974.9, 2860.0], [1974.8, 10392.0], [1974.75, 21993.0], [1974.7, 5113.0], [1974.65, 2000.0], [1974.6, 10706.0], [1974.55, 4005.0], [1974.5, 19217.0], [1974.45, 2857.0]], "asks": [[1975.9, 5341.0], [1976.05, 2000.0], [1976.1, 2650.0], [1976.15, 5500.0], [1976.2, 3377.0], [1976.25, 2000.0], [1976.3, 3219.0], [1976.35, 7655.0], [1976.4, 5284.0], [1976.45, 1429.0], [1976.5, 2855.0], [1976.55, 3802.0], [1976.6, 12738.0], [1976.7, 14659.0], [1976.75, 19787.0], [1976.8, 25886.0], [1976.85, 5639.0], [1976.9, 5855.0], [1976.95, 2000.0], [1977.05, 2854.0]]}}}
{"jsonrpc": "2.0", "method": "subscription", "params": {"channel": "book.ETH-PERPETUAL.none.20.100ms", "data": {"timestamp": 1772829615336, "change_id": 112302916307, "instrument_name": "ETH-PERPETUAL", "bids": [[1975.85, 15393.0], [1975.65, 1590.0], [1975.6, 6521.0], [1975.55, 2000.0], [1975.5, 2000.0], [1975.45, 2040.0], [1975.35, 1058.0], [1975.3, 3545.0], [1975.2, 2860.0], [1975.15, 2000.0], [1975.1, 2251.0], [1975.05, 5859.0], [1975.0, 4561.0], [1974.9, 2860.0], [1974.85, 1852.0], [1974.8, 11392.0], [1974.75, 29645.0], [1974.7, 4113.0], [1974.65, 2000.0], [1974.6, 10706.0]], "asks": [[1975.9, 5549.0], [1976.05, 2000.0], [1976.1, 2650.0], [1976.15, 5500.0], [1976.2, 3377.0], [1976.25, 2000.0], [1976.3, 2048.0], [1976.35, 7655.0], [1976.4, 1279.0], [1976.45, 1429.0], [1976.5, 2855.0], [1976.55, 3802.0], [1976.6, 14785.0], [1976.65, 4005.0], [1976.7, 15629.0], [1976.75, 2040.0], [1976.8, 43658.0], [1976.85, 639.0], [1976.9, 4346.0], [1976.95, 7000.0]]}}}
{"jsonrpc": "2.0", "method": "subscription", "params": {"channel": "book.ETH-PERPETUAL.none.20.100ms", "data": {"timestamp": 1772829615659, "change_id": 112302916878, "instrument_name": "ETH-PERPETUAL", "bids": [[1975.85, 17393.0], [1975.65, 1590.0], [1975.6, 6521.0], [1975.55, 2000.0], [1975.5, 2000.0], [1975.45, 2040.0], [1975.35, 1058.0], [1975.3, 3545.0], [1975.2, 2860.0], [1975.15, 2000.0], [1975.1, 2251.0], [1975.05, 5859.0], [1975.0, 4561.0], [1974.9, 2860.0], [1974.85, 1852.0], [1974.8, 13109.0], [1974.75, 29645.0], [1974.7, 4113.0], [1974.65, 2000.0], [1974.6, 10706.0]], "asks": [[1975.9, 9398.0], [1976.05, 2000.0], [1976.1, 2650.0], [1976.15, 5500.0], [1976.2, 3377.0], [1976.25, 2000.0], [1976.3, 2048.0], [1976.35, 7655.0], [1976.4, 1279.0], [1976.45, 1429.0], [1976.5, 2855.0], [1976.55, 3802.0], [1976.6, 14785.0], [1976.65, 4005.0], [1976.7, 4313.0], [1976.75, 2040.0], [1976.8, 15097.0], [1976.85, 41442.0], [1976.9, 4346.0], [1976.95, 7000.0]]}}}
{"jsonrpc": "2.0", "method": "subscription", "params": {"channel": "book.ETH-PERPETUAL.none.20.100ms", "data": {"timestamp": 1772829615990, "change_id": 112302917294, "instrument_name": "ETH-PERPETUAL", "bids": [[1975.85, 17393.0], [1975.65, 1590.0], [1975.6, 6521.0], [1975.55, 2000.0], [1975.5, 2000.0], [1975.45, 2040.0], [1975.4, 2254.0], [1975.35, 4005.0], [1975.3, 3545.0], [1975.2, 2860.0], [1975.15, 2000.0], [1975.1, 2251.0], [1975.05, 5859.0], [1975.0, 4561.0], [1974.9, 2860.0], [1974.85, 7673.0], [1974.8, 27588.0], [1974.75, 9652.0], [1974.7, 4113.0], [1974.65, 2000.0]], "asks": [[1975.9, 6233.0], [1976.05, 2000.0], [1976.1, 2650.0], [1976.15, 5500.0], [1976.2, 3377.0], [1976.25, 2000.0], [1976.3, 2048.0], [1976.35, 7655.0], [1976.4, 1279.0], [1976.45, 1429.0], [1976.5, 2855.0], [1976.55, 3802.0], [1976.6, 14785.0], [1976.65, 4005.0], [1976.7, 4313.0], [1976.75, 2040.0], [1976.8, 15150.0], [1976.85, 41442.0], [1976.9, 4346.0], [1976.95, 7000.0]]}}}
{"jsonrpc": "2.0", "method": "subscription", "params": {"channel": "book.ETH-PERPETUAL.none.20.100ms", "data": {"timestamp": 1772829616330, "change_id": 112302917872, "instrument_name": "ETH-PERPETUAL", "bids": [[1975.85, 15393.0], [1975.7, 527.0], [1975.65, 1590.0], [1975.6, 7876.0], [1975.55, 2000.0], [1975.5, 8815.0], [1975.45, 2040.0], [1975.4, 2254.0], [1975.35, 4005.0], [1975.3, 3545.0], [1975.2, 2860.0], [1975.15, 4999.0], [1975.1, 2251.0], [1975.05, 2860.0], [1975.0, 4561.0], [1974.9, 10189.0], [1974.85, 20693.0], [1974.8, 7595.0], [1974.75, 9652.0], [1974.7, 9902.0]], "asks": [[1975.9, 3728.0], [1976.05, 2000.0], [1976.1, 2650.0], [1976.15, 5500.0], [1976.2, 3377.0], [1976.25, 2000.0], [1976.3, 2048.0], [1976.35, 7655.0], [1976.4, 1279.0], [1976.45, 1429.0], [1976.5, 2855.0], [1976.55, 3802.0], [1976.6, 14785.0], [1976.65, 4005.0], [1976.7, 4313.0], [1976.75, 2040.0], [1976.8, 15150.0], [1976.85, 18426.0], [1976.9, 25662.0], [1976.95, 7000.0]]}}}
{"jsonrpc": "2.0", "method": "subscription", "params": {"channel": "book.ETH-PERPETUAL.none.20.100ms", "data": {"timestamp": 1772829616657, "change_id": 112302918296, "instrument_name": "ETH-PERPETUAL", "bids": [[1975.85, 15393.0], [1975.7, 527.0], [1975.65, 1590.0], [1975.6, 7876.0], [1975.55, 2000.0], [1975.5, 8815.0], [1975.45, 2040.0], [1975.4, 2254.0], [1975.35, 4005.0], [1975.3, 3545.0], [1975.2, 4352.0], [1975.15, 2000.0], [1975.1, 5250.0], [1975.05, 2860.0], [1975.0, 4561.0], [1974.9, 10189.0], [1974.85, 700.0], [1974.8, 27588.0], [1974.75, 9652.0], [1974.7, 4113.0]], "asks": [[1975.9, 3922.0], [1976.05, 2000.0], [1976.1, 2650.0], [1976.15, 5500.0], [1976.2, 3377.0], [1976.25, 2000.0], [1976.3, 2048.0], [1976.35, 7655.0], [1976.4, 1279.0], [1976.45, 1429.0], [1976.5, 2855.0], [1976.55, 3802.0], [1976.6, 14785.0], [1976.65, 4005.0], [1976.7, 4313.0], [1976.75, 2040.0], [1976.8, 15150.0], [1976.85, 37801.0], [1976.9, 7348.0], [1976.95, 7000.0]]}}}
{"jsonrpc": "2.0", "method": "subscription", "params": {"channel": "book.ETH-PERPETUAL.none.20.100ms", "data": {"timestamp": 1772829616980, "change_id": 112302918673, "instrument_name": "ETH-PERPETUAL", "bids": [[1975.85, 15393.0], [1975.7, 527.0], [1975.65, 1590.0], [1975.6, 7876.0], [1975.55, 2000.0], [1975.5, 8815.0], [1975.45, 2040.0], [1975.4, 2254.0], [1975.35, 4005.0], [1975.3, 3545.0], [1975.2, 2860.0], [1975.15, 2000.0], [1975.1, 2251.0], [1975.05, 5859.0], [1975.0, 4561.0], [1974.9, 10189.0], [1974.85, 700.0], [1974.8, 27588.0], [1974.75, 9652.0], [1974.7, 4113.0]], "asks": [[1975.9, 3540.0], [1976.05, 2000.0], [1976.1, 2650.0], [1976.15, 5500.0], [1976.2, 3377.0], [1976.25, 2000.0], [1976.3, 2048.0], [1976.35, 7655.0], [1976.4, 1279.0], [1976.45, 1429.0], [1976.5, 2855.0], [1976.55, 3802.0], [1976.6, 14785.0], [1976.65, 4005.0], [1976.7, 4313.0], [1976.75, 2040.0], [1976.8, 15150.0], [1976.85, 40803.0], [1976.9, 4346.0], [1976.95, 7000.0]]}}}
{"jsonrpc": "2.0", "method": "subscription", "params": {"channel": "book.ETH-PERPETUAL.none.20.100ms", "data": {"timestamp": 1772829617290, "change_id": 112302919024, "instrument_name": "ETH-PERPETUAL", "bids": [[1975.85, 17393.0], [1975.7, 527.0], [1975.65, 1590.0], [1975.6, 7876.0], [1975.55, 2000.0], [1975.5, 8815.0], [1975.45, 2041.0], [1975.4, 2254.0], [1975.35, 4005.0], [1975.3, 3545.0], [1975.2, 2860.0], [1975.15, 2000.0], [1975.1, 5250.0], [1975.05, 2860.0], [1975.0, 4561.0], [1974.9, 10189.0], [1974.85, 700.0], [1974.8, 27588.0], [1974.75, 9652.0], [1974.7, 4113.0]], "asks": [[1975.9, 3726.0], [1976.05, 2000.0], [1976.1, 2650.0], [1976.15, 5500.0], [1976.2, 3377.0], [1976.25, 2000.0], [1976.3, 2048.0], [1976.35, 7655.0], [1976.4, 1279.0], [1976.45, 1429.0], [1976.5, 2855.0], [1976.55, 3802.0], [1976.6, 14785.0], [1976.65, 4005.0], [1976.7, 4313.0], [1976.75, 2040.0], [1976.8, 15150.0], [1976.85, 40803.0], [1976.9, 4346.0], [1976.95, 7000.0]]}}}
{"jsonrpc": "2.0", "method": "subscription", "params": {"channel": "book.ETH-PERPETUAL.none.20.100ms", "data": {"timestamp": 1772829617647, "change_id": 112302919494, "instrument_name": "ETH-PERPETUAL", "bids": [[1975.85, 17393.0], [1975.7, 527.0], [1975.65, 1590.0], [1975.6, 7876.0], [1975.55, 2000.0], [1975.5, 8815.0], [1975.45, 2041.0], [1975.4, 2254.0], [1975.35, 4005.0], [1975.3, 3545.0], [1975.2, 2860.0], [1975.15, 2000.0], [1975.1, 5250.0], [1975.05, 2860.0], [1975.0, 4561.0], [1974.9, 10189.0], [1974.85, 700.0], [1974.8, 27588.0], [1974.75, 9652.0], [1974.7, 4113.0]], "asks": [[1975.9, 4247.0], [1976.05, 2000.0], [1976.1, 2650.0], [1976.15, 5500.0], [1976.2, 3377.0], [1976.25, 2000.0], [1976.3, 2048.0], [1976.35, 7655.0], [1976.4, 1279.0], [1976.45, 1429.0], [1976.5, 2855.0], [1976.55, 3802.0], [1976.6, 14785.0], [1976.65, 4005.0], [1976.7, 4313.0], [1976.75, 2040.0], [1976.8, 15150.0], [1976.85, 40803.0], [1976.9, 4346.0], [1976.95, 7000.0]]}}}
{"jsonrpc": "2.0", "method": "subscription", "params": {"channel": "book.ETH-PERPETUAL.none.20.100ms", "data": {"timestamp": 1772829617979, "change_id": 112302920134, "instrument_name": "ETH-PERPETUAL", "bids": [[1975.85, 17960.0], [1975.65, 1590.0], [1975.6, 7876.0], [1975.55, 2000.0], [1975.5, 8815.0], [1975.45, 2001.0], [1975.4, 2254.0], [1975.35, 4005.0], [1975.3, 3545.0], [1975.25, 2999.0], [1975.2, 2860.0], [1975.15, 2000.0], [1975.1, 2251.0], [1975.05, 2860.0], [1975.0, 4561.0], [1974.9, 22853.0], [1974.85, 700.0], [1974.8, 7595.0], [1974.75, 9652.0], [1974.7, 4113.0]], "asks": [[1975.9, 2985.0], [1976.05, 2000.0], [1976.1, 1798.0], [1976.15, 5500.0], [1976.25, 2000.0], [1976.3, 1008.0], [1976.35, 2855.0], [1976.4, 1801.0], [1976.45, 1429.0], [1976.5, 2855.0], [1976.6, 4902.0], [1976.65, 4005.0], [1976.7, 4313.0], [1976.75, 2040.0], [1976.8, 2855.0], [1976.9, 2853.0], [1976.95, 22014.0], [1977.0, 17787.0], [1977.05, 2854.0], [1977.1, 5359.0]]}}}
{"jsonrpc": "2.0", "method": "subscription", "params": {"channel": "book.ETH-PERPETUAL.none.20.100ms", "data": {"timestamp": 1772829618297, "change_id": 112302920542, "instrument_name": "ETH-PERPETUAL", "bids": [[1975.85, 17960.0], [1975.65, 1590.0], [1975.6, 5994.0], [1975.55, 2000.0], [1975.5, 2000.0], [1975.45, 2001.0], [1975.4, 2254.0], [1975.35, 4005.0], [1975.3, 3545.0], [1975.25, 2999.0], [1975.2, 2860.0], [1975.15, 2000.0], [1975.1, 2251.0], [1975.05, 2860.0], [1975.0, 4561.0], [1974.9, 2860.0], [1974.85, 20693.0], [1974.8, 7595.0], [1974.75, 9652.0], [1974.7, 4113.0]], "asks": [[1975.9, 2585.0], [1976.05, 2000.0], [1976.1, 1798.0], [1976.15, 5500.0], [1976.25, 2000.0], [1976.3, 1008.0], [1976.35, 2855.0], [1976.4, 1801.0], [1976.45, 1429.0], [1976.5, 2855.0], [1976.6, 4902.0], [1976.65, 4005.0], [1976.7, 4313.0], [1976.75, 2040.0], [1976.8, 2855.0], [1976.9, 2853.0], [1976.95, 22014.0], [1977.0, 17787.0], [1977.05, 5856.0], [1977.1, 12243.0]]}}}
{"jsonrpc": "2.0", "method": "subscription", "params": {"channel": "book.ETH-PERPETUAL.none.20.100ms", "data": {"timestamp": 1772829618629, "change_id": 112302920995, "instrument_name": "ETH-PERPETUAL", "bids": [[1975.85, 15920.0], [1975.7, 3467.0], [1975.65, 6816.0], [1975.6, 5994.0], [1975.55, 2000.0], [1975.5, 2000.0], [1975.45, 2001.0], [1975.4, 2254.0], [1975.35, 4005.0], [1975.3, 3545.0], [1975.2, 2860.0], [1975.15, 2000.0], [1975.1, 2251.0], [1975.05, 2860.0], [1975.0, 4561.0], [1974.95, 2999.0], [1974.9, 2860.0], [1974.85, 700.0], [1974.8, 27628.0], [1974.75, 9652.0]], "asks": [[1975.9, 10900.0], [1976.05, 2000.0], [1976.1, 1798.0], [1976.15, 5500.0], [1976.25, 2522.0], [1976.3, 1008.0], [1976.35, 2855.0], [1976.4, 1279.0], [1976.45, 1429.0], [1976.5, 2855.0], [1976.55, 3802.0], [1976.6, 14785.0], [1976.65, 4005.0], [1976.7, 4313.0], [1976.75, 5042.0], [1976.8, 2855.0], [1976.85, 22787.0], [1976.9, 3492.0], [1976.95, 2000.0], [1977.0, 20014.0]]}}}
{"jsonrpc": "2.0", "method": "subscription", "params": {"channel": "book.ETH-PERPETUAL.none.20.100ms", "data": {"timestamp": 1772829618968, "change_id": 112302921543, "instrument_name": "ETH-PERPETUAL", "bids": [[1975.85, 17960.0], [1975.7, 3467.0], [1975.65, 6816.0], [1975.6, 5994.0], [1975.55, 2000.0], [1975.5, 2000.0], [1975.45, 2001.0], [1975.4, 2254.0], [1975.35, 4005.0], [1975.3, 3545.0], [1975.2, 5859.0], [1975.15, 2000.0], [1975.1, 2251.0], [1975.05, 2860.0], [1975.0, 4561.0], [1974.95, 19993.0], [1974.9, 2860.0], [1974.85, 700.0], [1974.8, 7595.0], [1974.75, 9652.0]], "asks": [[1975.9, 1140.0], [1976.05, 2000.0], [1976.1, 1798.0], [1976.15, 5500.0], [1976.25, 2522.0], [1976.3, 1008.0], [1976.35, 2855.0], [1976.4, 1279.0], [1976.45, 1429.0], [1976.5, 2855.0], [1976.6, 4902.0], [1976.65, 4005.0], [1976.7, 4313.0], [1976.75, 2040.0], [1976.8, 2855.0], [1976.9, 2853.0], [1976.95, 2000.0], [1977.0, 20789.0], [1977.05, 22868.0], [1977.1, 12243.0]]}}}
{"jsonrpc": "2.0", "method": "subscription", "params": {"channel": "book.ETH-PERPETUAL.none.20.100ms", "data": {"timestamp": 1772829619297, "change_id": 112302921948, "instrument_name": "ETH-PERPETUAL", "bids": [[1975.85, 17960.0], [1975.7, 3467.0], [1975.65, 6816.0], [1975.6, 5994.0], [1975.55, 2000.0], [1975.5, 2000.0], [1975.45, 2001.0], [1975.4, 2254.0], [1975.35, 4005.0], [1975.3, 3545.0], [1975.2, 5859.0], [1975.15, 2000.0], [1975.1, 2251.0], [1975.05, 2860.0], [1975.0, 4561.0], [1974.9, 2860.0], [1974.85, 20693.0], [1974.8, 7595.0], [1974.75, 9652.0], [1974.7, 9902.0]], "asks": [[1975.9, 1050.0], [1976.05, 2000.0], [1976.1, 1798.0], [1976.15, 5500.0], [1976.25, 2522.0], [1976.3, 1008.0], [1976.35, 2855.0], [1976.4, 1279.0], [1976.45, 1429.0], [1976.5, 2855.0], [1976.6, 4902.0], [1976.65, 4005.0], [1976.7, 4313.0], [1976.75, 2040.0], [1976.8, 2855.0], [1976.9, 2853.0], [1976.95, 22789.0], [1977.0, 20014.0], [1977.05, 2854.0], [1977.1, 12243.0]]}}}
{"jsonrpc": "2.0", "method": "subscription", "params": {"channel": "book.ETH-PERPETUAL.none.20.100ms", "data": {"timestamp": 1772829619635, "change_id": 112302922357, "instrument_name": "ETH-PERPETUAL", "bids": [[1975.85, 17960.0], [1975.7, 3467.0], [1975.65, 6816.0], [1975.6, 5994.0], [1975.55, 2000.0], [1975.5, 2000.0], [1975.45, 2001.0], [1975.4, 2254.0], [1975.35, 4005.0], [1975.3, 3545.0], [1975.2, 5859.0], [1975.15, 2000.0], [1975.1, 2251.0], [1975.05, 2860.0], [1975.0, 4561.0], [1974.9, 2860.0], [1974.85, 20693.0], [1974.8, 7595.0], [1974.75, 9652.0], [1974.7, 9902.0]], "asks": [[1975.9, 1050.0], [1976.05, 2000.0], [1976.1, 1798.0], [1976.15, 5500.0], [1976.25, 2522.0], [1976.3, 1008.0], [1976.35, 2855.0], [1976.4, 1279.0], [1976.45, 1429.0], [1976.5, 2855.0], [1976.6, 4902.0], [1976.65, 4005.0], [1976.7, 4313.0], [1976.75, 2040.0], [1976.8, 2855.0], [1976.9, 2853.0], [1976.95, 42803.0], [1977.05, 2854.0], [1977.1, 12243.0], [1977.15, 2040.0]]}}}
{"jsonrpc": "2.0", "method": "subscription", "params": {"channel": "book.ETH-PERPETUAL.none.20.100ms", "data": {"timestamp": 1772829619965, "change_id": 112302922856, "instrument_name": "ETH-PERPETUAL", "bids": [[1975.85, 17960.0], [1975.7, 2035.0], [1975.65, 6816.0], [1975.6, 1194.0], [1975.55, 2000.0], [1975.5, 2000.0], [1975.45, 2001.0], [1975.4, 2254.0], [1975.35, 4005.0], [1975.3, 3545.0], [1975.2, 2860.0], [1975.15, 4999.0], [1975.1, 2251.0], [1975.05, 2860.0], [1975.0, 4561.0], [1974.95, 19993.0], [1974.9, 2860.0], [1974.85, 700.0], [1974.8, 7595.0], [1974.75, 9652.0]], "asks": [[1975.9, 4250.0], [1976.05, 2000.0], [1976.1, 1798.0], [1976.15, 5500.0], [1976.25, 2522.0], [1976.3, 1008.0], [1976.35, 2855.0], [1976.4, 1279.0], [1976.45, 1429.0], [1976.5, 2855.0], [1976.6, 4902.0], [1976.65, 4005.0], [1976.7, 4313.0], [1976.75, 2040.0], [1976.8, 2855.0], [1976.9, 5855.0], [1976.95, 19787.0], [1977.0, 20014.0], [1977.05, 2854.0], [1977.1, 12243.0]]}}}
{"jsonrpc": "2.0", "method": "subscription", "params": {"channel": "book.ETH-PERPETUAL.none.20.100ms", "data": {"timestamp": 1772829620214, "change_id": 112302923218, "instrument_name": "ETH-PERPETUAL", "bids": [[1975.85, 17960.0], [1975.7, 2035.0], [1975.65, 6816.0], [1975.6, 1194.0], [1975.55, 2000.0], [1975.5, 2000.0], [1975.45, 2001.0], [1975.4, 2254.0], [1975.35, 4005.0], [1975.3, 3545.0], [1975.2, 2860.0], [1975.15, 2000.0], [1975.1, 2251.0], [1975.05, 5859.0], [1975.0, 4561.0], [1974.9, 2860.0], [1974.85, 20693.0], [1974.8, 7595.0], [1974.75, 9652.0], [1974.7, 4113.0]], "asks": [[1975.9, 7000.0], [1976.05, 2000.0], [1976.1, 1798.0], [1976.15, 5500.0], [1976.25, 2522.0], [1976.3, 1008.0], [1976.35, 2855.0], [1976.4, 1279.0], [1976.45, 1429.0], [1976.5, 2855.0], [1976.6, 4902.0], [1976.65, 4005.0], [1976.7, 4313.0], [1976.75, 2040.0], [1976.8, 2855.0], [1976.85, 3001.0], [1976.9, 2853.0], [1976.95, 22014.0], [1977.0, 17787.0], [1977.05, 2854.0]]}}}
{"jsonrpc": "2.0", "method": "subscription", "params": {"channel": "book.ETH-PERPETUAL.none.20.100ms", "data": {"timestamp": 1772829620622, "change_id": 112302923655, "instrument_name": "ETH-PERPETUAL", "bids": [[1975.85, 15920.0], [1975.7, 2035.0], [1975.65, 6816.0], [1975.6, 1194.0], [1975.55, 2000.0], [1975.5, 2000.0], [1975.45, 2001.0], [1975.4, 2254.0], [1975.35, 4005.0], [1975.3, 3545.0], [1975.2, 2860.0], [1975.15, 2000.0], [1975.1, 2251.0], [1975.05, 5859.0], [1975.0, 4561.0], [1974.9, 2860.0], [1974.85, 20693.0], [1974.8, 7635.0], [1974.75, 9652.0], [1974.7, 4113.0]], "asks": [[1975.9, 8060.0], [1976.05, 2000.0], [1976.1, 1798.0], [1976.15, 5500.0], [1976.25, 2522.0], [1976.3, 1008.0], [1976.35, 2855.0], [1976.4, 1279.0], [1976.45, 1429.0], [1976.5, 2855.0], [1976.6, 14785.0], [1976.65, 4005.0], [1976.7, 4313.0], [1976.75, 2040.0], [1976.8, 7855.0], [1976.85, 20788.0], [1976.9, 2853.0], [1976.95, 22014.0], [1977.05, 2854.0], [1977.1, 2357.0]]}}}
{"jsonrpc": "2.0", "method": "subscription", "params": {"channel": "book.ETH-PERPETUAL.none.20.100ms", "data": {"timestamp": 1772829620956, "change_id": 112302924138, "instrument_name": "ETH-PERPETUAL", "bids": [[1975.85, 17920.0], [1975.7, 2035.0], [1975.65, 6816.0], [1975.6, 1194.0], [1975.55, 2000.0], [1975.5, 2000.0], [1975.45, 2001.0], [1975.4, 2254.0], [1975.35, 4005.0], [1975.3, 3545.0], [1975.2, 2860.0], [1975.15, 2000.0], [1975.1, 2251.0], [1975.05, 2860.0], [1975.0, 4561.0], [1974.95, 2999.0], [1974.9, 2860.0], [1974.85, 20693.0], [1974.8, 7635.0], [1974.75, 9652.0]], "asks": [[1975.9, 3200.0], [1976.05, 2000.0], [1976.1, 1798.0], [1976.15, 5500.0], [1976.25, 2522.0], [1976.3, 1008.0], [1976.35, 2855.0], [1976.4, 1279.0], [1976.45, 1429.0], [1976.5, 2855.0], [1976.6, 4902.0], [1976.65, 4005.0], [1976.7, 4313.0], [1976.75, 5042.0], [1976.8, 2855.0], [1976.85, 17787.0], [1976.9, 3492.0], [1976.95, 2000.0], [1977.0, 20014.0], [1977.05, 2854.0]]}}}
