{"jsonrpc": "2.0", "id": 1, "result": ["book.ETH-PERPETUAL.none.20.100ms"], "usIn": 1768594476195504, "usOut": 1768594476195749, "usDiff": 245, "testnet": false}
{"jsonrpc": "2.0", "method": "subscription", "params": {"channel": "book.ETH-PERPETUAL.none.20.100ms", "data": {"timestamp": 1768594476183, "change_id": 105122394491, "instrument_name": "ETH-PERPETUAL", "bids": [[3271.3, 10371.0], [3271.1, 1556.0], [3271.05, 3552.0], [3270.95, 6900.0], [3270.9, 23127.0], [3270.85, 5000.0], [3270.8, 50000.0], [3270.75, 1701.0], [3270.7, 6095.0], [3270.65, 1500.0], [3270.6, 9646.0], [3270.55, 6992.0], [3270.5, 21768.0], [3270.45, 6277.0], [3270.4, 21994.0], [3270.35, 5000.0], [3270.3, 3984.0], [3270.2, 12150.0], [3270.15, 3997.0], [3270.05, 870.0]], "asks": [[3271.35, 5194.0], [3271.55, 25676.0], [3271.6, 1200.0], [3271.65, 86429.0], [3271.8, 22556.0], [3271.9, 4361.0], [3271.95, 16837.0], [3272.0, 318.0], [3272.1, 5000.0], [3272.15, 2781.0], [3272.2, 3997.0], [3272.25, 5318.0], [3272.3, 7489.0], [3272.35, 10614.0], [3272.4, 8999.0], [3272.45, 1548.0], [3272.5, 3186.0], [3272.55, 5000.0], [3272.6, 7484.0], [3272.65, 17143.0]]}}}
{"jsonrpc": "2.0", "method": "subscription", "params": {"channel": "book.ETH-PERPETUAL.none.20.100ms", "data": {"timestamp": 1768594476261, "change_id": 105122394696, "instrument_name": "ETH-PERPETUAL", "bids": [[3271.3, 10271.0], [3271.1, 1556.0], [3271.05, 3552.0], [3270.95, 6900.0], [3270.9, 23127.0], [3270.85, 5000.0], [3270.8, 50000.0], [3270.75, 1701.0], [3270.7, 6095.0], [3270.6, 9646.0], [3270.55, 6992.0], [3270.5, 21768.0], [3270.45, 6277.0], [3270.4, 21994.0], [3270.35, 5000.0], [3270.3, 5484.0], [3270.2, 12150.0], [3270.15, 3997.0], [3270.05, 870.0], [3270.0, 3099.0]], "asks": [[3271.35, 6394.0], [3271.55, 25676.0], [3271.65, 86429.0], [3271.8, 22556.0], [3271.9, 4361.0], [3271.95, 16837.0], [3272.0, 318.0], [3272.1, 5000.0], [3272.15, 2781.0], [3272.2, 3997.0], [3272.25, 5318.0], [3272.3, 7489.0], [3272.35, 10614.0], [3272.4, 8999.0], [3272.45, 1548.0], [3272.5, 3186.0], [3272.55, 5000.0], [3272.6, 7484.0], [3272.65, 17143.0], [3272.7, 8999.0]]}}}
{"jsonrpc": "2.0", "method": "subscription", "params": {"channel": "book.ETH-PERPETUAL.none.20.100ms", "data": {"timestamp": 1768594476575, "change_id": 105122395146, "instrument_name": "ETH-PERPETUAL", "bids": [[3271.3, 8885.0], [3271.1, 1556.0], [3271.05, 3552.0], [3270.95, 6900.0], [3270.9, 8393.0], [3270.85, 5000.0], [3270.75, 16736.0], [3270.7, 6095.0], [3270.6, 54875.0], [3270.55, 6992.0], [3270.5, 3996.0], [3270.45, 3278.0], [3270.4, 1998.0], [3270.35, 5000.0], [3270.3, 5484.0], [3270.25, 40767.0], [3270.2, 13215.0], [3270.15, 3997.0], [3270.05, 870.0], [3270.0, 3099.0]], "asks": [[3271.35, 22033.0], [3271.4, 1420.0], [3271.45, 2060.0], [3271.5, 6900.0], [3271.55, 25676.0], [3271.6, 4769.0], [3271.65, 96679.0], [3271.8, 17787.0], [3271.9, 1493.0], [3271.95, 6587.0], [3272.0, 328.0], [3272.1, 5000.0], [3272.15, 2781.0], [3272.2, 3997.0], [3272.25, 8319.0], [3272.3, 7489.0], [3272.35, 10604.0], [3272.4, 8999.0], [3272.45, 1548.0], [3272.5, 185.0]]}}}
{"jsonrpc": "2.0", "method": "subscription", "params": {"channel": "book.ETH-PERPETUAL.none.20.100ms", "data": {"timestamp": 1768594476887, "change_id": 105122395628, "instrument_name": "ETH-PERPETUAL", "bids": [[3271.3, 8885.0], [3271.05, 5158.0], [3271.0, 5000.0], [3270.95, 8456.0], [3270.9, 8393.0], [3270.85, 5000.0], [3270.75, 1701.0], [3270.7, 6095.0], [3270.6, 18371.0], [3270.55, 6992.0], [3270.5, 53996.0], [3270.45, 3278.0], [3270.4, 1998.0], [3270.35, 5000.0], [3270.3, 24577.0], [3270.25, 37768.0], [3270.2, 12150.0], [3270.15, 3997.0], [3270.05, 870.0], [3270.0, 3099.0]], "asks": [[3271.35, 22033.0], [3271.4, 1420.0], [3271.45, 2060.0], [3271.5, 6900.0], [3271.55, 25676.0], [3271.6, 4769.0], [3271.65, 96679.0], [3271.8, 17787.0], [3271.9, 1493.0], [3271.95, 6587.0], [3272.0, 328.0], [3272.1, 5000.0], [3272.15, 2781.0], [3272.2, 3997.0], [3272.25, 8319.0], [3272.3, 7489.0], [3272.35, 10604.0], [3272.4, 8999.0], [3272.45, 1548.0], [3272.5, 185.0]]}}}
{"jsonrpc": "2.0", "method": "subscription", "params": {"channel": "book.ETH-PERPETUAL.none.20.100ms", "data": {"timestamp": 1768594477231, "change_id": 105122396014, "instrument_name": "ETH-PERPETUAL", "bids": [[3271.3, 8885.0], [3271.05, 5158.0], [3271.0, 5000.0], [3270.95, 8456.0], [3270.9, 8393.0], [3270.85, 5000.0], [3270.75, 16736.0], [3270.7, 6095.0], [3270.6, 54875.0], [3270.55, 6992.0], [3270.5, 3996.0], [3270.45, 3278.0], [3270.4, 1998.0], [3270.35, 7999.0], [3270.3, 5484.0], [3270.25, 37768.0], [3270.2, 12150.0], [3270.15, 3997.0], [3270.05, 870.0], [3270.0, 3099.0]], "asks": [[3271.35, 15133.0], [3271.4, 1420.0], [3271.45, 2060.0], [3271.5, 6900.0], [3271.55, 25676.0], [3271.6, 4769.0], [3271.65, 96679.0], [3271.8, 17787.0], [3271.9, 1493.0], [3271.95, 6587.0], [3272.0, 328.0], [3272.1, 5000.0], [3272.15, 2781.0], [3272.2, 3997.0], [3272.25, 8319.0], [3272.3, 7489.0], [3272.35, 10604.0], [3272.4, 8999.0], [3272.45, 1548.0], [3272.5, 185.0]]}}}
{"jsonrpc": "2.0", "method": "subscription", "params": {"channel": "book.ETH-PERPETUAL.none.20.100ms", "data": {"timestamp": 1768594477538, "change_id": 105122396392, "instrument_name": "ETH-PERPETUAL", "bids": [[3271.3, 8885.0], [3271.15, 2060.0], [3271.1, 6900.0], [3271.05, 5158.0], [3271.0, 5000.0], [3270.95, 8456.0], [3270.9, 8393.0], [3270.85, 5000.0], [3270.75, 16736.0], [3270.7, 6095.0], [3270.6, 54875.0], [3270.55, 6992.0], [3270.5, 3996.0], [3270.45, 3278.0], [3270.4, 1998.0], [3270.35, 5000.0], [3270.3, 8483.0], [3270.25, 37768.0], [3270.2, 12150.0], [3270.15, 3997.0]], "asks": [[3271.35, 25955.0], [3271.4, 1420.0], [3271.45, 2060.0], [3271.5, 6900.0], [3271.55, 25676.0], [3271.6, 4769.0], [3271.65, 96679.0], [3271.8, 17787.0], [3271.9, 1493.0], [3271.95, 6587.0], [3272.0, 328.0], [3272.1, 5000.0], [3272.15, 2781.0], [3272.2, 6998.0], [3272.25, 5318.0], [3272.3, 7489.0], [3272.35, 10604.0], [3272.4, 8999.0], [3272.45, 1548.0], [3272.5, 185.0]]}}}
{"jsonrpc": "2.0", "method": "subscription", "params": {"channel": "book.ETH-PERPETUAL.none.20.100ms", "data": {"timestamp": 1768594477851, "change_id": 105122396703, "instrument_name": "ETH-PERPETUAL", "bids": [[3271.3, 8885.0], [3271.15, 2060.0], [3271.1, 6900.0], [3271.05, 5158.0], [3271.0, 5000.0], [3270.95, 8456.0], [3270.9, 8393.0], [3270.85, 5000.0], [3270.75, 16736.0], [3270.7, 6095.0], [3270.6, 54875.0], [3270.55, 6992.0], [3270.5, 3996.0], [3270.45, 3278.0], [3270.4, 1998.0], [3270.35, 5000.0], [3270.3, 24577.0], [3270.25, 37768.0], [3270.2, 12150.0], [3270.15, 3997.0]], "asks": [[3271.35, 25955.0], [3271.4, 1420.0], [3271.45, 2060.0], [3271.5, 6900.0], [3271.55, 25676.0], [3271.6, 4769.0], [3271.65, 96679.0], [3271.8, 17787.0], [3271.9, 1493.0], [3271.95, 6587.0], [3272.0, 328.0], [3272.1, 5000.0], [3272.15, 2781.0], [3272.2, 6998.0], [3272.25, 5318.0], [3272.3, 7489.0], [3272.35, 10604.0], [3272.4, 8999.0], [3272.45, 1548.0], [3272.5, 185.0]]}}}
{"jsonrpc": "2.0", "method": "subscription", "params": {"channel": "book.ETH-PERPETUAL.none.20.100ms", "data": {"timestamp": 1768594478182, "change_id": 105122396753, "instrument_name": "ETH-PERPETUAL", "bids": [[3271.3, 8885.0], [3271.15, 3289.0], [3271.1, 6900.0], [3271.05, 10158.0], [3270.95, 8456.0], [3270.9, 8393.0], [3270.85, 5000.0], [3270.75, 16736.0], [3270.7, 6095.0], [3270.6, 54875.0], [3270.55, 6992.0], [3270.5, 3996.0], [3270.45, 3278.0], [3270.4, 1998.0], [3270.35, 5000.0], [3270.3, 24577.0], [3270.25, 37768.0], [3270.2, 12150.0], [3270.15, 3997.0], [3270.05, 870.0]], "asks": [[3271.35, 25955.0], [3271.4, 1420.0], [3271.45, 2060.0], [3271.5, 6900.0], [3271.55, 25676.0], [3271.6, 4769.0], [3271.65, 96679.0], [3271.8, 17787.0], [3271.9, 1493.0], [3271.95, 6587.0], [3272.0, 328.0], [3272.1, 5000.0], [3272.15, 2781.0], [3272.2, 6998.0], [3272.25, 5318.0], [3272.3, 7489.0], [3272.35, 10604.0], [3272.4, 8999.0], [3272.45, 1548.0], [3272.5, 185.0]]}}}
{"jsonrpc": "2.0", "method": "subscription", "params": {"channel": "book.ETH-PERPETUAL.none.20.100ms", "data": {"timestamp": 1768594478571, "change_id": 105122397369, "instrument_name": "ETH-PERPETUAL", "bids": [[3271.3, 8885.0], [3271.25, 3948.0], [3271.2, 4769.0], [3271.1, 8456.0], [3271.05, 5158.0], [3270.95, 6900.0], [3270.9, 23127.0], [3270.85, 11900.0], [3270.8, 50000.0], [3270.75, 1701.0], [3270.7, 6095.0], [3270.6, 8751.0], [3270.55, 6992.0], [3270.5, 3996.0], [3270.45, 21050.0], [3270.4, 1998.0], [3270.35, 27995.0], [3270.3, 3984.0], [3270.2, 5000.0], [3270.15, 5497.0]], "asks": [[3271.35, 11620.0], [3271.4, 1420.0], [3271.45, 2060.0], [3271.5, 6900.0], [3271.55, 25676.0], [3271.65, 86429.0], [3271.8, 27108.0], [3271.85, 10250.0], [3271.95, 6587.0], [3272.0, 318.0], [3272.1, 5000.0], [3272.15, 2781.0], [3272.2, 3997.0], [3272.25, 5318.0], [3272.3, 10490.0], [3272.35, 10604.0], [3272.4, 9009.0], [3272.45, 1548.0], [3272.5, 185.0], [3272.55, 5000.0]]}}}
{"jsonrpc": "2.0", "method": "subscription", "params": {"channel": "book.ETH-PERPETUAL.none.20.100ms", "data": {"timestamp": 1768594478907, "change_id": 105122397738, "instrument_name": "ETH-PERPETUAL", "bids": [[3271.3, 1985.0], [3271.2, 4769.0], [3271.1, 8456.0], [3271.05, 5158.0], [3270.95, 6900.0], [3270.9, 23127.0], [3270.85, 11900.0], [3270.8, 50000.0], [3270.75, 1701.0], [3270.7, 6095.0], [3270.6, 8751.0], [3270.55, 6992.0], [3270.5, 3996.0], [3270.45, 27495.0], [3270.4, 1998.0], [3270.35, 27995.0], [3270.3, 3984.0], [3270.2, 5000.0], [3270.15, 5497.0], [3270.05, 870.0]], "asks": [[3271.35, 16180.0], [3271.4, 1420.0], [3271.45, 2060.0], [3271.5, 6900.0], [3271.55, 25676.0], [3271.6, 4769.0], [3271.65, 86429.0], [3271.8, 22339.0], [3271.85, 10250.0], [3271.95, 6587.0], [3272.0, 318.0], [3272.1, 5000.0], [3272.15, 2781.0], [3272.2, 3997.0], [3272.25, 8319.0], [3272.3, 7489.0], [3272.35, 10604.0], [3272.4, 9009.0], [3272.45, 1548.0], [3272.5, 185.0]]}}}
{"jsonrpc": "2.0", "method": "subscription", "params": {"channel": "book.ETH-PERPETUAL.none.20.100ms", "data": {"timestamp": 1768594479237, "change_id": 105122397959, "instrument_name": "ETH-PERPETUAL", "bids": [[3271.3, 1985.0], [3271.15, 2524.0], [3271.1, 8456.0], [3271.05, 5158.0], [3271.0, 4769.0], [3270.95, 6900.0], [3270.9, 10261.0], [3270.85, 11900.0], [3270.75, 16736.0], [3270.7, 6095.0], [3270.65, 50000.0], [3270.6, 3980.0], [3270.55, 6992.0], [3270.5, 3996.0], [3270.45, 3278.0], [3270.4, 1998.0], [3270.35, 25771.0], [3270.3, 3984.0], [3270.25, 19996.0], [3270.2, 5000.0]], "asks": [[3271.35, 16180.0], [3271.4, 1420.0], [3271.45, 2060.0], [3271.5, 6900.0], [3271.55, 25676.0], [3271.6, 4769.0], [3271.65, 86429.0], [3271.7, 10250.0], [3271.8, 19280.0], [3271.95, 6587.0], [3272.0, 318.0], [3272.05, 10.0], [3272.1, 5000.0], [3272.15, 2781.0], [3272.2, 3997.0], [3272.25, 8319.0], [3272.3, 7489.0], [3272.35, 10604.0], [3272.4, 8999.0], [3272.45, 17775.0]]}}}
{"jsonrpc": "2.0", "method": "subscription", "params": {"channel": "book.ETH-PERPETUAL.none.20.100ms", "data": {"timestamp": 1768594479538, "change_id": 105122398334, "instrument_name": "ETH-PERPETUAL", "bids": [[3271.3, 8885.0], [3271.15, 3843.0], [3271.1, 8456.0], [3271.05, 10658.0], [3271.0, 4769.0], [3270.95, 6900.0], [3270.9, 8393.0], [3270.85, 5000.0], [3270.75, 16736.0], [3270.7, 6095.0], [3270.65, 50000.0], [3270.6, 3980.0], [3270.55, 6992.0], [3270.5, 3996.0], [3270.45, 3278.0], [3270.4, 1998.0], [3270.35, 22772.0], [3270.3, 6983.0], [3270.25, 19996.0], [3270.2, 5000.0]], "asks": [[3271.35, 27002.0], [3271.4, 8020.0], [3271.45, 2060.0], [3271.5, 6900.0], [3271.55, 25676.0], [3271.6, 4769.0], [3271.65, 86429.0], [3271.7, 10250.0], [3271.8, 19280.0], [3271.95, 6587.0], [3272.0, 318.0], [3272.05, 10.0], [3272.1, 5000.0], [3272.15, 2781.0], [3272.2, 6998.0], [3272.25, 5318.0], [3272.3, 7489.0], [3272.35, 10604.0], [3272.4, 8999.0], [3272.45, 17775.0]]}}}
{"jsonrpc": "2.0", "method": "subscription", "params": {"channel": "book.ETH-PERPETUAL.none.20.100ms", "data": {"timestamp": 1768594479898, "change_id": 105122398642, "instrument_name": "ETH-PERPETUAL", "bids": [[3271.3, 8885.0], [3271.15, 3843.0], [3271.1, 8456.0], [3271.05, 10658.0], [3271.0, 9769.0], [3270.95, 6900.0], [3270.9, 8393.0], [3270.85, 5000.0], [3270.75, 16736.0], [3270.7, 6095.0], [3270.65, 50000.0], [3270.6, 3980.0], [3270.55, 6992.0], [3270.5, 3996.0], [3270.45, 3278.0], [3270.4, 1998.0], [3270.35, 25771.0], [3270.3, 13086.0], [3270.25, 19996.0], [3270.2, 5000.0]], "asks": [[3271.35, 27002.0], [3271.4, 8020.0], [3271.45, 2060.0], [3271.5, 6900.0], [3271.55, 25676.0], [3271.6, 4769.0], [3271.65, 86429.0], [3271.7, 10250.0], [3271.8, 19280.0], [3271.95, 6587.0], [3272.0, 318.0], [3272.05, 10.0], [3272.1, 5000.0], [3272.15, 2781.0], [3272.2, 6998.0], [3272.25, 5318.0], [3272.3, 7489.0], [3272.35, 10604.0], [3272.4, 8999.0], [3272.45, 17775.0]]}}}
{"jsonrpc": "2.0", "method": "subscription", "params": {"channel": "book.ETH-PERPETUAL.none.20.100ms", "data": {"timestamp": 1768594480147, "change_id": 105122398685, "instrument_name": "ETH-PERPETUAL", "bids": [[3271.3, 8885.0], [3271.15, 3843.0], [3271.1, 8456.0], [3271.05, 12058.0], [3271.0, 4769.0], [3270.95, 6900.0], [3270.9, 8393.0], [3270.85, 5000.0], [3270.75, 16736.0], [3270.7, 6095.0], [3270.65, 50000.0], [3270.6, 3980.0], [3270.55, 6992.0], [3270.5, 3996.0], [3270.45, 3278.0], [3270.4, 1998.0], [3270.35, 45767.0], [3270.3, 3984.0], [3270.2, 5000.0], [3270.15, 5497.0]], "asks": [[3271.35, 24330.0], [3271.4, 8020.0], [3271.45, 2060.0], [3271.5, 6900.0], [3271.55, 25676.0], [3271.6, 4769.0], [3271.65, 86429.0], [3271.7, 10250.0], [3271.8, 19280.0], [3271.95, 6587.0], [3272.0, 318.0], [3272.05, 10.0], [3272.1, 5000.0], [3272.15, 2781.0], [3272.2, 6998.0], [3272.25, 5318.0], [3272.3, 7489.0], [3272.35, 10604.0], [3272.4, 8999.0], [3272.45, 17775.0]]}}}
{"jsonrpc": "2.0", "method": "subscription", "params": {"channel": "book.ETH-PERPETUAL.none.20.100ms", "data": {"timestamp": 1768594480537, "change_id": 105122399176, "instrument_name": "ETH-PERPETUAL", "bids": [[3271.3, 8885.0], [3271.15, 3843.0], [3271.1, 8456.0], [3271.05, 12058.0], [3271.0, 4769.0], [3270.95, 6900.0], [3270.9, 8393.0], [3270.85, 5000.0], [3270.75, 16736.0], [3270.7, 56095.0], [3270.6, 3980.0], [3270.55, 6992.0], [3270.5, 3996.0], [3270.45, 3278.0], [3270.4, 1998.0], [3270.35, 42768.0], [3270.3, 3984.0], [3270.25, 2999.0], [3270.2, 5000.0], [3270.15, 5497.0]], "asks": [[3271.35, 24330.0], [3271.4, 1420.0], [3271.45, 2060.0], [3271.5, 6900.0], [3271.55, 25676.0], [3271.6, 4769.0], [3271.65, 86429.0], [3271.7, 10250.0], [3271.8, 19280.0], [3271.95, 6587.0], [3272.0, 318.0], [3272.05, 10.0], [3272.1, 5000.0], [3272.15, 2781.0], [3272.2, 6998.0], [3272.25, 5318.0], [3272.3, 7489.0], [3272.35, 10604.0], [3272.4, 8999.0], [3272.45, 17775.0]]}}}
{"jsonrpc": "2.0", "method": "subscription", "params": {"channel": "book.ETH-PERPETUAL.none.20.100ms", "data": {"timestamp": 1768594480887, "change_id": 105122399852, "instrument_name": "ETH-PERPETUAL", "bids": [[3271.35, 43306.0], [3271.3, 8885.0], [3271.25, 1424.0], [3271.2, 4769.0], [3271.15, 4119.0], [3271.1, 6900.0], [3271.05, 26777.0], [3271.0, 5000.0], [3270.95, 6900.0], [3270.9, 58393.0], [3270.85, 5000.0], [3270.75, 12420.0], [3270.7, 5000.0], [3270.65, 42267.0], [3270.6, 3980.0], [3270.55, 6992.0], [3270.5, 3996.0], [3270.45, 3278.0], [3270.4, 1998.0], [3270.35, 5000.0]], "asks": [[3271.4, 3520.0], [3271.6, 23088.0], [3271.65, 80000.0], [3271.8, 2700.0], [3271.85, 1447.0], [3271.9, 3369.0], [3271.95, 12806.0], [3272.0, 5087.0], [3272.15, 9183.0], [3272.2, 14247.0], [3272.25, 318.0], [3272.3, 12489.0], [3272.35, 10604.0], [3272.4, 3999.0], [3272.45, 1558.0], [3272.5, 185.0], [3272.55, 5000.0], [3272.6, 2686.0], [3272.65, 3001.0], [3272.7, 8999.0]]}}}
{"jsonrpc": "2.0", "method": "subscription", "params": {"channel": "book.ETH-PERPETUAL.none.20.100ms", "data": {"timestamp": 1768594481214, "change_id": 105122400336, "instrument_name": "ETH-PERPETUAL", "bids": [[3271.35, 48306.0], [3271.3, 8885.0], [3271.25, 17492.0], [3271.2, 59769.0], [3271.15, 4119.0], [3271.1, 6900.0], [3271.05, 17817.0], [3271.0, 5000.0], [3270.95, 6900.0], [3270.9, 32838.0], [3270.85, 5000.0], [3270.8, 22995.0], [3270.75, 2149.0], [3270.7, 5000.0], [3270.65, 1500.0], [3270.6, 3980.0], [3270.55, 6992.0], [3270.5, 3996.0], [3270.45, 3278.0], [3270.4, 1998.0]], "asks": [[3271.4, 3640.0], [3271.65, 80000.0], [3271.8, 1500.0], [3271.85, 1447.0], [3271.9, 1200.0], [3272.0, 318.0], [3272.05, 1782.0], [3272.1, 7385.0], [3272.2, 3997.0], [3272.25, 5318.0], [3272.3, 10191.0], [3272.35, 10604.0], [3272.4, 19249.0], [3272.45, 10.0], [3272.5, 185.0], [3272.7, 12000.0], [3272.75, 1009.0], [3272.8, 3144.0], [3272.85, 27411.0], [3272.95, 1562.0]]}}}
{"jsonrpc": "2.0", "method": "subscription", "params": {"channel": "book.ETH-PERPETUAL.none.20.100ms", "data": {"timestamp": 1768594481539, "change_id": 105122400800, "instrument_name": "ETH-PERPETUAL", "bids": [[3271.35, 48306.0], [3271.3, 8885.0], [3271.25, 24392.0], [3271.2, 59769.0], [3271.15, 4119.0], [3271.1, 6900.0], [3271.05, 17817.0], [3271.0, 5000.0], [3270.95, 6900.0], [3270.9, 32838.0], [3270.85, 5000.0], [3270.8, 19996.0], [3270.75, 5148.0], [3270.7, 5000.0], [3270.65, 1500.0], [3270.6, 3980.0], [3270.55, 6992.0], [3270.5, 3996.0], [3270.45, 3278.0], [3270.4, 1998.0]], "asks": [[3271.4, 2660.0], [3271.75, 6900.0], [3271.8, 1214.0], [3271.85, 2867.0], [3271.9, 1200.0], [3272.0, 1818.0], [3272.05, 1782.0], [3272.1, 7385.0], [3272.2, 3997.0], [3272.25, 5318.0], [3272.3, 10191.0], [3272.35, 10604.0], [3272.4, 19249.0], [3272.45, 10.0], [3272.5, 185.0], [3272.65, 3001.0], [3272.7, 8999.0], [3272.75, 1009.0], [3272.8, 3144.0], [3272.85, 27411.0]]}}}
{"jsonrpc": "2.0", "method": "subscription", "params": {"channel": "book.ETH-PERPETUAL.none.20.100ms", "data": {"timestamp": 1768594481850, "change_id": 105122401132, "instrument_name": "ETH-PERPETUAL", "bids": [[3271.35, 53306.0], [3271.3, 8885.0], [3271.25, 24392.0], [3271.2, 59769.0], [3271.15, 4119.0], [3271.1, 6900.0], [3271.05, 17817.0], [3271.0, 5000.0], [3270.95, 6900.0], [3270.9, 32838.0], [3270.85, 5000.0], [3270.75, 25144.0], [3270.7, 5000.0], [3270.65, 1500.0], [3270.6, 3980.0], [3270.55, 6992.0], [3270.5, 3996.0], [3270.45, 3278.0], [3270.4, 1998.0], [3270.35, 6065.0]], "asks": [[3271.4, 2660.0], [3271.75, 6900.0], [3271.8, 1214.0], [3271.85, 2867.0], [3271.9, 1200.0], [3272.0, 1818.0], [3272.05, 1782.0], [3272.1, 7385.0], [3272.2, 3997.0], [3272.25, 5318.0], [3272.3, 10191.0], [3272.35, 10604.0], [3272.4, 19249.0], [3272.45, 10.0], [3272.5, 185.0], [3272.65, 3001.0], [3272.7, 8999.0], [3272.75, 1009.0], [3272.8, 7780.0], [3272.85, 27411.0]]}}}
{"jsonrpc": "2.0", "method": "subscription", "params": {"channel": "book.ETH-PERPETUAL.none.20.100ms", "data": {"timestamp": 1768594482141, "change_id": 105122401177, "instrument_name": "ETH-PERPETUAL", "bids": [[3271.35, 53306.0], [3271.3, 8885.0], [3271.25, 24392.0], [3271.2, 59769.0], [3271.15, 4119.0], [3271.1, 6900.0], [3271.05, 12512.0], [3271.0, 5000.0], [3270.95, 6900.0], [3270.9, 19517.0], [3270.85, 5000.0], [3270.8, 17772.0], [3270.75, 25144.0], [3270.7, 5000.0], [3270.65, 1500.0], [3270.6, 3980.0], [3270.55, 6992.0], [3270.5, 3996.0], [3270.45, 3278.0], [3270.4, 1998.0]], "asks": [[3271.4, 2660.0], [3271.75, 6900.0], [3271.8, 4428.0], [3271.85, 2867.0], [3271.9, 1200.0], [3271.95, 11288.0], [3272.0, 1818.0], [3272.05, 1782.0], [3272.1, 7385.0], [3272.2, 3997.0], [3272.25, 5318.0], [3272.3, 10191.0], [3272.35, 10604.0], [3272.4, 19249.0], [3272.45, 10.0], [3272.5, 185.0], [3272.65, 3001.0], [3272.7, 8999.0], [3272.75, 1009.0], [3272.8, 7780.0]]}}}
{"jsonrpc": "2.0", "method": "subscription", "params": {"channel": "book.ETH-PERPETUAL.none.20.100ms", "data": {"timestamp": 1768594482538, "change_id": 105122401674, "instrument_name": "ETH-PERPETUAL", "bids": [[3271.35, 53306.0], [3271.3, 8885.0], [3271.25, 24392.0], [3271.2, 59769.0], [3271.15, 4119.0], [3271.1, 6900.0], [3271.05, 12512.0], [3271.0, 5000.0], [3270.95, 6900.0], [3270.9, 19517.0], [3270.85, 5000.0], [3270.8, 17772.0], [3270.75, 22145.0], [3270.7, 5000.0], [3270.65, 4499.0], [3270.6, 4850.0], [3270.55, 6992.0], [3270.5, 3996.0], [3270.45, 3278.0], [3270.4, 1998.0]], "asks": [[3271.4, 2660.0], [3271.7, 3856.0], [3271.75, 6900.0], [3271.8, 11328.0], [3271.85, 2867.0], [3271.9, 1200.0], [3271.95, 11288.0], [3272.0, 1818.0], [3272.05, 1782.0], [3272.1, 7385.0], [3272.2, 3997.0], [3272.25, 5318.0], [3272.3, 10191.0], [3272.35, 10604.0], [3272.4, 19249.0], [3272.45, 10.0], [3272.5, 185.0], [3272.65, 3001.0], [3272.7, 8999.0], [3272.75, 1009.0]]}}}
{"jsonrpc": "2.0", "method": "subscription", "params": {"channel": "book.ETH-PERPETUAL.none.20.100ms", "data": {"timestamp": 1768594482869, "change_id": 105122402344, "instrument_name": "ETH-PERPETUAL", "bids": [[3271.35, 53306.0], [3271.3, 63861.0], [3271.25, 6900.0], [3271.2, 9769.0], [3271.15, 4119.0], [3271.1, 6900.0], [3271.05, 18712.0], [3271.0, 42768.0], [3270.95, 6900.0], [3270.9, 11392.0], [3270.85, 5000.0], [3270.75, 2149.0], [3270.7, 5000.0], [3270.65, 1500.0], [3270.6, 4850.0], [3270.55, 6992.0], [3270.5, 3996.0], [3270.45, 3278.0], [3270.4, 1998.0], [3270.35, 6065.0]], "asks": [[3271.4, 2020.0], [3271.85, 1420.0], [3272.0, 318.0], [3272.2, 1200.0], [3272.25, 1765.0], [3272.3, 4467.0], [3272.35, 4840.0], [3272.4, 3999.0], [3272.5, 4376.0], [3272.55, 20432.0], [3272.6, 10250.0], [3272.7, 8937.0], [3272.75, 6009.0], [3272.85, 10533.0], [3272.9, 3011.0], [3272.95, 1562.0], [3273.0, 3996.0], [3273.05, 5000.0], [3273.15, 1194.0], [3273.2, 3989.0]]}}}
{"jsonrpc": "2.0", "method": "subscription", "params": {"channel": "book.ETH-PERPETUAL.none.20.100ms", "data": {"timestamp": 1768594483163, "change_id": 105122402420, "instrument_name": "ETH-PERPETUAL", "bids": [[3271.35, 53351.0], [3271.3, 63839.0], [3271.25, 6900.0], [3271.2, 9769.0], [3271.15, 4119.0], [3271.1, 6900.0], [3271.05, 18712.0], [3271.0, 42768.0], [3270.95, 6900.0], [3270.9, 11392.0], [3270.85, 5000.0], [3270.75, 2149.0], [3270.7, 5000.0], [3270.65, 1500.0], [3270.6, 4850.0], [3270.55, 6992.0], [3270.5, 3996.0], [3270.45, 3278.0], [3270.4, 1998.0], [3270.35, 6065.0]], "asks": [[3271.4, 2020.0], [3271.85, 1420.0], [3272.0, 318.0], [3272.2, 1200.0], [3272.25, 1765.0], [3272.3, 5797.0], [3272.35, 4840.0], [3272.4, 16943.0], [3272.45, 10250.0], [3272.5, 185.0], [3272.55, 16179.0], [3272.7, 8937.0], [3272.75, 5000.0], [3272.8, 3001.0], [3272.85, 10533.0], [3272.9, 10.0], [3272.95, 1562.0], [3273.0, 3996.0], [3273.05, 5000.0], [3273.15, 1194.0]]}}}
{"jsonrpc": "2.0", "method": "subscription", "params": {"channel": "book.ETH-PERPETUAL.none.20.100ms", "data": {"timestamp": 1768594483541, "change_id": 105122402930, "instrument_name": "ETH-PERPETUAL", "bids": [[3271.35, 53351.0], [3271.3, 56939.0], [3271.25, 6900.0], [3271.2, 9769.0], [3271.15, 4119.0], [3271.1, 6900.0], [3271.05, 18712.0], [3271.0, 42768.0], [3270.95, 6900.0], [3270.9, 8393.0], [3270.85, 5000.0], [3270.8, 2999.0], [3270.75, 5502.0], [3270.7, 16283.0], [3270.65, 1500.0], [3270.6, 4850.0], [3270.55, 6992.0], [3270.5, 3996.0], [3270.45, 3278.0], [3270.4, 1998.0]], "asks": [[3271.4, 2020.0], [3271.8, 6900.0], [3271.85, 1420.0], [3272.0, 318.0], [3272.2, 1200.0], [3272.25, 1765.0], [3272.3, 5797.0], [3272.35, 4840.0], [3272.4, 16943.0], [3272.45, 10250.0], [3272.5, 185.0], [3272.55, 16179.0], [3272.7, 8937.0], [3272.75, 5000.0], [3272.8, 3001.0], [3272.85, 10533.0], [3272.9, 10.0], [3272.95, 1562.0], [3273.0, 3996.0], [3273.05, 5000.0]]}}}
{"jsonrpc": "2.0", "method": "subscription", "params": {"channel": "book.ETH-PERPETUAL.none.20.100ms", "data": {"timestamp": 1768594483815, "change_id": 105122403270, "instrument_name": "ETH-PERPETUAL", "bids": [[3271.35, 53351.0], [3271.3, 56939.0], [3271.25, 6900.0], [3271.2, 9769.0], [3271.15, 4119.0], [3271.1, 6900.0], [3271.05, 18712.0], [3271.0, 42768.0], [3270.95, 6900.0], [3270.9, 11392.0], [3270.85, 5000.0], [3270.75, 5502.0], [3270.7, 16283.0], [3270.65, 1500.0], [3270.6, 4850.0], [3270.55, 6992.0], [3270.5, 3996.0], [3270.45, 3278.0], [3270.4, 1998.0], [3270.35, 6065.0]], "asks": [[3271.4, 2020.0], [3271.8, 6900.0], [3271.85, 1420.0], [3272.0, 318.0], [3272.1, 1447.0], [3272.2, 1200.0], [3272.25, 318.0], [3272.3, 5797.0], [3272.35, 4840.0], [3272.4, 16943.0], [3272.45, 10250.0], [3272.5, 185.0], [3272.55, 16179.0], [3272.7, 8937.0], [3272.75, 5000.0], [3272.8, 3001.0], [3272.85, 10533.0], [3272.9, 10.0], [3272.95, 1562.0], [3273.0, 3996.0]]}}}
{"jsonrpc": "2.0", "method": "subscription", "params": {"channel": "book.ETH-PERPETUAL.none.20.100ms", "data": {"timestamp": 1768594484202, "change_id": 105122404106, "instrument_name": "ETH-PERPETUAL", "bids": [[3271.8, 24350.0], [3271.6, 6787.0], [3271.55, 22737.0], [3271.5, 21531.0], [3271.45, 50000.0], [3271.4, 11900.0], [3271.35, 20520.0], [3271.3, 1963.0], [3271.25, 6900.0], [3271.2, 19857.0], [3271.15, 1500.0], [3271.1, 24672.0], [3271.05, 14606.0], [3271.0, 7999.0], [3270.95, 30912.0], [3270.9, 8393.0], [3270.85, 5000.0], [3270.75, 2149.0], [3270.7, 5000.0], [3270.6, 4850.0]], "asks": [[3271.85, 4309.0], [3272.05, 23880.0], [3272.1, 80000.0], [3272.25, 318.0], [3272.35, 71.0], [3272.45, 1030.0], [3272.5, 1950.0], [3272.55, 2700.0], [3272.6, 1493.0], [3272.65, 5000.0], [3272.7, 5736.0], [3272.8, 21260.0], [3272.85, 10533.0], [3272.9, 2695.0], [3272.95, 5000.0], [3273.0, 6997.0], [3273.15, 1194.0], [3273.2, 3989.0], [3273.25, 5011.0], [3273.5, 3991.0]]}}}
{"jsonrpc": "2.0", "method": "subscription", "params": {"channel": "book.ETH-PERPETUAL.none.20.100ms", "data": {"timestamp": 1768594484527, "change_id": 105122404703, "instrument_name": "ETH-PERPETUAL", "bids": [[3271.8, 24350.0], [3271.6, 2060.0], [3271.55, 6900.0], [3271.5, 23024.0], [3271.45, 50000.0], [3271.4, 11900.0], [3271.35, 20624.0], [3271.3, 1963.0], [3271.25, 6900.0], [3271.2, 24320.0], [3271.15, 1500.0], [3271.1, 24672.0], [3271.05, 19996.0], [3271.0, 9064.0], [3270.95, 5128.0], [3270.9, 1493.0], [3270.85, 5000.0], [3270.75, 2149.0], [3270.7, 5000.0], [3270.6, 4850.0]], "asks": [[3271.85, 9100.0], [3272.0, 6900.0], [3272.05, 23880.0], [3272.1, 80000.0], [3272.15, 1447.0], [3272.25, 318.0], [3272.35, 71.0], [3272.45, 4823.0], [3272.5, 15522.0], [3272.55, 1500.0], [3272.6, 1493.0], [3272.65, 5000.0], [3272.75, 6431.0], [3272.8, 11010.0], [3272.85, 10533.0], [3272.9, 5696.0], [3272.95, 5000.0], [3273.0, 3996.0], [3273.15, 1194.0], [3273.2, 3989.0]]}}}
{"jsonrpc": "2.0", "method": "subscription", "params": {"channel": "book.ETH-PERPETUAL.none.20.100ms", "data": {"timestamp": 1768594484846, "change_id": 105122405081, "instrument_name": "ETH-PERPETUAL", "bids": [[3271.8, 24350.0], [3271.7, 2060.0], [3271.65, 6900.0], [3271.6, 16721.0], [3271.55, 6900.0], [3271.5, 50000.0], [3271.45, 8099.0], [3271.4, 11900.0], [3271.35, 20520.0], [3271.3, 1963.0], [3271.25, 6900.0], [3271.2, 15522.0], [3271.15, 1500.0], [3271.1, 17772.0], [3271.0, 29060.0], [3270.95, 5128.0], [3270.9, 1493.0], [3270.85, 5000.0], [3270.75, 2149.0], [3270.7, 5000.0]], "asks": [[3271.85, 5240.0], [3272.0, 6900.0], [3272.05, 30780.0], [3272.1, 92488.0], [3272.15, 2867.0], [3272.25, 318.0], [3272.35, 71.0], [3272.45, 4823.0], [3272.5, 15522.0], [3272.55, 1500.0], [3272.6, 1493.0], [3272.65, 5000.0], [3272.75, 6431.0], [3272.8, 11010.0], [3272.85, 10533.0], [3272.9, 5696.0], [3272.95, 5000.0], [3273.0, 3996.0], [3273.15, 1194.0], [3273.2, 3989.0]]}}}
{"jsonrpc": "2.0", "method": "subscription", "params": {"channel": "book.ETH-PERPETUAL.none.20.100ms", "data": {"timestamp": 1768594485144, "change_id": 105122405176, "instrument_name": "ETH-PERPETUAL", "bids": [[3271.8, 24350.0], [3271.7, 2060.0], [3271.65, 6900.0], [3271.6, 16721.0], [3271.55, 6900.0], [3271.5, 50000.0], [3271.45, 8099.0], [3271.4, 11900.0], [3271.35, 20520.0], [3271.3, 1963.0], [3271.25, 6900.0], [3271.2, 15522.0], [3271.15, 1500.0], [3271.1, 17772.0], [3271.0, 29060.0], [3270.95, 5128.0], [3270.9, 1493.0], [3270.85, 5000.0], [3270.75, 2149.0], [3270.7, 5000.0]], "asks": [[3271.85, 6440.0], [3272.0, 6900.0], [3272.05, 30780.0], [3272.1, 91288.0], [3272.15, 2867.0], [3272.25, 318.0], [3272.35, 71.0], [3272.45, 4823.0], [3272.5, 15522.0], [3272.55, 1500.0], [3272.6, 1493.0], [3272.65, 5000.0], [3272.75, 6431.0], [3272.8, 11010.0], [3272.85, 10533.0], [3272.9, 2695.0], [3272.95, 8001.0], [3273.0, 3996.0], [3273.15, 2835.0], [3273.2, 3989.0]]}}}
{"jsonrpc": "2.0", "method": "subscription", "params": {"channel": "book.ETH-PERPETUAL.none.20.100ms", "data": {"timestamp": 1768594485470, "change_id": 105122405759, "instrument_name": "ETH-PERPETUAL", "bids": [[3271.8, 24450.0], [3271.75, 2060.0], [3271.65, 6900.0], [3271.6, 23621.0], [3271.55, 11900.0], [3271.5, 50000.0], [3271.45, 8099.0], [3271.4, 11900.0], [3271.35, 18733.0], [3271.3, 1963.0], [3271.2, 21650.0], [3271.15, 1500.0], [3271.1, 2999.0], [3271.05, 37768.0], [3271.0, 6065.0], [3270.95, 5128.0], [3270.9, 1493.0], [3270.85, 5000.0], [3270.75, 2149.0], [3270.7, 5000.0]], "asks": [[3271.85, 931.0], [3272.0, 6900.0], [3272.05, 23880.0], [3272.1, 91288.0], [3272.15, 2620.0], [3272.25, 318.0], [3272.35, 71.0], [3272.45, 11039.0], [3272.5, 10753.0], [3272.55, 1500.0], [3272.6, 1493.0], [3272.65, 5000.0], [3272.75, 6431.0], [3272.8, 11010.0], [3272.85, 10533.0], [3272.9, 2695.0], [3272.95, 5000.0], [3273.0, 3996.0], [3273.1, 3001.0], [3273.15, 2835.0]]}}}
{"jsonrpc": "2.0", "method": "subscription", "params": {"channel": "book.ETH-PERPETUAL.none.20.100ms", "data": {"timestamp": 1768594485827, "change_id": 105122406115, "instrument_name": "ETH-PERPETUAL", "bids": [[3271.8, 24450.0], [3271.75, 2060.0], [3271.65, 6900.0], [3271.6, 23621.0], [3271.55, 11900.0], [3271.5, 50000.0], [3271.45, 8099.0], [3271.4, 11900.0], [3271.35, 18733.0], [3271.3, 1963.0], [3271.2, 21650.0], [3271.15, 4499.0], [3271.1, 19996.0], [3271.05, 17772.0], [3271.0, 6065.0], [3270.95, 5128.0], [3270.9, 1493.0], [3270.85, 5000.0], [3270.75, 2149.0], [3270.7, 5000.0]], "asks": [[3271.85, 931.0], [3272.0, 6900.0], [3272.05, 23880.0], [3272.1, 91288.0], [3272.15, 2620.0], [3272.25, 318.0], [3272.3, 1447.0], [3272.35, 71.0], [3272.45, 9592.0], [3272.5, 10753.0], [3272.55, 1500.0], [3272.6, 1493.0], [3272.65, 5000.0], [3272.75, 6431.0], [3272.8, 11010.0], [3272.85, 10533.0], [3272.9, 2695.0], [3272.95, 5000.0], [3273.0, 3996.0], [3273.1, 3001.0]]}}}
{"jsonrpc": "2.0", "method": "subscription", "params": {"channel": "book.ETH-PERPETUAL.none.20.100ms", "data": {"timestamp": 1768594486189, "change_id": 105122406399, "instrument_name": "ETH-PERPETUAL", "bids": [[3271.8, 35670.0], [3271.75, 2060.0], [3271.65, 6900.0], [3271.6, 23621.0], [3271.55, 61900.0], [3271.45, 8099.0], [3271.4, 11900.0], [3271.35, 31880.0], [3271.3, 1963.0], [3271.25, 37768.0], [3271.2, 9769.0], [3271.15, 1500.0], [3271.05, 3341.0], [3271.0, 6065.0], [3270.95, 5128.0], [3270.9, 1493.0], [3270.85, 5000.0], [3270.75, 2149.0], [3270.7, 5000.0], [3270.6, 4850.0]], "asks": [[3271.85, 701.0], [3272.15, 2620.0], [3272.25, 318.0], [3272.3, 1447.0], [3272.35, 71.0], [3272.5, 2374.0], [3272.55, 6269.0], [3272.6, 4361.0], [3272.65, 5000.0], [3272.7, 13536.0], [3272.8, 11010.0], [3272.9, 2695.0], [3272.95, 8778.0], [3273.0, 3996.0], [3273.15, 2835.0], [3273.2, 3989.0], [3273.25, 6020.0], [3273.45, 3001.0], [3273.5, 3991.0], [3273.55, 5000.0]]}}}
{"jsonrpc": "2.0", "method": "subscription", "params": {"channel": "book.ETH-PERPETUAL.none.20.100ms", "data": {"timestamp": 1768594486450, "change_id": 105122406981, "instrument_name": "ETH-PERPETUAL", "bids": [[3271.8, 24450.0], [3271.75, 2060.0], [3271.65, 6900.0], [3271.6, 23621.0], [3271.55, 55000.0], [3271.5, 6900.0], [3271.45, 8099.0], [3271.4, 11900.0], [3271.35, 21732.0], [3271.3, 1963.0], [3271.2, 21490.0], [3271.15, 19272.0], [3271.1, 19996.0], [3271.05, 3341.0], [3271.0, 6065.0], [3270.95, 5128.0], [3270.9, 1493.0], [3270.85, 5000.0], [3270.75, 2149.0], [3270.7, 5000.0]], "asks": [[3271.85, 701.0], [3272.1, 6900.0], [3272.15, 2620.0], [3272.25, 3500.0], [3272.3, 10589.0], [3272.35, 71.0], [3272.5, 2374.0], [3272.55, 6269.0], [3272.6, 4361.0], [3272.65, 5000.0], [3272.7, 13536.0], [3272.8, 11010.0], [3272.9, 2695.0], [3272.95, 8778.0], [3273.0, 3996.0], [3273.15, 2835.0], [3273.2, 3989.0], [3273.25, 9021.0], [3273.3, 15886.0], [3273.5, 3991.0]]}}}
{"jsonrpc": "2.0", "method": "subscription", "params": {"channel": "book.ETH-PERPETUAL.none.20.100ms", "data": {"timestamp": 1768594486815, "change_id": 105122407413, "instrument_name": "ETH-PERPETUAL", "bids": [[3271.8, 24450.0], [3271.75, 3289.0], [3271.7, 5000.0], [3271.65, 6900.0], [3271.6, 23621.0], [3271.55, 55000.0], [3271.5, 6900.0], [3271.45, 8099.0], [3271.4, 11900.0], [3271.35, 24038.0], [3271.3, 4962.0], [3271.25, 17772.0], [3271.2, 9769.0], [3271.15, 7469.0], [3271.1, 19996.0], [3271.05, 3341.0], [3271.0, 6065.0], [3270.95, 5128.0], [3270.9, 1493.0], [3270.85, 5000.0]], "asks": [[3271.85, 701.0], [3272.15, 1200.0], [3272.25, 3182.0], [3272.3, 9142.0], [3272.35, 71.0], [3272.45, 1030.0], [3272.5, 1915.0], [3272.55, 1500.0], [3272.6, 4361.0], [3272.65, 5000.0], [3272.7, 18305.0], [3272.75, 318.0], [3272.8, 11010.0], [3272.9, 2695.0], [3272.95, 8778.0], [3273.0, 3996.0], [3273.1, 5000.0], [3273.15, 2835.0], [3273.2, 3989.0], [3273.25, 9010.0]]}}}
{"jsonrpc": "2.0", "method": "subscription", "params": {"channel": "book.ETH-PERPETUAL.none.20.100ms", "data": {"timestamp": 1768594487183, "change_id": 105122407749, "instrument_name": "ETH-PERPETUAL", "bids": [[3271.8, 10830.0], [3271.75, 4624.0], [3271.7, 5000.0], [3271.65, 6900.0], [3271.6, 8960.0], [3271.55, 5000.0], [3271.5, 6900.0], [3271.45, 58099.0], [3271.4, 11900.0], [3271.35, 19628.0], [3271.3, 1963.0], [3271.2, 21490.0], [3271.15, 19272.0], [3271.1, 2999.0], [3271.05, 23337.0], [3271.0, 6065.0], [3270.95, 5128.0], [3270.9, 1493.0], [3270.85, 5000.0], [3270.75, 2149.0]], "asks": [[3271.85, 15605.0], [3272.15, 1200.0], [3272.2, 1420.0], [3272.25, 3182.0], [3272.3, 9142.0], [3272.35, 1518.0], [3272.45, 4775.0], [3272.5, 5237.0], [3272.55, 11750.0], [3272.6, 1493.0], [3272.65, 5000.0], [3272.7, 3286.0], [3272.75, 318.0], [3272.8, 11010.0], [3272.9, 2685.0], [3272.95, 8778.0], [3273.0, 3996.0], [3273.05, 3001.0], [3273.1, 5000.0], [3273.15, 10250.0]]}}}
{"jsonrpc": "2.0", "method": "subscription", "params": {"channel": "book.ETH-PERPETUAL.none.20.100ms", "data": {"timestamp": 1768594487430, "change_id": 105122408303, "instrument_name": "ETH-PERPETUAL", "bids": [[3271.8, 18985.0], [3271.75, 8393.0], [3271.7, 5000.0], [3271.65, 19819.0], [3271.6, 6900.0], [3271.55, 5000.0], [3271.5, 56900.0], [3271.45, 8099.0], [3271.4, 11900.0], [3271.35, 19628.0], [3271.3, 1963.0], [3271.2, 21490.0], [3271.15, 19272.0], [3271.1, 22995.0], [3271.05, 3341.0], [3271.0, 5000.0], [3270.95, 5128.0], [3270.9, 1493.0], [3270.85, 5000.0], [3270.75, 2149.0]], "asks": [[3271.85, 16447.0], [3272.1, 3118.0], [3272.15, 8100.0], [3272.2, 2867.0], [3272.25, 3182.0], [3272.3, 9142.0], [3272.35, 71.0], [3272.45, 4775.0], [3272.5, 10237.0], [3272.55, 11750.0], [3272.6, 1493.0], [3272.65, 5000.0], [3272.7, 3286.0], [3272.75, 318.0], [3272.8, 11010.0], [3272.85, 10.0], [3272.9, 2685.0], [3272.95, 8778.0], [3273.0, 3996.0], [3273.05, 3001.0]]}}}
{"jsonrpc": "2.0", "method": "subscription", "params": {"channel": "book.ETH-PERPETUAL.none.20.100ms", "data": {"timestamp": 1768594487842, "change_id": 105122408642, "instrument_name": "ETH-PERPETUAL", "bids": [[3271.8, 19002.0], [3271.75, 10261.0], [3271.7, 11900.0], [3271.65, 19819.0], [3271.6, 6900.0], [3271.55, 5000.0], [3271.5, 56900.0], [3271.45, 8099.0], [3271.4, 11900.0], [3271.35, 19628.0], [3271.3, 1963.0], [3271.2, 21490.0], [3271.15, 19272.0], [3271.1, 22995.0], [3271.05, 3341.0], [3271.0, 5000.0], [3270.95, 5128.0], [3270.9, 2558.0], [3270.85, 5000.0], [3270.75, 2149.0]], "asks": [[3271.85, 16447.0], [3272.1, 4935.0], [3272.15, 8100.0], [3272.2, 9767.0], [3272.25, 3182.0], [3272.3, 9142.0], [3272.35, 71.0], [3272.45, 4775.0], [3272.5, 10237.0], [3272.55, 11750.0], [3272.6, 1493.0], [3272.65, 5000.0], [3272.7, 3286.0], [3272.75, 318.0], [3272.8, 11010.0], [3272.85, 10.0], [3272.9, 2685.0], [3272.95, 8778.0], [3273.0, 3996.0], [3273.05, 3001.0]]}}}
{"jsonrpc": "2.0", "method": "subscription", "params": {"channel": "book.ETH-PERPETUAL.none.20.100ms", "data": {"timestamp": 1768594488175, "change_id": 105122409137, "instrument_name": "ETH-PERPETUAL", "bids": [[3271.8, 29815.0], [3271.75, 24947.0], [3271.7, 61900.0], [3271.65, 10917.0], [3271.6, 6900.0], [3271.55, 22772.0], [3271.5, 6900.0], [3271.45, 13032.0], [3271.4, 31896.0], [3271.35, 15231.0], [3271.3, 1963.0], [3271.25, 2388.0], [3271.2, 7999.0], [3271.15, 1500.0], [3271.05, 3341.0], [3271.0, 5000.0], [3270.95, 5128.0], [3270.9, 2558.0], [3270.85, 5000.0], [3270.75, 2149.0]], "asks": [[3271.85, 856.0], [3272.35, 71.0], [3272.5, 468.0], [3272.55, 1500.0], [3272.6, 1447.0], [3272.7, 4774.0], [3272.75, 10087.0], [3272.8, 6010.0], [3272.9, 10037.0], [3272.95, 3778.0], [3273.0, 14246.0], [3273.1, 5000.0], [3273.2, 16657.0], [3273.25, 6019.0], [3273.5, 3986.0], [3273.55, 5000.0], [3273.6, 1163.0], [3273.7, 8897.0], [3273.9, 3897.0], [3273.95, 50000.0]]}}}
{"jsonrpc": "2.0", "method": "subscription", "params": {"channel": "book.ETH-PERPETUAL.none.20.100ms", "data": {"timestamp": 1768594488506, "change_id": 105122410169, "instrument_name": "ETH-PERPETUAL", "bids": [[3271.8, 88303.0], [3271.75, 10452.0], [3271.7, 11900.0], [3271.65, 16990.0], [3271.6, 6900.0], [3271.55, 42768.0], [3271.5, 6900.0], [3271.45, 12163.0], [3271.4, 11900.0], [3271.35, 15231.0], [3271.3, 6824.0], [3271.25, 11285.0], [3271.2, 5000.0], [3271.05, 3341.0], [3271.0, 5000.0], [3270.95, 5128.0], [3270.9, 1493.0], [3270.85, 5000.0], [3270.75, 2149.0], [3270.7, 5000.0]], "asks": [[3271.85, 136.0], [3272.3, 6900.0], [3272.35, 71.0], [3272.5, 468.0], [3272.7, 1048.0], [3272.75, 1518.0], [3272.8, 1994.0], [3272.85, 1447.0], [3272.9, 9049.0], [3272.95, 5000.0], [3273.0, 13614.0], [3273.05, 6269.0], [3273.1, 5000.0], [3273.15, 4380.0], [3273.2, 13656.0], [3273.25, 1019.0], [3273.35, 3001.0], [3273.4, 14673.0], [3273.5, 3986.0], [3273.55, 5000.0]]}}}
{"jsonrpc": "2.0", "method": "subscription", "params": {"channel": "book.ETH-PERPETUAL.none.20.100ms", "data": {"timestamp": 1768594488794, "change_id": 105122410456, "instrument_name": "ETH-PERPETUAL", "bids": [[3271.8, 92655.0], [3271.75, 10452.0], [3271.7, 11900.0], [3271.65, 16990.0], [3271.6, 6900.0], [3271.55, 42768.0], [3271.5, 6900.0], [3271.45, 12163.0], [3271.4, 11900.0], [3271.35, 15231.0], [3271.3, 6824.0], [3271.25, 11285.0], [3271.2, 5870.0], [3271.05, 3341.0], [3271.0, 5000.0], [3270.95, 5128.0], [3270.9, 1493.0], [3270.85, 5000.0], [3270.75, 2149.0], [3270.7, 5000.0]], "asks": [[3271.85, 136.0], [3272.3, 6900.0], [3272.35, 71.0], [3272.5, 150.0], [3272.6, 1420.0], [3272.7, 2495.0], [3272.75, 1518.0], [3272.8, 1994.0], [3272.9, 9049.0], [3272.95, 5000.0], [3273.0, 13614.0], [3273.05, 6269.0], [3273.1, 5000.0], [3273.15, 4380.0], [3273.2, 13656.0], [3273.25, 10.0], [3273.35, 3001.0], [3273.4, 14673.0], [3273.5, 3986.0], [3273.55, 5000.0]]}}}
{"jsonrpc": "2.0", "method": "subscription", "params": {"channel": "book.ETH-PERPETUAL.none.20.100ms", "data": {"timestamp": 1768594489165, "change_id": 105122410647, "instrument_name": "ETH-PERPETUAL", "bids": [[3271.8, 92554.0], [3271.75, 10452.0], [3271.7, 11900.0], [3271.65, 15490.0], [3271.6, 6900.0], [3271.55, 42768.0], [3271.5, 6900.0], [3271.45, 13663.0], [3271.4, 11900.0], [3271.35, 15231.0], [3271.3, 6824.0], [3271.25, 11285.0], [3271.2, 5870.0], [3271.05, 3341.0], [3271.0, 5000.0], [3270.95, 5128.0], [3270.9, 1493.0], [3270.85, 5000.0], [3270.75, 2149.0], [3270.7, 5000.0]], "asks": [[3271.85, 136.0], [3272.3, 6900.0], [3272.35, 71.0], [3272.5, 150.0], [3272.6, 1420.0], [3272.7, 2495.0], [3272.75, 1518.0], [3272.8, 1994.0], [3272.9, 9049.0], [3272.95, 9769.0], [3273.0, 12190.0], [3273.05, 1500.0], [3273.1, 5000.0], [3273.2, 3989.0], [3273.25, 10.0], [3273.35, 3001.0], [3273.4, 5000.0], [3273.5, 3986.0], [3273.55, 5000.0], [3273.6, 1163.0]]}}}
{"jsonrpc": "2.0", "method": "subscription", "params": {"channel": "book.ETH-PERPETUAL.none.20.100ms", "data": {"timestamp": 1768594489499, "change_id": 105122411241, "instrument_name": "ETH-PERPETUAL", "bids": [[3271.8, 105682.0], [3271.75, 10452.0], [3271.7, 11900.0], [3271.65, 15490.0], [3271.6, 6900.0], [3271.55, 42768.0], [3271.5, 6900.0], [3271.45, 10664.0], [3271.4, 14899.0], [3271.35, 15231.0], [3271.3, 6824.0], [3271.25, 11285.0], [3271.2, 5870.0], [3271.05, 3341.0], [3271.0, 5000.0], [3270.95, 5128.0], [3270.9, 1493.0], [3270.85, 5000.0], [3270.75, 2149.0], [3270.7, 5000.0]], "asks": [[3271.85, 136.0], [3272.3, 6900.0], [3272.35, 71.0], [3272.5, 150.0], [3272.6, 1420.0], [3272.7, 2495.0], [3272.75, 1518.0], [3272.8, 1994.0], [3272.9, 13818.0], [3272.95, 5000.0], [3273.0, 12190.0], [3273.05, 1500.0], [3273.1, 5000.0], [3273.2, 13405.0], [3273.25, 10.0], [3273.35, 3001.0], [3273.4, 14416.0], [3273.5, 3986.0], [3273.55, 5000.0], [3273.6, 1163.0]]}}}
{"jsonrpc": "2.0", "method": "subscription", "params": {"channel": "book.ETH-PERPETUAL.none.20.100ms", "data": {"timestamp": 1768594489807, "change_id": 105122411563, "instrument_name": "ETH-PERPETUAL", "bids": [[3271.8, 105689.0], [3271.75, 10452.0], [3271.7, 11900.0], [3271.65, 15490.0], [3271.6, 6900.0], [3271.55, 42768.0], [3271.5, 6900.0], [3271.45, 10664.0], [3271.4, 14899.0], [3271.35, 15231.0], [3271.3, 6824.0], [3271.25, 11285.0], [3271.2, 5870.0], [3271.05, 3341.0], [3271.0, 5000.0], [3270.95, 5128.0], [3270.9, 1493.0], [3270.85, 5000.0], [3270.75, 2149.0], [3270.7, 5000.0]], "asks": [[3271.85, 136.0], [3272.3, 6900.0], [3272.35, 71.0], [3272.5, 150.0], [3272.6, 1420.0], [3272.7, 2495.0], [3272.75, 1518.0], [3272.8, 1994.0], [3272.9, 13818.0], [3272.95, 5000.0], [3273.0, 12190.0], [3273.05, 1500.0], [3273.1, 5000.0], [3273.2, 13405.0], [3273.25, 10.0], [3273.35, 3001.0], [3273.4, 14416.0], [3273.5, 3986.0], [3273.55, 5000.0], [3273.6, 1163.0]]}}}
{"jsonrpc": "2.0", "method": "subscription", "params": {"channel": "book.ETH-PERPETUAL.none.20.100ms", "data": {"timestamp": 1768594490146, "change_id": 105122411908, "instrument_name": "ETH-PERPETUAL", "bids": [[3271.8, 54381.0], [3271.75, 60452.0], [3271.7, 11900.0], [3271.65, 10863.0], [3271.6, 6900.0], [3271.55, 24996.0], [3271.5, 24732.0], [3271.45, 19272.0], [3271.4, 11900.0], [3271.35, 15231.0], [3271.3, 6824.0], [3271.25, 11285.0], [3271.2, 5870.0], [3271.05, 3341.0], [3271.0, 5000.0], [3270.95, 5128.0], [3270.9, 1493.0], [3270.85, 5000.0], [3270.75, 2149.0], [3270.7, 5000.0]], "asks": [[3271.85, 136.0], [3272.3, 6900.0], [3272.35, 71.0], [3272.5, 468.0], [3272.6, 1420.0], [3272.75, 2637.0], [3272.8, 6763.0], [3272.85, 4494.0], [3272.9, 5207.0], [3272.95, 5000.0], [3273.0, 1940.0], [3273.05, 1500.0], [3273.1, 5000.0], [3273.15, 4004.0], [3273.2, 13405.0], [3273.25, 10.0], [3273.4, 14416.0], [3273.45, 3001.0], [3273.5, 3986.0], [3273.55, 5000.0]]}}}
{"jsonrpc": "2.0", "method": "subscription", "params": {"channel": "book.ETH-PERPETUAL.none.20.100ms", "data": {"timestamp": 1768594490491, "change_id": 105122412642, "instrument_name": "ETH-PERPETUAL", "bids": [[3271.8, 53534.0], [3271.75, 24923.0], [3271.7, 61900.0], [3271.65, 5612.0], [3271.6, 6900.0], [3271.55, 5000.0], [3271.5, 21733.0], [3271.45, 19272.0], [3271.4, 11900.0], [3271.35, 24255.0], [3271.3, 21959.0], [3271.25, 11285.0], [3271.2, 6935.0], [3271.05, 3341.0], [3271.0, 5000.0], [3270.95, 5128.0], [3270.9, 1493.0], [3270.85, 5000.0], [3270.75, 2149.0], [3270.7, 5000.0]], "asks": [[3271.85, 136.0], [3272.25, 2081.0], [3272.3, 6900.0], [3272.35, 71.0], [3272.45, 1447.0], [3272.5, 1668.0], [3272.55, 1620.0], [3272.6, 1420.0], [3272.7, 4007.0], [3272.75, 6423.0], [3272.8, 22013.0], [3272.85, 3047.0], [3272.9, 4007.0], [3272.95, 5000.0], [3273.0, 1940.0], [3273.05, 1500.0], [3273.1, 5000.0], [3273.15, 4004.0], [3273.2, 13405.0], [3273.25, 10.0]]}}}
{"jsonrpc": "2.0", "method": "subscription", "params": {"channel": "book.ETH-PERPETUAL.none.20.100ms", "data": {"timestamp": 1768594490820, "change_id": 105122412990, "instrument_name": "ETH-PERPETUAL", "bids": [[3271.8, 47010.0], [3271.75, 24923.0], [3271.7, 61900.0], [3271.65, 5612.0], [3271.6, 6900.0], [3271.55, 5000.0], [3271.5, 21733.0], [3271.45, 19272.0], [3271.4, 11900.0], [3271.35, 29453.0], [3271.3, 21959.0], [3271.25, 11285.0], [3271.2, 6935.0], [3271.05, 3341.0], [3271.0, 5000.0], [3270.95, 5128.0], [3270.9, 1493.0], [3270.85, 5000.0], [3270.75, 2149.0], [3270.7, 5000.0]], "asks": [[3271.85, 136.0], [3272.25, 2081.0], [3272.3, 6900.0], [3272.35, 71.0], [3272.45, 1447.0], [3272.5, 1668.0], [3272.55, 1620.0], [3272.6, 1420.0], [3272.7, 4007.0], [3272.75, 6423.0], [3272.8, 22013.0], [3272.85, 3047.0], [3272.9, 4007.0], [3272.95, 5000.0], [3273.0, 1940.0], [3273.05, 1500.0], [3273.1, 5000.0], [3273.15, 4004.0], [3273.2, 13405.0], [3273.25, 10.0]]}}}
{"jsonrpc": "2.0", "method": "subscription", "params": {"channel": "book.ETH-PERPETUAL.none.20.100ms", "data": {"timestamp": 1768594491153, "change_id": 105122413175, "instrument_name": "ETH-PERPETUAL", "bids": [[3271.8, 36480.0], [3271.75, 6900.0], [3271.7, 6900.0], [3271.65, 5612.0], [3271.6, 6900.0], [3271.55, 5000.0], [3271.5, 33332.0], [3271.4, 61900.0], [3271.35, 44226.0], [3271.3, 1963.0], [3271.25, 22995.0], [3271.2, 6935.0], [3271.15, 1500.0], [3271.05, 3341.0], [3271.0, 5000.0], [3270.95, 5128.0], [3270.9, 1493.0], [3270.85, 5000.0], [3270.75, 2149.0], [3270.7, 5000.0]], "asks": [[3271.85, 4445.0], [3272.25, 2081.0], [3272.3, 8100.0], [3272.35, 71.0], [3272.45, 1447.0], [3272.5, 468.0], [3272.55, 4165.0], [3272.6, 6189.0], [3272.65, 5000.0], [3272.7, 4007.0], [3272.75, 6423.0], [3272.8, 17244.0], [3272.85, 3047.0], [3272.9, 4007.0], [3272.95, 5000.0], [3273.0, 1940.0], [3273.05, 1500.0], [3273.1, 5000.0], [3273.15, 7005.0], [3273.2, 13405.0]]}}}
{"jsonrpc": "2.0", "method": "subscription", "params": {"channel": "book.ETH-PERPETUAL.none.20.100ms", "data": {"timestamp": 1768594491482, "change_id": 105122413793, "instrument_name": "ETH-PERPETUAL", "bids": [[3271.8, 30667.0], [3271.75, 6900.0], [3271.7, 6900.0], [3271.65, 26719.0], [3271.6, 6900.0], [3271.55, 5000.0], [3271.5, 8099.0], [3271.4, 11900.0], [3271.35, 33833.0], [3271.3, 1963.0], [3271.25, 37768.0], [3271.2, 9934.0], [3271.15, 1500.0], [3271.05, 3341.0], [3271.0, 5000.0], [3270.95, 5128.0], [3270.9, 1493.0], [3270.85, 5000.0], [3270.75, 2149.0], [3270.7, 5000.0]], "asks": [[3271.85, 4445.0], [3272.25, 3597.0], [3272.3, 8100.0], [3272.35, 71.0], [3272.4, 6833.0], [3272.45, 1447.0], [3272.5, 5468.0], [3272.55, 7063.0], [3272.6, 1420.0], [3272.65, 15250.0], [3272.7, 4007.0], [3272.75, 2776.0], [3272.8, 6994.0], [3272.85, 3047.0], [3272.9, 4017.0], [3272.95, 5000.0], [3273.0, 1940.0], [3273.05, 1500.0], [3273.1, 5000.0], [3273.15, 7005.0]]}}}
{"jsonrpc": "2.0", "method": "subscription", "params": {"channel": "book.ETH-PERPETUAL.none.20.100ms", "data": {"timestamp": 1768594491812, "change_id": 105122414342, "instrument_name": "ETH-PERPETUAL", "bids": [[3271.8, 29495.0], [3271.75, 61669.0], [3271.7, 6900.0], [3271.65, 10452.0], [3271.6, 6900.0], [3271.55, 5000.0], [3271.5, 12368.0], [3271.4, 29672.0], [3271.35, 24134.0], [3271.3, 3028.0], [3271.25, 19996.0], [3271.2, 8869.0], [3271.15, 1500.0], [3271.05, 3341.0], [3271.0, 5000.0], [3270.95, 5128.0], [3270.9, 1493.0], [3270.85, 5000.0], [3270.75, 2149.0], [3270.7, 5000.0]], "asks": [[3271.85, 136.0], [3272.25, 2439.0], [3272.3, 6900.0], [3272.35, 71.0], [3272.4, 1200.0], [3272.5, 468.0], [3272.55, 4613.0], [3272.6, 1420.0], [3272.65, 11269.0], [3272.7, 4007.0], [3272.75, 5151.0], [3272.8, 17244.0], [3272.85, 3047.0], [3272.9, 4017.0], [3272.95, 5000.0], [3273.0, 1940.0], [3273.1, 8001.0], [3273.15, 4004.0], [3273.2, 13405.0], [3273.35, 4303.0]]}}}
{"jsonrpc": "2.0", "method": "subscription", "params": {"channel": "book.ETH-PERPETUAL.none.20.100ms", "data": {"timestamp": 1768594492098, "change_id": 105122414406, "instrument_name": "ETH-PERPETUAL", "bids": [[3271.8, 29495.0], [3271.75, 65788.0], [3271.7, 6900.0], [3271.65, 10452.0], [3271.6, 6900.0], [3271.55, 5000.0], [3271.5, 12368.0], [3271.4, 29672.0], [3271.35, 24134.0], [3271.3, 3028.0], [3271.25, 19996.0], [3271.2, 12685.0], [3271.15, 12785.0], [3271.05, 3341.0], [3271.0, 5000.0], [3270.95, 5128.0], [3270.9, 1493.0], [3270.85, 5000.0], [3270.75, 2149.0], [3270.7, 5000.0]], "asks": [[3271.85, 136.0], [3272.25, 2439.0], [3272.3, 6900.0], [3272.35, 71.0], [3272.45, 1447.0], [3272.5, 468.0], [3272.55, 4613.0], [3272.6, 1420.0], [3272.65, 11269.0], [3272.7, 4007.0], [3272.75, 5151.0], [3272.8, 17244.0], [3272.85, 3047.0], [3272.9, 4017.0], [3272.95, 5000.0], [3273.0, 1940.0], [3273.1, 8001.0], [3273.15, 4004.0], [3273.2, 13405.0], [3273.35, 4303.0]]}}}
{"jsonrpc": "2.0", "method": "subscription", "params": {"channel": "book.ETH-PERPETUAL.none.20.100ms", "data": {"timestamp": 1768594492421, "change_id": 105122414918, "instrument_name": "ETH-PERPETUAL", "bids": [[3271.8, 29495.0], [3271.75, 56829.0], [3271.7, 6900.0], [3271.65, 3552.0], [3271.6, 6900.0], [3271.55, 5000.0], [3271.5, 12368.0], [3271.4, 29672.0], [3271.35, 24134.0], [3271.3, 3028.0], [3271.25, 19996.0], [3271.2, 9686.0], [3271.15, 12785.0], [3271.1, 2999.0], [3271.05, 3341.0], [3271.0, 5000.0], [3270.95, 5128.0], [3270.9, 1493.0], [3270.85, 5000.0], [3270.75, 2149.0]], "asks": [[3271.85, 136.0], [3272.25, 2439.0], [3272.3, 6900.0], [3272.35, 71.0], [3272.45, 1447.0], [3272.5, 468.0], [3272.55, 4613.0], [3272.6, 1420.0], [3272.65, 11269.0], [3272.7, 4007.0], [3272.75, 5151.0], [3272.8, 17244.0], [3272.85, 3047.0], [3272.9, 4017.0], [3272.95, 5000.0], [3273.0, 1940.0], [3273.05, 3001.0], [3273.1, 5000.0], [3273.15, 4004.0], [3273.2, 13405.0]]}}}
{"jsonrpc": "2.0", "method": "subscription", "params": {"channel": "book.ETH-PERPETUAL.none.20.100ms", "data": {"timestamp": 1768594492664, "change_id": 105122415077, "instrument_name": "ETH-PERPETUAL", "bids": [[3271.8, 29495.0], [3271.75, 56829.0], [3271.7, 6900.0], [3271.65, 3552.0], [3271.6, 6900.0], [3271.55, 5000.0], [3271.5, 12368.0], [3271.4, 29672.0], [3271.35, 24134.0], [3271.3, 3028.0], [3271.25, 19996.0], [3271.2, 9686.0], [3271.15, 12785.0], [3271.1, 2999.0], [3271.05, 3341.0], [3271.0, 5000.0], [3270.95, 5128.0], [3270.9, 1493.0], [3270.85, 5000.0], [3270.75, 2149.0]], "asks": [[3271.85, 136.0], [3272.25, 2439.0], [3272.3, 6900.0], [3272.35, 71.0], [3272.45, 1447.0], [3272.5, 468.0], [3272.55, 4613.0], [3272.6, 1420.0], [3272.65, 11269.0], [3272.7, 4007.0], [3272.75, 5151.0], [3272.8, 17244.0], [3272.85, 3047.0], [3272.9, 4017.0], [3272.95, 5000.0], [3273.0, 1940.0], [3273.05, 3001.0], [3273.1, 5000.0], [3273.15, 4004.0], [3273.2, 13405.0]]}}}
{"jsonrpc": "2.0", "method": "subscription", "params": {"channel": "book.ETH-PERPETUAL.none.20.100ms", "data": {"timestamp": 1768594493016, "change_id": 105122415249, "instrument_name": "ETH-PERPETUAL", "bids": [[3271.8, 29495.0], [3271.75, 56829.0], [3271.7, 6900.0], [3271.65, 5158.0], [3271.6, 6900.0], [3271.55, 11900.0], [3271.5, 12368.0], [3271.4, 29672.0], [3271.35, 24089.0], [3271.3, 3028.0], [3271.25, 19996.0], [3271.2, 12685.0], [3271.15, 12785.0], [3271.05, 3341.0], [3271.0, 5000.0], [3270.95, 5128.0], [3270.9, 1493.0], [3270.85, 5000.0], [3270.75, 2149.0], [3270.7, 5000.0]], "asks": [[3271.85, 136.0], [3272.25, 2439.0], [3272.3, 6900.0], [3272.35, 71.0], [3272.45, 1447.0], [3272.5, 468.0], [3272.55, 4613.0], [3272.6, 1420.0], [3272.65, 11269.0], [3272.7, 4007.0], [3272.75, 5151.0], [3272.8, 17244.0], [3272.85, 3047.0], [3272.9, 4017.0], [3272.95, 5000.0], [3273.0, 1940.0], [3273.05, 3001.0], [3273.1, 5000.0], [3273.15, 4004.0], [3273.2, 13405.0]]}}}
{"jsonrpc": "2.0", "method": "subscription", "params": {"channel": "book.ETH-PERPETUAL.none.20.100ms", "data": {"timestamp": 1768594493465, "change_id": 105122415790, "instrument_name": "ETH-PERPETUAL", "bids": [[3271.8, 29574.0], [3271.75, 57684.0], [3271.7, 6900.0], [3271.65, 5158.0], [3271.6, 6900.0], [3271.55, 11900.0], [3271.5, 12368.0], [3271.4, 29672.0], [3271.35, 24089.0], [3271.3, 3028.0], [3271.25, 19996.0], [3271.2, 12685.0], [3271.15, 12785.0], [3271.05, 3341.0], [3271.0, 5000.0], [3270.95, 5128.0], [3270.9, 1493.0], [3270.85, 5000.0], [3270.75, 2149.0], [3270.7, 5000.0]], "asks": [[3271.85, 4445.0], [3272.25, 2439.0], [3272.3, 6900.0], [3272.35, 71.0], [3272.45, 1447.0], [3272.5, 468.0], [3272.55, 4613.0], [3272.6, 1420.0], [3272.65, 11269.0], [3272.7, 4007.0], [3272.75, 5151.0], [3272.8, 17244.0], [3272.85, 3047.0], [3272.9, 4017.0], [3272.95, 5000.0], [3273.0, 1940.0], [3273.05, 3001.0], [3273.1, 5000.0], [3273.15, 4004.0], [3273.2, 13405.0]]}}}
{"jsonrpc": "2.0", "method": "subscription", "params": {"channel": "book.ETH-PERPETUAL.none.20.100ms", "data": {"timestamp": 1768594493786, "change_id": 105122416071, "instrument_name": "ETH-PERPETUAL", "bids": [[3271.8, 29574.0], [3271.75, 57684.0], [3271.7, 6900.0], [3271.65, 5158.0], [3271.6, 6900.0], [3271.55, 11900.0], [3271.5, 12368.0], [3271.4, 29672.0], [3271.35, 24089.0], [3271.3, 3028.0], [3271.25, 19996.0], [3271.2, 12685.0], [3271.15, 12785.0], [3271.05, 3341.0], [3271.0, 5000.0], [3270.95, 5128.0], [3270.9, 1493.0], [3270.85, 5000.0], [3270.75, 2149.0], [3270.7, 5000.0]], "asks": [[3271.85, 4445.0], [3272.25, 2439.0], [3272.3, 6900.0], [3272.35, 71.0], [3272.45, 1447.0], [3272.5, 468.0], [3272.55, 7454.0], [3272.6, 1420.0], [3272.65, 21519.0], [3272.7, 4007.0], [3272.75, 2776.0], [3272.8, 6994.0], [3272.85, 3047.0], [3272.9, 4017.0], [3272.95, 5000.0], [3273.0, 1940.0], [3273.05, 3001.0], [3273.1, 5000.0], [3273.15, 4004.0], [3273.2, 13405.0]]}}}
{"jsonrpc": "2.0", "method": "subscription", "params": {"channel": "book.ETH-PERPETUAL.none.20.100ms", "data": {"timestamp": 1768594494015, "change_id": 105122416132, "instrument_name": "ETH-PERPETUAL", "bids": [[3271.8, 29574.0], [3271.75, 57684.0], [3271.7, 6900.0], [3271.65, 5158.0], [3271.6, 6900.0], [3271.55, 11900.0], [3271.5, 12368.0], [3271.4, 29672.0], [3271.35, 24089.0], [3271.3, 3028.0], [3271.25, 19996.0], [3271.2, 12685.0], [3271.15, 12785.0], [3271.05, 3341.0], [3271.0, 5000.0], [3270.95, 5128.0], [3270.9, 1493.0], [3270.85, 5000.0], [3270.75, 2149.0], [3270.7, 5000.0]], "asks": [[3271.85, 4445.0], [3272.25, 2439.0], [3272.3, 6900.0], [3272.35, 71.0], [3272.45, 1447.0], [3272.5, 468.0], [3272.55, 7454.0], [3272.6, 1420.0], [3272.65, 21519.0], [3272.7, 4007.0], [3272.75, 2776.0], [3272.8, 6994.0], [3272.85, 3047.0], [3272.9, 4017.0], [3272.95, 5000.0], [3273.0, 1940.0], [3273.05, 3001.0], [3273.1, 5000.0], [3273.15, 4004.0], [3273.2, 13405.0]]}}}
{"jsonrpc": "2.0", "method": "subscription", "params": {"channel": "book.ETH-PERPETUAL.none.20.100ms", "data": {"timestamp": 1768594494154, "change_id": 105122416162, "instrument_name": "ETH-PERPETUAL", "bids": [[3271.8, 29574.0], [3271.75, 57684.0], [3271.7, 6900.0], [3271.65, 5158.0], [3271.6, 6900.0], [3271.55, 11900.0], [3271.5, 12368.0], [3271.4, 29672.0], [3271.35, 24089.0], [3271.3, 3028.0], [3271.25, 19996.0], [3271.2, 9686.0], [3271.15, 12785.0], [3271.1, 2999.0], [3271.05, 3341.0], [3271.0, 5000.0], [3270.95, 5128.0], [3270.9, 1493.0], [3270.85, 5000.0], [3270.75, 2149.0]], "asks": [[3271.85, 4445.0], [3272.25, 2439.0], [3272.3, 6900.0], [3272.35, 71.0], [3272.45, 1447.0], [3272.5, 468.0], [3272.55, 7454.0], [3272.6, 1420.0], [3272.65, 21519.0], [3272.7, 4007.0], [3272.75, 2776.0], [3272.8, 6994.0], [3272.85, 3047.0], [3272.9, 4017.0], [3272.95, 5000.0], [3273.0, 1940.0], [3273.05, 3001.0], [3273.1, 5000.0], [3273.15, 4004.0], [3273.2, 13405.0]]}}}
{"jsonrpc": "2.0", "method": "subscription", "params": {"channel": "book.ETH-PERPETUAL.none.20.100ms", "data": {"timestamp": 1768594494665, "change_id": 105122416806, "instrument_name": "ETH-PERPETUAL", "bids": [[3271.8, 29574.0], [3271.75, 57684.0], [3271.7, 6900.0], [3271.65, 5158.0], [3271.6, 6900.0], [3271.55, 11900.0], [3271.5, 12368.0], [3271.4, 29672.0], [3271.35, 24089.0], [3271.3, 3028.0], [3271.25, 19996.0], [3271.2, 9686.0], [3271.15, 12785.0], [3271.1, 2999.0], [3271.05, 3341.0], [3271.0, 5000.0], [3270.95, 5128.0], [3270.9, 1493.0], [3270.85, 5000.0], [3270.75, 2149.0]], "asks": [[3271.85, 4445.0], [3272.25, 2439.0], [3272.3, 6900.0], [3272.35, 71.0], [3272.45, 1447.0], [3272.5, 468.0], [3272.55, 7454.0], [3272.6, 1420.0], [3272.65, 21519.0], [3272.7, 4007.0], [3272.75, 2776.0], [3272.8, 6994.0], [3272.85, 3047.0], [3272.9, 4017.0], [3272.95, 5000.0], [3273.0, 1940.0], [3273.05, 3001.0], [3273.1, 5000.0], [3273.15, 4004.0], [3273.2, 13405.0]]}}}
{"jsonrpc": "2.0", "method": "subscription", "params": {"channel": "book.ETH-PERPETUAL.none.20.100ms", "data": {"timestamp": 1768594495107, "change_id": 105122417039, "instrument_name": "ETH-PERPETUAL", "bids": [[3271.8, 29574.0], [3271.75, 57684.0], [3271.7, 6900.0], [3271.65, 5158.0], [3271.6, 6900.0], [3271.55, 11900.0], [3271.5, 17778.0], [3271.4, 29672.0], [3271.35, 24407.0], [3271.3, 3028.0], [3271.25, 22995.0], [3271.2, 9686.0], [3271.15, 12785.0], [3271.05, 3341.0], [3271.0, 5000.0], [3270.95, 5128.0], [3270.9, 1493.0], [3270.85, 5000.0], [3270.75, 2149.0], [3270.7, 5000.0]], "asks": [[3271.85, 136.0], [3272.25, 2439.0], [3272.3, 6900.0], [3272.35, 71.0], [3272.45, 1447.0], [3272.5, 468.0], [3272.55, 7454.0], [3272.6, 1420.0], [3272.65, 16750.0], [3272.7, 4007.0], [3272.75, 2776.0], [3272.8, 6994.0], [3272.85, 3047.0], [3272.9, 4017.0], [3272.95, 5000.0], [3273.0, 1940.0], [3273.1, 5000.0], [3273.15, 7005.0], [3273.2, 13405.0], [3273.35, 4303.0]]}}}
{"jsonrpc": "2.0", "method": "subscription", "params": {"channel": "book.ETH-PERPETUAL.none.20.100ms", "data": {"timestamp": 1768594495340, "change_id": 105122417300, "instrument_name": "ETH-PERPETUAL", "bids": [[3271.8, 29574.0], [3271.75, 56829.0], [3271.7, 6900.0], [3271.65, 5158.0], [3271.6, 6900.0], [3271.55, 11900.0], [3271.5, 17778.0], [3271.4, 29672.0], [3271.35, 24407.0], [3271.3, 3028.0], [3271.25, 19996.0], [3271.2, 9686.0], [3271.15, 12785.0], [3271.1, 2999.0], [3271.05, 3341.0], [3271.0, 5000.0], [3270.95, 5128.0], [3270.9, 1493.0], [3270.85, 5000.0], [3270.75, 2149.0]], "asks": [[3271.85, 136.0], [3272.25, 2439.0], [3272.3, 6900.0], [3272.35, 71.0], [3272.45, 1447.0], [3272.5, 468.0], [3272.55, 7454.0], [3272.6, 1420.0], [3272.65, 21519.0], [3272.7, 4007.0], [3272.75, 2776.0], [3272.8, 6994.0], [3272.85, 3047.0], [3272.9, 4017.0], [3272.95, 5000.0], [3273.0, 1940.0], [3273.05, 3001.0], [3273.1, 5000.0], [3273.15, 4004.0], [3273.2, 13405.0]]}}}
{"jsonrpc": "2.0", "method": "subscription", "params": {"channel": "book.ETH-PERPETUAL.none.20.100ms", "data": {"timestamp": 1768594495775, "change_id": 105122418115, "instrument_name": "ETH-PERPETUAL", "bids": [[3271.8, 27152.0], [3271.75, 6829.0], [3271.7, 8475.0], [3271.65, 5158.0], [3271.6, 6900.0], [3271.55, 11900.0], [3271.5, 21977.0], [3271.4, 11900.0], [3271.35, 67524.0], [3271.3, 1963.0], [3271.2, 16062.0], [3271.15, 12785.0], [3271.1, 17772.0], [3271.05, 23337.0], [3271.0, 5000.0], [3270.95, 5128.0], [3270.9, 2515.0], [3270.85, 5000.0], [3270.8, 2999.0], [3270.75, 3214.0]], "asks": [[3271.85, 4445.0], [3272.25, 2439.0], [3272.3, 8347.0], [3272.35, 71.0], [3272.4, 5703.0], [3272.45, 4769.0], [3272.5, 15718.0], [3272.6, 3136.0], [3272.65, 9501.0], [3272.7, 4007.0], [3272.75, 2776.0], [3272.8, 6994.0], [3272.85, 3047.0], [3272.9, 4017.0], [3272.95, 5000.0], [3273.0, 1940.0], [3273.1, 5000.0], [3273.15, 4004.0], [3273.2, 13405.0], [3273.35, 4303.0]]}}}
{"jsonrpc": "2.0", "method": "subscription", "params": {"channel": "book.ETH-PERPETUAL.none.20.100ms", "data": {"timestamp": 1768594496115, "change_id": 105122418307, "instrument_name": "ETH-PERPETUAL", "bids": [[3271.8, 24474.0], [3271.75, 6829.0], [3271.7, 8475.0], [3271.65, 5158.0], [3271.6, 6900.0], [3271.55, 6900.0], [3271.5, 21977.0], [3271.45, 50000.0], [3271.4, 11900.0], [3271.35, 17524.0], [3271.3, 1963.0], [3271.2, 9686.0], [3271.15, 1500.0], [3271.1, 17772.0], [3271.05, 3341.0], [3271.0, 24996.0], [3270.95, 5128.0], [3270.9, 4492.0], [3270.85, 5000.0], [3270.75, 3214.0]], "asks": [[3271.85, 4445.0], [3272.25, 4117.0], [3272.3, 9767.0], [3272.35, 5071.0], [3272.4, 3056.0], [3272.45, 4769.0], [3272.5, 5468.0], [3272.6, 5795.0], [3272.65, 6500.0], [3272.7, 14257.0], [3272.75, 5777.0], [3272.8, 6994.0], [3272.85, 3047.0], [3272.9, 4017.0], [3272.95, 5000.0], [3273.0, 1940.0], [3273.1, 5000.0], [3273.15, 4004.0], [3273.2, 13405.0], [3273.35, 4303.0]]}}}
{"jsonrpc": "2.0", "method": "subscription", "params": {"channel": "book.ETH-PERPETUAL.none.20.100ms", "data": {"timestamp": 1768594496443, "change_id": 105122419052, "instrument_name": "ETH-PERPETUAL", "bids": [[3271.8, 24574.0], [3271.75, 56829.0], [3271.7, 8475.0], [3271.65, 7671.0], [3271.6, 6900.0], [3271.55, 11900.0], [3271.5, 14985.0], [3271.4, 11900.0], [3271.35, 22829.0], [3271.3, 1963.0], [3271.25, 17772.0], [3271.2, 7213.0], [3271.15, 24495.0], [3271.05, 3341.0], [3271.0, 5000.0], [3270.95, 5128.0], [3270.9, 1493.0], [3270.85, 5000.0], [3270.75, 3214.0], [3270.7, 5000.0]], "asks": [[3271.85, 136.0], [3272.25, 2439.0], [3272.3, 8320.0], [3272.35, 71.0], [3272.45, 1447.0], [3272.5, 468.0], [3272.6, 4220.0], [3272.65, 11269.0], [3272.7, 4007.0], [3272.75, 2406.0], [3272.8, 6994.0], [3272.9, 4017.0], [3272.95, 15250.0], [3273.0, 1940.0], [3273.05, 3001.0], [3273.1, 5000.0], [3273.15, 4004.0], [3273.2, 13405.0], [3273.35, 4303.0], [3273.4, 14416.0]]}}}
{"jsonrpc": "2.0", "method": "subscription", "params": {"channel": "book.ETH-PERPETUAL.none.20.100ms", "data": {"timestamp": 1768594496769, "change_id": 105122419670, "instrument_name": "ETH-PERPETUAL", "bids": [[3271.8, 24474.0], [3271.75, 6829.0], [3271.7, 8475.0], [3271.65, 21616.0], [3271.6, 6900.0], [3271.55, 11900.0], [3271.5, 64985.0], [3271.4, 11900.0], [3271.35, 22829.0], [3271.3, 1963.0], [3271.25, 17772.0], [3271.2, 13010.0], [3271.15, 1500.0], [3271.1, 19996.0], [3271.05, 6340.0], [3271.0, 5000.0], [3270.95, 5128.0], [3270.9, 1493.0], [3270.85, 5000.0], [3270.75, 3214.0]], "asks": [[3271.85, 4445.0], [3272.25, 2439.0], [3272.3, 9767.0], [3272.35, 71.0], [3272.5, 468.0], [3272.55, 7620.0], [3272.6, 10250.0], [3272.65, 11269.0], [3272.7, 4007.0], [3272.75, 2406.0], [3272.8, 6994.0], [3272.9, 7018.0], [3272.95, 5000.0], [3273.0, 1940.0], [3273.1, 5000.0], [3273.15, 4004.0], [3273.2, 13405.0], [3273.35, 4303.0], [3273.4, 30332.0], [3273.45, 2984.0]]}}}
{"jsonrpc": "2.0", "method": "subscription", "params": {"channel": "book.ETH-PERPETUAL.none.20.100ms", "data": {"timestamp": 1768594497082, "change_id": 105122419801, "instrument_name": "ETH-PERPETUAL", "bids": [[3271.8, 24474.0], [3271.75, 11829.0], [3271.7, 8475.0], [3271.65, 21616.0], [3271.6, 6900.0], [3271.55, 11900.0], [3271.5, 64985.0], [3271.4, 11900.0], [3271.35, 22829.0], [3271.3, 1963.0], [3271.25, 17772.0], [3271.2, 13010.0], [3271.15, 1500.0], [3271.1, 19996.0], [3271.05, 6340.0], [3271.0, 5000.0], [3270.95, 5128.0], [3270.9, 1493.0], [3270.85, 5000.0], [3270.75, 3214.0]], "asks": [[3271.85, 4445.0], [3272.25, 2439.0], [3272.3, 9767.0], [3272.35, 71.0], [3272.5, 468.0], [3272.55, 7620.0], [3272.6, 10250.0], [3272.65, 11269.0], [3272.7, 4007.0], [3272.75, 2406.0], [3272.8, 6994.0], [3272.9, 4017.0], [3272.95, 8001.0], [3273.0, 1940.0], [3273.1, 5000.0], [3273.15, 4004.0], [3273.2, 13405.0], [3273.35, 4303.0], [3273.4, 30332.0], [3273.45, 2984.0]]}}}
{"jsonrpc": "2.0", "method": "subscription", "params": {"channel": "book.ETH-PERPETUAL.none.20.100ms", "data": {"timestamp": 1768594497431, "change_id": 105122420322, "instrument_name": "ETH-PERPETUAL", "bids": [[3271.8, 24574.0], [3271.75, 13729.0], [3271.7, 8475.0], [3271.65, 21616.0], [3271.6, 56900.0], [3271.55, 11900.0], [3271.5, 8085.0], [3271.4, 11900.0], [3271.35, 22829.0], [3271.3, 1963.0], [3271.25, 17772.0], [3271.2, 13010.0], [3271.15, 1500.0], [3271.1, 22995.0], [3271.05, 3341.0], [3271.0, 5000.0], [3270.95, 5128.0], [3270.9, 1493.0], [3270.85, 5000.0], [3270.75, 3214.0]], "asks": [[3271.85, 136.0], [3272.15, 2060.0], [3272.2, 6900.0], [3272.25, 2439.0], [3272.3, 9767.0], [3272.35, 71.0], [3272.5, 468.0], [3272.55, 7620.0], [3272.6, 10250.0], [3272.65, 11269.0], [3272.7, 4007.0], [3272.75, 2406.0], [3272.8, 6994.0], [3272.9, 4017.0], [3272.95, 8001.0], [3273.0, 1940.0], [3273.1, 5000.0], [3273.15, 4004.0], [3273.2, 13405.0], [3273.35, 8504.0]]}}}
{"jsonrpc": "2.0", "method": "subscription", "params": {"channel": "book.ETH-PERPETUAL.none.20.100ms", "data": {"timestamp": 1768594497748, "change_id": 105122420598, "instrument_name": "ETH-PERPETUAL", "bids": [[3271.8, 24574.0], [3271.75, 13729.0], [3271.7, 8475.0], [3271.65, 21616.0], [3271.6, 6900.0], [3271.55, 11900.0], [3271.5, 58085.0], [3271.4, 11900.0], [3271.35, 22829.0], [3271.3, 1963.0], [3271.25, 17772.0], [3271.2, 13010.0], [3271.15, 1500.0], [3271.1, 22995.0], [3271.05, 3341.0], [3271.0, 5000.0], [3270.95, 5128.0], [3270.9, 1493.0], [3270.85, 5000.0], [3270.75, 3214.0]], "asks": [[3271.85, 136.0], [3272.15, 2060.0], [3272.2, 6900.0], [3272.25, 2439.0], [3272.3, 9767.0], [3272.35, 71.0], [3272.5, 468.0], [3272.55, 7620.0], [3272.6, 10250.0], [3272.65, 11269.0], [3272.7, 4007.0], [3272.75, 2406.0], [3272.8, 6994.0], [3272.9, 4017.0], [3272.95, 5000.0], [3273.0, 1940.0], [3273.05, 3001.0], [3273.1, 5000.0], [3273.15, 4004.0], [3273.2, 13405.0]]}}}
{"jsonrpc": "2.0", "method": "subscription", "params": {"channel": "book.ETH-PERPETUAL.none.20.100ms", "data": {"timestamp": 1768594498058, "change_id": 105122420680, "instrument_name": "ETH-PERPETUAL", "bids": [[3271.8, 24574.0], [3271.75, 13729.0], [3271.7, 8475.0], [3271.65, 21616.0], [3271.6, 6900.0], [3271.55, 11900.0], [3271.5, 58085.0], [3271.4, 11900.0], [3271.35, 22829.0], [3271.3, 1968.0], [3271.25, 17772.0], [3271.2, 13010.0], [3271.15, 1500.0], [3271.1, 22995.0], [3271.05, 3341.0], [3271.0, 5000.0], [3270.95, 5128.0], [3270.9, 1493.0], [3270.85, 5000.0], [3270.75, 3214.0]], "asks": [[3271.85, 136.0], [3272.15, 2060.0], [3272.2, 6900.0], [3272.25, 2439.0], [3272.3, 9767.0], [3272.35, 71.0], [3272.5, 468.0], [3272.55, 7620.0], [3272.6, 10250.0], [3272.65, 11269.0], [3272.7, 4007.0], [3272.75, 2406.0], [3272.8, 6994.0], [3272.9, 4017.0], [3272.95, 8001.0], [3273.0, 1940.0], [3273.1, 5000.0], [3273.15, 4004.0], [3273.2, 13405.0], [3273.35, 8504.0]]}}}
{"jsonrpc": "2.0", "method": "subscription", "params": {"channel": "book.ETH-PERPETUAL.none.20.100ms", "data": {"timestamp": 1768594498426, "change_id": 105122421191, "instrument_name": "ETH-PERPETUAL", "bids": [[3271.8, 24574.0], [3271.75, 13729.0], [3271.7, 8475.0], [3271.65, 21616.0], [3271.6, 6900.0], [3271.55, 11900.0], [3271.5, 58085.0], [3271.4, 11900.0], [3271.35, 22829.0], [3271.3, 1968.0], [3271.25, 17772.0], [3271.2, 13010.0], [3271.15, 1500.0], [3271.1, 22995.0], [3271.05, 3341.0], [3271.0, 5000.0], [3270.95, 5128.0], [3270.9, 1493.0], [3270.85, 5000.0], [3270.75, 3214.0]], "asks": [[3271.85, 136.0], [3272.15, 2060.0], [3272.2, 6900.0], [3272.25, 2439.0], [3272.3, 9767.0], [3272.35, 71.0], [3272.5, 468.0], [3272.55, 7620.0], [3272.6, 10250.0], [3272.65, 11269.0], [3272.7, 4007.0], [3272.75, 2406.0], [3272.8, 6994.0], [3272.9, 4017.0], [3272.95, 8001.0], [3273.0, 1940.0], [3273.1, 5000.0], [3273.15, 4004.0], [3273.2, 13405.0], [3273.35, 8504.0]]}}}
{"jsonrpc": "2.0", "method": "subscription", "params": {"channel": "book.ETH-PERPETUAL.none.20.100ms", "data": {"timestamp": 1768594498759, "change_id": 105122421591, "instrument_name": "ETH-PERPETUAL", "bids": [[3271.8, 29343.0], [3271.75, 24091.0], [3271.7, 58475.0], [3271.65, 5612.0], [3271.6, 6900.0], [3271.55, 11900.0], [3271.5, 8085.0], [3271.4, 11900.0], [3271.35, 22831.0], [3271.3, 1968.0], [3271.25, 17772.0], [3271.2, 13010.0], [3271.15, 1500.0], [3271.1, 22995.0], [3271.05, 3341.0], [3271.0, 5000.0], [3270.95, 5128.0], [3270.9, 1493.0], [3270.85, 5000.0], [3270.75, 3214.0]], "asks": [[3271.85, 136.0], [3272.15, 2060.0], [3272.2, 6900.0], [3272.25, 2439.0], [3272.3, 9767.0], [3272.35, 71.0], [3272.45, 1632.0], [3272.5, 5468.0], [3272.55, 3136.0], [3272.65, 11269.0], [3272.7, 4007.0], [3272.75, 5198.0], [3272.8, 6994.0], [3272.85, 13837.0], [3272.9, 4017.0], [3272.95, 5000.0], [3273.0, 1940.0], [3273.05, 3001.0], [3273.1, 5000.0], [3273.15, 4004.0]]}}}
{"jsonrpc": "2.0", "method": "subscription", "params": {"channel": "book.ETH-PERPETUAL.none.20.100ms", "data": {"timestamp": 1768594499086, "change_id": 105122421681, "instrument_name": "ETH-PERPETUAL", "bids": [[3271.8, 31981.0], [3271.75, 8960.0], [3271.7, 8475.0], [3271.65, 19819.0], [3271.6, 56900.0], [3271.55, 11900.0], [3271.5, 8085.0], [3271.4, 11900.0], [3271.35, 17526.0], [3271.3, 1968.0], [3271.2, 17574.0], [3271.15, 19272.0], [3271.1, 22995.0], [3271.05, 3341.0], [3271.0, 5000.0], [3270.95, 5128.0], [3270.9, 1493.0], [3270.85, 5000.0], [3270.75, 3214.0], [3270.7, 5000.0]], "asks": [[3271.85, 4445.0], [3272.15, 2060.0], [3272.2, 6900.0], [3272.25, 2439.0], [3272.3, 9767.0], [3272.35, 71.0], [3272.45, 1632.0], [3272.5, 5468.0], [3272.55, 7219.0], [3272.65, 11269.0], [3272.7, 14257.0], [3272.75, 2406.0], [3272.8, 6994.0], [3272.85, 3587.0], [3272.9, 4017.0], [3272.95, 8001.0], [3273.0, 1940.0], [3273.1, 5000.0], [3273.15, 4004.0], [3273.2, 13405.0]]}}}
{"jsonrpc": "2.0", "method": "subscription", "params": {"channel": "book.ETH-PERPETUAL.none.20.100ms", "data": {"timestamp": 1768594499405, "change_id": 105122422273, "instrument_name": "ETH-PERPETUAL", "bids": [[3271.8, 31909.0], [3271.75, 11226.0], [3271.7, 8475.0], [3271.65, 26719.0], [3271.6, 6900.0], [3271.55, 11900.0], [3271.5, 58085.0], [3271.4, 11900.0], [3271.35, 17526.0], [3271.3, 1968.0], [3271.2, 17637.0], [3271.15, 19272.0], [3271.1, 19996.0], [3271.05, 3341.0], [3271.0, 7999.0], [3270.95, 5128.0], [3270.9, 1493.0], [3270.85, 5000.0], [3270.75, 3214.0], [3270.7, 5000.0]], "asks": [[3271.85, 16447.0], [3272.15, 2060.0], [3272.2, 6900.0], [3272.25, 2439.0], [3272.3, 9767.0], [3272.35, 71.0], [3272.45, 4483.0], [3272.5, 5468.0], [3272.55, 13386.0], [3272.65, 11269.0], [3272.7, 4007.0], [3272.75, 2406.0], [3272.8, 6994.0], [3272.85, 6588.0], [3272.9, 4017.0], [3272.95, 5000.0], [3273.0, 1940.0], [3273.1, 5000.0], [3273.15, 4004.0], [3273.2, 13405.0]]}}}
{"jsonrpc": "2.0", "method": "subscription", "params": {"channel": "book.ETH-PERPETUAL.none.20.100ms", "data": {"timestamp": 1768594499668, "change_id": 105122422426, "instrument_name": "ETH-PERPETUAL", "bids": [[3271.8, 29243.0], [3271.75, 11226.0], [3271.7, 8475.0], [3271.65, 26719.0], [3271.6, 6900.0], [3271.55, 11900.0], [3271.5, 58085.0], [3271.4, 11900.0], [3271.35, 17526.0], [3271.3, 1968.0], [3271.2, 17637.0], [3271.15, 19272.0], [3271.1, 19996.0], [3271.05, 6340.0], [3271.0, 5000.0], [3270.95, 5128.0], [3270.9, 1493.0], [3270.85, 5000.0], [3270.75, 3214.0], [3270.7, 5000.0]], "asks": [[3271.85, 16447.0], [3272.15, 2060.0], [3272.2, 6900.0], [3272.25, 2439.0], [3272.3, 9767.0], [3272.35, 71.0], [3272.45, 4483.0], [3272.5, 5468.0], [3272.55, 13386.0], [3272.65, 11269.0], [3272.7, 4007.0], [3272.75, 2406.0], [3272.8, 6994.0], [3272.85, 3587.0], [3272.9, 7018.0], [3272.95, 5000.0], [3273.0, 1940.0], [3273.1, 5000.0], [3273.15, 4004.0], [3273.2, 13405.0]]}}}
{"jsonrpc": "2.0", "method": "subscription", "params": {"channel": "book.ETH-PERPETUAL.none.20.100ms", "data": {"timestamp": 1768594500022, "change_id": 105122422596, "instrument_name": "ETH-PERPETUAL", "bids": [[3271.8, 29243.0], [3271.75, 11226.0], [3271.7, 8475.0], [3271.65, 26719.0], [3271.6, 6900.0], [3271.55, 11900.0], [3271.5, 58085.0], [3271.4, 11900.0], [3271.35, 17526.0], [3271.3, 1968.0], [3271.2, 17637.0], [3271.15, 19272.0], [3271.1, 19996.0], [3271.05, 6340.0], [3271.0, 5000.0], [3270.95, 5128.0], [3270.9, 1493.0], [3270.85, 5000.0], [3270.75, 3214.0], [3270.7, 5000.0]], "asks": [[3271.85, 16447.0], [3272.15, 2060.0], [3272.2, 6900.0], [3272.25, 2439.0], [3272.3, 9767.0], [3272.35, 71.0], [3272.45, 4483.0], [3272.5, 5468.0], [3272.55, 13386.0], [3272.65, 11269.0], [3272.7, 4007.0], [3272.75, 2406.0], [3272.8, 6994.0], [3272.85, 3587.0], [3272.9, 7018.0], [3272.95, 5000.0], [3273.0, 1940.0], [3273.1, 5000.0], [3273.15, 4004.0], [3273.2, 13405.0]]}}}
{"jsonrpc": "2.0", "method": "subscription", "params": {"channel": "book.ETH-PERPETUAL.none.20.100ms", "data": {"timestamp": 1768594500405, "change_id": 105122423201, "instrument_name": "ETH-PERPETUAL", "bids": [[3271.8, 29243.0], [3271.75, 11226.0], [3271.7, 8475.0], [3271.65, 12512.0], [3271.6, 6900.0], [3271.55, 11900.0], [3271.5, 20180.0], [3271.45, 56900.0], [3271.4, 11900.0], [3271.35, 10626.0], [3271.3, 1968.0], [3271.2, 17637.0], [3271.15, 19272.0], [3271.05, 26336.0], [3271.0, 5000.0], [3270.95, 5128.0], [3270.9, 1493.0], [3270.85, 5000.0], [3270.75, 3214.0], [3270.7, 5000.0]], "asks": [[3271.85, 16447.0], [3272.05, 2060.0], [3272.1, 6900.0], [3272.15, 2060.0], [3272.2, 6900.0], [3272.25, 6902.0], [3272.3, 9767.0], [3272.35, 71.0], [3272.4, 10250.0], [3272.45, 1632.0], [3272.5, 5468.0], [3272.55, 3136.0], [3272.65, 6500.0], [3272.7, 4007.0], [3272.75, 2406.0], [3272.8, 6994.0], [3272.85, 3587.0], [3272.9, 7018.0], [3272.95, 5000.0], [3273.0, 1940.0]]}}}
{"jsonrpc": "2.0", "method": "subscription", "params": {"channel": "book.ETH-PERPETUAL.none.20.100ms", "data": {"timestamp": 1768594500744, "change_id": 105122423479, "instrument_name": "ETH-PERPETUAL", "bids": [[3271.8, 60123.0], [3271.75, 11226.0], [3271.7, 8475.0], [3271.65, 26719.0], [3271.6, 6900.0], [3271.55, 61900.0], [3271.5, 6026.0], [3271.45, 6900.0], [3271.4, 11900.0], [3271.35, 10626.0], [3271.3, 1968.0], [3271.2, 17637.0], [3271.15, 19272.0], [3271.05, 26336.0], [3271.0, 5000.0], [3270.95, 5128.0], [3270.9, 1493.0], [3270.85, 5000.0], [3270.75, 3214.0], [3270.7, 5000.0]], "asks": [[3271.85, 16447.0], [3272.05, 2060.0], [3272.1, 6900.0], [3272.15, 2060.0], [3272.2, 6900.0], [3272.25, 6902.0], [3272.3, 9767.0], [3272.35, 71.0], [3272.4, 10250.0], [3272.45, 2847.0], [3272.5, 10237.0], [3272.55, 3136.0], [3272.65, 6500.0], [3272.7, 4007.0], [3272.75, 2406.0], [3272.8, 6994.0], [3272.85, 3587.0], [3272.9, 7018.0], [3272.95, 5000.0], [3273.0, 1940.0]]}}}
{"jsonrpc": "2.0", "method": "subscription", "params": {"channel": "book.ETH-PERPETUAL.none.20.100ms", "data": {"timestamp": 1768594501073, "change_id": 105122423571, "instrument_name": "ETH-PERPETUAL", "bids": [[3271.8, 60123.0], [3271.75, 11226.0], [3271.7, 8475.0], [3271.65, 26719.0], [3271.6, 6900.0], [3271.55, 61900.0], [3271.5, 6026.0], [3271.45, 6900.0], [3271.4, 11900.0], [3271.35, 10626.0], [3271.3, 1968.0], [3271.2, 17637.0], [3271.15, 19272.0], [3271.05, 26336.0], [3271.0, 5000.0], [3270.95, 5128.0], [3270.9, 1493.0], [3270.85, 5000.0], [3270.75, 3214.0], [3270.7, 5000.0]], "asks": [[3271.85, 16447.0], [3272.05, 2060.0], [3272.1, 6900.0], [3272.15, 2060.0], [3272.2, 6900.0], [3272.25, 2937.0], [3272.3, 9767.0], [3272.35, 71.0], [3272.45, 6062.0], [3272.5, 21526.0], [3272.55, 5795.0], [3272.6, 10250.0], [3272.65, 6500.0], [3272.7, 4007.0], [3272.75, 2406.0], [3272.8, 6994.0], [3272.85, 3587.0], [3272.9, 7018.0], [3272.95, 5000.0], [3273.0, 1940.0]]}}}
{"jsonrpc": "2.0", "method": "subscription", "params": {"channel": "book.ETH-PERPETUAL.none.20.100ms", "data": {"timestamp": 1768594501351, "change_id": 105122423901, "instrument_name": "ETH-PERPETUAL", "bids": [[3271.8, 61123.0], [3271.75, 8960.0], [3271.7, 8475.0], [3271.65, 19819.0], [3271.6, 6900.0], [3271.55, 61900.0], [3271.5, 6026.0], [3271.45, 6900.0], [3271.4, 11900.0], [3271.35, 10626.0], [3271.3, 1968.0], [3271.2, 17637.0], [3271.15, 19272.0], [3271.1, 2999.0], [3271.05, 23337.0], [3271.0, 5000.0], [3270.95, 5128.0], [3270.9, 1493.0], [3270.85, 5000.0], [3270.75, 3214.0]], "asks": [[3271.85, 16447.0], [3272.05, 2060.0], [3272.1, 6900.0], [3272.15, 3856.0], [3272.2, 6900.0], [3272.25, 9837.0], [3272.3, 9767.0], [3272.35, 71.0], [3272.45, 6062.0], [3272.5, 21526.0], [3272.55, 5795.0], [3272.6, 10250.0], [3272.65, 6500.0], [3272.7, 4007.0], [3272.75, 2406.0], [3272.8, 6994.0], [3272.85, 3587.0], [3272.9, 7018.0], [3272.95, 5000.0], [3273.0, 1940.0]]}}}
{"jsonrpc": "2.0", "method": "subscription", "params": {"channel": "book.ETH-PERPETUAL.none.20.100ms", "data": {"timestamp": 1768594501669, "change_id": 105122424237, "instrument_name": "ETH-PERPETUAL", "bids": [[3271.8, 56354.0], [3271.75, 8960.0], [3271.7, 8475.0], [3271.65, 19819.0], [3271.6, 6900.0], [3271.55, 61900.0], [3271.5, 6026.0], [3271.45, 6900.0], [3271.4, 11900.0], [3271.35, 10626.0], [3271.3, 1968.0], [3271.2, 17637.0], [3271.15, 19272.0], [3271.1, 2999.0], [3271.05, 23337.0], [3271.0, 5000.0], [3270.95, 5128.0], [3270.9, 1493.0], [3270.85, 5000.0], [3270.75, 3214.0]], "asks": [[3271.85, 16447.0], [3272.05, 2060.0], [3272.1, 6900.0], [3272.15, 3856.0], [3272.2, 6900.0], [3272.25, 9837.0], [3272.3, 9767.0], [3272.35, 71.0], [3272.45, 6062.0], [3272.5, 21526.0], [3272.55, 5795.0], [3272.6, 10250.0], [3272.65, 6500.0], [3272.7, 4007.0], [3272.75, 2406.0], [3272.8, 6994.0], [3272.85, 3587.0], [3272.9, 7018.0], [3272.95, 5000.0], [3273.0, 1940.0]]}}}
{"jsonrpc": "2.0", "method": "subscription", "params": {"channel": "book.ETH-PERPETUAL.none.20.100ms", "data": {"timestamp": 1768594502060, "change_id": 105122424452, "instrument_name": "ETH-PERPETUAL", "bids": [[3271.8, 60456.0], [3271.75, 13960.0], [3271.7, 8475.0], [3271.65, 19819.0], [3271.6, 6900.0], [3271.55, 61900.0], [3271.5, 6026.0], [3271.45, 6900.0], [3271.4, 11900.0], [3271.35, 10626.0], [3271.3, 1968.0], [3271.2, 17637.0], [3271.15, 19272.0], [3271.05, 26336.0], [3271.0, 5000.0], [3270.95, 5128.0], [3270.9, 1493.0], [3270.85, 5000.0], [3270.75, 3214.0], [3270.7, 5000.0]], "asks": [[3271.85, 16447.0], [3272.05, 2060.0], [3272.1, 6900.0], [3272.15, 3856.0], [3272.2, 6900.0], [3272.25, 9837.0], [3272.3, 9767.0], [3272.35, 71.0], [3272.45, 6062.0], [3272.5, 21526.0], [3272.55, 5795.0], [3272.6, 10250.0], [3272.65, 6500.0], [3272.7, 4007.0], [3272.75, 2406.0], [3272.8, 6994.0], [3272.85, 3587.0], [3272.9, 7018.0], [3272.95, 5000.0], [3273.0, 1940.0]]}}}
{"jsonrpc": "2.0", "method": "subscription", "params": {"channel": "book.ETH-PERPETUAL.none.20.100ms", "data": {"timestamp": 1768594502397, "change_id": 105122425232, "instrument_name": "ETH-PERPETUAL", "bids": [[3271.8, 63892.0], [3271.75, 2530.0], [3271.7, 8475.0], [3271.65, 3289.0], [3271.55, 6900.0], [3271.5, 27240.0], [3271.45, 50000.0], [3271.4, 6900.0], [3271.35, 15624.0], [3271.3, 1963.0], [3271.2, 18944.0], [3271.15, 21496.0], [3271.1, 17772.0], [3271.05, 7999.0], [3270.95, 5128.0], [3270.9, 1493.0], [3270.85, 5000.0], [3270.75, 3214.0], [3270.7, 5000.0], [3270.6, 3980.0]], "asks": [[3271.85, 5636.0], [3272.25, 2081.0], [3272.3, 6900.0], [3272.35, 71.0], [3272.4, 1476.0], [3272.45, 10831.0], [3272.5, 16757.0], [3272.55, 3136.0], [3272.65, 6500.0], [3272.7, 4007.0], [3272.75, 5198.0], [3272.8, 17244.0], [3272.85, 3587.0], [3272.9, 4017.0], [3272.95, 5000.0], [3273.0, 1940.0], [3273.05, 3001.0], [3273.1, 5000.0], [3273.15, 8400.0], [3273.2, 13405.0]]}}}
{"jsonrpc": "2.0", "method": "subscription", "params": {"channel": "book.ETH-PERPETUAL.none.20.100ms", "data": {"timestamp": 1768594502726, "change_id": 105122425788, "instrument_name": "ETH-PERPETUAL", "bids": [[3271.8, 64177.0], [3271.75, 17131.0], [3271.7, 58475.0], [3271.65, 3552.0], [3271.55, 6900.0], [3271.5, 21226.0], [3271.45, 2999.0], [3271.4, 27961.0], [3271.35, 33396.0], [3271.3, 1963.0], [3271.2, 10931.0], [3271.15, 12785.0], [3271.05, 5000.0], [3271.0, 1531.0], [3270.95, 5128.0], [3270.9, 1493.0], [3270.85, 5000.0], [3270.75, 2149.0], [3270.7, 5000.0], [3270.6, 3980.0]], "asks": [[3271.85, 4056.0], [3272.2, 1420.0], [3272.35, 71.0], [3272.5, 468.0], [3272.55, 1644.0], [3272.65, 1500.0], [3272.7, 5483.0], [3272.75, 5198.0], [3272.8, 17244.0], [3272.85, 3587.0], [3272.9, 4007.0], [3272.95, 5000.0], [3273.0, 6709.0], [3273.1, 5000.0], [3273.15, 4004.0], [3273.2, 13405.0], [3273.3, 3006.0], [3273.35, 4303.0], [3273.4, 15700.0], [3273.45, 2984.0]]}}}
{"jsonrpc": "2.0", "method": "subscription", "params": {"channel": "book.ETH-PERPETUAL.none.20.100ms", "data": {"timestamp": 1768594503059, "change_id": 105122426005, "instrument_name": "ETH-PERPETUAL", "bids": [[3271.8, 64098.0], [3271.75, 22131.0], [3271.7, 58475.0], [3271.65, 3552.0], [3271.55, 6900.0], [3271.5, 17760.0], [3271.4, 7965.0], [3271.35, 39961.0], [3271.3, 1963.0], [3271.25, 22995.0], [3271.2, 10931.0], [3271.15, 12785.0], [3271.05, 5000.0], [3271.0, 1531.0], [3270.95, 4016.0], [3270.9, 1493.0], [3270.85, 5000.0], [3270.75, 2149.0], [3270.7, 5000.0], [3270.6, 3980.0]], "asks": [[3271.85, 4056.0], [3272.25, 1420.0], [3272.35, 71.0], [3272.5, 468.0], [3272.55, 4843.0], [3272.65, 6500.0], [3272.7, 4007.0], [3272.75, 5198.0], [3272.8, 22013.0], [3272.85, 3587.0], [3272.9, 4007.0], [3272.95, 5000.0], [3273.0, 1940.0], [3273.1, 5000.0], [3273.15, 7005.0], [3273.2, 13405.0], [3273.3, 5.0], [3273.35, 4303.0], [3273.4, 14416.0], [3273.45, 19742.0]]}}}
{"jsonrpc": "2.0", "method": "subscription", "params": {"channel": "book.ETH-PERPETUAL.none.20.100ms", "data": {"timestamp": 1768594503381, "change_id": 105122426471, "instrument_name": "ETH-PERPETUAL", "bids": [[3271.8, 64211.0], [3271.75, 29031.0], [3271.7, 58475.0], [3271.65, 3552.0], [3271.55, 6900.0], [3271.5, 22240.0], [3271.45, 17772.0], [3271.4, 27961.0], [3271.35, 15624.0], [3271.3, 1963.0], [3271.25, 2999.0], [3271.2, 7810.0], [3271.15, 1500.0], [3271.05, 5000.0], [3271.0, 1531.0], [3270.95, 4016.0], [3270.9, 1493.0], [3270.85, 5000.0], [3270.75, 2149.0], [3270.7, 5000.0]], "asks": [[3271.85, 4056.0], [3272.25, 1420.0], [3272.3, 6900.0], [3272.35, 71.0], [3272.5, 468.0], [3272.55, 4843.0], [3272.65, 6500.0], [3272.7, 4007.0], [3272.75, 5198.0], [3272.8, 22013.0], [3272.85, 3587.0], [3272.9, 4007.0], [3272.95, 5000.0], [3273.0, 1940.0], [3273.1, 8001.0], [3273.15, 4004.0], [3273.2, 13405.0], [3273.3, 5.0], [3273.35, 4303.0], [3273.4, 14416.0]]}}}
{"jsonrpc": "2.0", "method": "subscription", "params": {"channel": "book.ETH-PERPETUAL.none.20.100ms", "data": {"timestamp": 1768594503670, "change_id": 105122426724, "instrument_name": "ETH-PERPETUAL", "bids": [[3271.8, 64211.0], [3271.75, 29031.0], [3271.7, 58475.0], [3271.65, 3552.0], [3271.55, 6900.0], [3271.5, 22240.0], [3271.45, 17772.0], [3271.4, 27961.0], [3271.35, 19589.0], [3271.3, 1963.0], [3271.25, 2999.0], [3271.2, 19095.0], [3271.15, 1500.0], [3271.05, 5000.0], [3271.0, 1531.0], [3270.95, 4016.0], [3270.9, 1493.0], [3270.85, 5000.0], [3270.75, 2149.0], [3270.7, 5000.0]], "asks": [[3271.85, 4056.0], [3272.3, 6900.0], [3272.35, 71.0], [3272.5, 468.0], [3272.55, 4843.0], [3272.65, 6500.0], [3272.7, 4007.0], [3272.75, 5198.0], [3272.8, 22013.0], [3272.85, 3587.0], [3272.9, 4007.0], [3272.95, 5000.0], [3273.0, 1940.0], [3273.1, 8001.0], [3273.15, 4004.0], [3273.2, 13405.0], [3273.3, 5.0], [3273.35, 8755.0], [3273.4, 14416.0], [3273.45, 19742.0]]}}}
{"jsonrpc": "2.0", "method": "subscription", "params": {"channel": "book.ETH-PERPETUAL.none.20.100ms", "data": {"timestamp": 1768594504025, "change_id": 105122426924, "instrument_name": "ETH-PERPETUAL", "bids": [[3271.8, 69211.0], [3271.75, 29031.0], [3271.7, 58475.0], [3271.65, 3552.0], [3271.55, 6900.0], [3271.5, 22240.0], [3271.45, 37768.0], [3271.4, 7965.0], [3271.35, 19589.0], [3271.3, 1963.0], [3271.2, 19095.0], [3271.15, 1500.0], [3271.1, 2999.0], [3271.05, 5000.0], [3271.0, 1531.0], [3270.95, 4016.0], [3270.9, 1493.0], [3270.85, 5000.0], [3270.75, 2149.0], [3270.7, 5000.0]], "asks": [[3271.85, 4056.0], [3272.3, 6900.0], [3272.35, 71.0], [3272.45, 1004.0], [3272.5, 1888.0], [3272.55, 4843.0], [3272.65, 6500.0], [3272.7, 4007.0], [3272.75, 5198.0], [3272.8, 22013.0], [3272.85, 3587.0], [3272.9, 4007.0], [3272.95, 5000.0], [3273.0, 1940.0], [3273.05, 3001.0], [3273.1, 5000.0], [3273.15, 4004.0], [3273.2, 13405.0], [3273.3, 5.0], [3273.35, 8755.0]]}}}
{"jsonrpc": "2.0", "method": "subscription", "params": {"channel": "book.ETH-PERPETUAL.none.20.100ms", "data": {"timestamp": 1768594504385, "change_id": 105122427365, "instrument_name": "ETH-PERPETUAL", "bids": [[3271.8, 69006.0], [3271.75, 29031.0], [3271.7, 58475.0], [3271.65, 3552.0], [3271.55, 6900.0], [3271.5, 22240.0], [3271.45, 17772.0], [3271.4, 27961.0], [3271.35, 19589.0], [3271.3, 1963.0], [3271.2, 22094.0], [3271.15, 1500.0], [3271.05, 5000.0], [3271.0, 1531.0], [3270.95, 4016.0], [3270.9, 1493.0], [3270.85, 5000.0], [3270.75, 2149.0], [3270.7, 5000.0], [3270.6, 3980.0]], "asks": [[3271.85, 4056.0], [3272.25, 2081.0], [3272.3, 6900.0], [3272.35, 71.0], [3272.45, 1004.0], [3272.5, 1888.0], [3272.55, 4843.0], [3272.65, 6500.0], [3272.7, 4007.0], [3272.75, 5198.0], [3272.8, 22013.0], [3272.85, 3587.0], [3272.9, 4007.0], [3272.95, 5000.0], [3273.0, 1940.0], [3273.05, 3001.0], [3273.1, 5000.0], [3273.15, 4004.0], [3273.2, 13405.0], [3273.3, 5.0]]}}}
{"jsonrpc": "2.0", "method": "subscription", "params": {"channel": "book.ETH-PERPETUAL.none.20.100ms", "data": {"timestamp": 1768594504691, "change_id": 105122427647, "instrument_name": "ETH-PERPETUAL", "bids": [[3271.8, 69006.0], [3271.75, 29031.0], [3271.7, 56900.0], [3271.65, 3552.0], [3271.55, 6900.0], [3271.5, 17760.0], [3271.45, 17772.0], [3271.4, 7965.0], [3271.35, 24156.0], [3271.3, 1963.0], [3271.25, 19996.0], [3271.2, 19095.0], [3271.15, 1500.0], [3271.1, 2999.0], [3271.05, 5000.0], [3271.0, 1531.0], [3270.95, 4016.0], [3270.9, 1493.0], [3270.85, 5000.0], [3270.75, 2149.0]], "asks": [[3271.85, 4056.0], [3272.25, 2081.0], [3272.3, 6900.0], [3272.35, 71.0], [3272.45, 1004.0], [3272.5, 1888.0], [3272.55, 4843.0], [3272.65, 6500.0], [3272.7, 4007.0], [3272.75, 5198.0], [3272.8, 22013.0], [3272.85, 3587.0], [3272.9, 4007.0], [3272.95, 8001.0], [3273.0, 1940.0], [3273.1, 5000.0], [3273.15, 4004.0], [3273.2, 13405.0], [3273.3, 5.0], [3273.35, 8755.0]]}}}
{"jsonrpc": "2.0", "method": "subscription", "params": {"channel": "book.ETH-PERPETUAL.none.20.100ms", "data": {"timestamp": 1768594505051, "change_id": 105122427817, "instrument_name": "ETH-PERPETUAL", "bids": [[3271.8, 69199.0], [3271.75, 29031.0], [3271.7, 56900.0], [3271.65, 3552.0], [3271.55, 6900.0], [3271.5, 17760.0], [3271.45, 17772.0], [3271.4, 7965.0], [3271.35, 13286.0], [3271.3, 13948.0], [3271.25, 19996.0], [3271.2, 22094.0], [3271.15, 1500.0], [3271.05, 5000.0], [3271.0, 1531.0], [3270.95, 4016.0], [3270.9, 1493.0], [3270.85, 5000.0], [3270.75, 2149.0], [3270.7, 5000.0]], "asks": [[3271.85, 4056.0], [3272.25, 2081.0], [3272.3, 6900.0], [3272.35, 71.0], [3272.4, 1004.0], [3272.45, 1420.0], [3272.5, 468.0], [3272.55, 4843.0], [3272.65, 6500.0], [3272.7, 4007.0], [3272.75, 5198.0], [3272.8, 22013.0], [3272.85, 3587.0], [3272.9, 4007.0], [3272.95, 5000.0], [3273.0, 1940.0], [3273.05, 3001.0], [3273.1, 5000.0], [3273.15, 4004.0], [3273.2, 13405.0]]}}}
{"jsonrpc": "2.0", "method": "subscription", "params": {"channel": "book.ETH-PERPETUAL.none.20.100ms", "data": {"timestamp": 1768594505345, "change_id": 105122428078, "instrument_name": "ETH-PERPETUAL", "bids": [[3271.8, 69199.0], [3271.75, 29031.0], [3271.7, 56900.0], [3271.65, 3552.0], [3271.55, 6900.0], [3271.5, 22240.0], [3271.45, 17772.0], [3271.4, 27961.0], [3271.35, 13286.0], [3271.3, 1963.0], [3271.25, 9015.0], [3271.2, 19095.0], [3271.15, 1500.0], [3271.05, 5000.0], [3271.0, 1531.0], [3270.95, 4016.0], [3270.9, 1493.0], [3270.85, 5000.0], [3270.75, 2149.0], [3270.7, 5000.0]], "asks": [[3271.85, 4056.0], [3272.25, 2081.0], [3272.3, 6900.0], [3272.35, 71.0], [3272.4, 1004.0], [3272.45, 1420.0], [3272.5, 468.0], [3272.55, 4843.0], [3272.65, 6500.0], [3272.7, 4007.0], [3272.75, 5198.0], [3272.8, 22013.0], [3272.85, 3587.0], [3272.9, 4007.0], [3272.95, 5000.0], [3273.0, 1940.0], [3273.05, 3001.0], [3273.1, 5000.0], [3273.15, 4004.0], [3273.2, 13405.0]]}}}
{"jsonrpc": "2.0", "method": "subscription", "params": {"channel": "book.ETH-PERPETUAL.none.20.100ms", "data": {"timestamp": 1768594505679, "change_id": 105122428539, "instrument_name": "ETH-PERPETUAL", "bids": [[3271.8, 69199.0], [3271.75, 29031.0], [3271.7, 56900.0], [3271.65, 3552.0], [3271.55, 6900.0], [3271.5, 22240.0], [3271.45, 17772.0], [3271.4, 7965.0], [3271.35, 33282.0], [3271.3, 1963.0], [3271.25, 5121.0], [3271.2, 22094.0], [3271.15, 1500.0], [3271.05, 5000.0], [3271.0, 1531.0], [3270.95, 4016.0], [3270.9, 1493.0], [3270.85, 5000.0], [3270.75, 2149.0], [3270.7, 5000.0]], "asks": [[3271.85, 4056.0], [3272.25, 2081.0], [3272.3, 6900.0], [3272.35, 71.0], [3272.4, 1004.0], [3272.45, 1420.0], [3272.5, 468.0], [3272.55, 4843.0], [3272.65, 6500.0], [3272.7, 4007.0], [3272.75, 5198.0], [3272.8, 22013.0], [3272.85, 3587.0], [3272.9, 4007.0], [3272.95, 5000.0], [3273.0, 1940.0], [3273.05, 3001.0], [3273.1, 5000.0], [3273.15, 4004.0], [3273.2, 13405.0]]}}}
{"jsonrpc": "2.0", "method": "subscription", "params": {"channel": "book.ETH-PERPETUAL.none.20.100ms", "data": {"timestamp": 1768594506029, "change_id": 105122428700, "instrument_name": "ETH-PERPETUAL", "bids": [[3271.8, 69199.0], [3271.75, 29031.0], [3271.7, 56900.0], [3271.65, 3552.0], [3271.55, 6900.0], [3271.5, 17760.0], [3271.45, 17772.0], [3271.4, 7965.0], [3271.35, 25857.0], [3271.3, 1963.0], [3271.25, 19996.0], [3271.2, 22094.0], [3271.15, 1500.0], [3271.05, 5000.0], [3271.0, 1531.0], [3270.95, 4016.0], [3270.9, 1493.0], [3270.85, 5000.0], [3270.75, 2149.0], [3270.7, 5000.0]], "asks": [[3271.85, 4056.0], [3272.25, 2081.0], [3272.3, 6900.0], [3272.35, 71.0], [3272.4, 1004.0], [3272.45, 1420.0], [3272.5, 468.0], [3272.55, 4843.0], [3272.65, 6500.0], [3272.7, 4007.0], [3272.75, 5198.0], [3272.8, 22013.0], [3272.85, 3587.0], [3272.9, 4007.0], [3272.95, 5000.0], [3273.0, 1940.0], [3273.05, 3001.0], [3273.1, 5000.0], [3273.15, 4004.0], [3273.2, 13405.0]]}}}
{"jsonrpc": "2.0", "method": "subscription", "params": {"channel": "book.ETH-PERPETUAL.none.20.100ms", "data": {"timestamp": 1768594506371, "change_id": 105122429068, "instrument_name": "ETH-PERPETUAL", "bids": [[3271.8, 69199.0], [3271.75, 29031.0], [3271.7, 56900.0], [3271.65, 3552.0], [3271.55, 6900.0], [3271.5, 22240.0], [3271.45, 17772.0], [3271.4, 27961.0], [3271.35, 13286.0], [3271.3, 1963.0], [3271.25, 6016.0], [3271.2, 22094.0], [3271.15, 1500.0], [3271.05, 5000.0], [3271.0, 1531.0], [3270.95, 4016.0], [3270.9, 1493.0], [3270.85, 5000.0], [3270.75, 2149.0], [3270.7, 5000.0]], "asks": [[3271.85, 4056.0], [3272.25, 2081.0], [3272.3, 6900.0], [3272.35, 71.0], [3272.4, 1004.0], [3272.45, 1420.0], [3272.5, 468.0], [3272.55, 4843.0], [3272.65, 6500.0], [3272.7, 4007.0], [3272.75, 5198.0], [3272.8, 17244.0], [3272.85, 3587.0], [3272.9, 4007.0], [3272.95, 5000.0], [3273.0, 1940.0], [3273.05, 3001.0], [3273.1, 5000.0], [3273.15, 4004.0], [3273.2, 13405.0]]}}}
{"jsonrpc": "2.0", "method": "subscription", "params": {"channel": "book.ETH-PERPETUAL.none.20.100ms", "data": {"timestamp": 1768594506705, "change_id": 105122429485, "instrument_name": "ETH-PERPETUAL", "bids": [[3271.8, 69199.0], [3271.75, 29031.0], [3271.7, 56900.0], [3271.65, 3552.0], [3271.55, 6900.0], [3271.5, 22240.0], [3271.45, 17772.0], [3271.4, 7965.0], [3271.35, 33282.0], [3271.3, 1963.0], [3271.25, 5121.0], [3271.2, 19095.0], [3271.15, 1500.0], [3271.1, 2999.0], [3271.05, 5000.0], [3271.0, 1531.0], [3270.95, 4016.0], [3270.9, 1493.0], [3270.85, 5000.0], [3270.75, 2149.0]], "asks": [[3271.85, 4056.0], [3272.25, 2081.0], [3272.3, 6900.0], [3272.35, 71.0], [3272.4, 1004.0], [3272.45, 1420.0], [3272.5, 468.0], [3272.55, 4843.0], [3272.65, 11269.0], [3272.7, 4007.0], [3272.75, 5198.0], [3272.8, 17244.0], [3272.85, 3587.0], [3272.9, 4007.0], [3272.95, 8001.0], [3273.0, 1940.0], [3273.1, 5000.0], [3273.15, 4004.0], [3273.2, 13405.0], [3273.3, 5.0]]}}}
{"jsonrpc": "2.0", "method": "subscription", "params": {"channel": "book.ETH-PERPETUAL.none.20.100ms", "data": {"timestamp": 1768594507032, "change_id": 105122429639, "instrument_name": "ETH-PERPETUAL", "bids": [[3271.8, 69199.0], [3271.75, 29031.0], [3271.7, 56900.0], [3271.65, 3552.0], [3271.55, 6900.0], [3271.5, 22240.0], [3271.45, 17772.0], [3271.4, 7965.0], [3271.35, 33282.0], [3271.3, 7979.0], [3271.25, 2999.0], [3271.2, 19095.0], [3271.15, 1500.0], [3271.05, 5000.0], [3271.0, 1531.0], [3270.95, 4016.0], [3270.9, 1493.0], [3270.85, 5000.0], [3270.75, 2149.0], [3270.7, 5000.0]], "asks": [[3271.85, 4056.0], [3272.25, 2081.0], [3272.3, 6900.0], [3272.35, 71.0], [3272.4, 1004.0], [3272.45, 1420.0], [3272.5, 468.0], [3272.55, 4843.0], [3272.65, 11269.0], [3272.7, 4007.0], [3272.75, 5198.0], [3272.8, 17244.0], [3272.85, 3587.0], [3272.9, 4007.0], [3272.95, 5000.0], [3273.0, 1940.0], [3273.05, 3001.0], [3273.1, 5000.0], [3273.15, 4004.0], [3273.2, 13405.0]]}}}
{"jsonrpc": "2.0", "method": "subscription", "params": {"channel": "book.ETH-PERPETUAL.none.20.100ms", "data": {"timestamp": 1768594507332, "change_id": 105122429850, "instrument_name": "ETH-PERPETUAL", "bids": [[3271.8, 70199.0], [3271.75, 29031.0], [3271.7, 56900.0], [3271.65, 3552.0], [3271.55, 6900.0], [3271.5, 17760.0], [3271.45, 17772.0], [3271.4, 7965.0], [3271.35, 25857.0], [3271.3, 1963.0], [3271.25, 19996.0], [3271.2, 22094.0], [3271.15, 1500.0], [3271.05, 5000.0], [3271.0, 1531.0], [3270.95, 4016.0], [3270.9, 1493.0], [3270.85, 5000.0], [3270.75, 2149.0], [3270.7, 5000.0]], "asks": [[3271.85, 4056.0], [3272.25, 2081.0], [3272.3, 6900.0], [3272.35, 71.0], [3272.4, 1004.0], [3272.45, 1420.0], [3272.5, 468.0], [3272.55, 4843.0], [3272.65, 11269.0], [3272.7, 4007.0], [3272.75, 5198.0], [3272.8, 17244.0], [3272.85, 3587.0], [3272.9, 4007.0], [3272.95, 5000.0], [3273.0, 1940.0], [3273.05, 3001.0], [3273.1, 5000.0], [3273.15, 4004.0], [3273.2, 13405.0]]}}}
{"jsonrpc": "2.0", "method": "subscription", "params": {"channel": "book.ETH-PERPETUAL.none.20.100ms", "data": {"timestamp": 1768594507671, "change_id": 105122430325, "instrument_name": "ETH-PERPETUAL", "bids": [[3271.8, 69860.0], [3271.75, 29031.0], [3271.7, 56900.0], [3271.65, 3552.0], [3271.55, 6900.0], [3271.5, 12457.0], [3271.4, 7970.0], [3271.35, 25857.0], [3271.3, 1963.0], [3271.25, 37768.0], [3271.2, 19095.0], [3271.15, 1500.0], [3271.1, 2999.0], [3271.05, 5000.0], [3271.0, 1531.0], [3270.95, 4016.0], [3270.9, 1493.0], [3270.85, 5000.0], [3270.75, 2149.0], [3270.7, 5000.0]], "asks": [[3271.85, 4056.0], [3272.25, 2081.0], [3272.3, 6900.0], [3272.35, 71.0], [3272.4, 1004.0], [3272.45, 2896.0], [3272.5, 468.0], [3272.55, 3367.0], [3272.65, 11269.0], [3272.7, 4007.0], [3272.75, 5198.0], [3272.8, 17244.0], [3272.85, 3587.0], [3272.9, 4007.0], [3272.95, 8001.0], [3273.0, 1940.0], [3273.1, 5000.0], [3273.15, 4004.0], [3273.2, 13405.0], [3273.3, 5.0]]}}}
{"jsonrpc": "2.0", "method": "subscription", "params": {"channel": "book.ETH-PERPETUAL.none.20.100ms", "data": {"timestamp": 1768594507952, "change_id": 105122430513, "instrument_name": "ETH-PERPETUAL", "bids": [[3271.8, 70199.0], [3271.75, 29031.0], [3271.7, 56900.0], [3271.65, 3552.0], [3271.55, 6900.0], [3271.5, 12457.0], [3271.4, 7965.0], [3271.35, 25857.0], [3271.3, 1963.0], [3271.25, 37768.0], [3271.2, 22094.0], [3271.15, 1500.0], [3271.05, 5000.0], [3271.0, 1531.0], [3270.95, 4016.0], [3270.9, 1493.0], [3270.85, 5000.0], [3270.75, 2149.0], [3270.7, 5000.0], [3270.6, 3980.0]], "asks": [[3271.85, 4056.0], [3272.25, 2081.0], [3272.3, 6900.0], [3272.35, 71.0], [3272.4, 1004.0], [3272.45, 2896.0], [3272.5, 468.0], [3272.55, 3367.0], [3272.65, 11269.0], [3272.7, 4007.0], [3272.75, 5198.0], [3272.8, 17244.0], [3272.85, 3587.0], [3272.9, 4007.0], [3272.95, 5000.0], [3273.0, 1940.0], [3273.05, 3001.0], [3273.1, 5000.0], [3273.15, 4004.0], [3273.2, 13405.0]]}}}
{"jsonrpc": "2.0", "method": "subscription", "params": {"channel": "book.ETH-PERPETUAL.none.20.100ms", "data": {"timestamp": 1768594508232, "change_id": 105122430627, "instrument_name": "ETH-PERPETUAL", "bids": [[3271.8, 70211.0], [3271.75, 29031.0], [3271.7, 56900.0], [3271.65, 3552.0], [3271.55, 6900.0], [3271.5, 12457.0], [3271.4, 7965.0], [3271.35, 25857.0], [3271.3, 1963.0], [3271.25, 40767.0], [3271.2, 19095.0], [3271.15, 1500.0], [3271.05, 5000.0], [3271.0, 1531.0], [3270.95, 4016.0], [3270.9, 1493.0], [3270.85, 5000.0], [3270.75, 2149.0], [3270.7, 5000.0], [3270.6, 3980.0]], "asks": [[3271.85, 4056.0], [3272.25, 2081.0], [3272.3, 6900.0], [3272.35, 71.0], [3272.4, 1004.0], [3272.45, 2896.0], [3272.5, 468.0], [3272.55, 3367.0], [3272.65, 11269.0], [3272.7, 4007.0], [3272.75, 5198.0], [3272.8, 17244.0], [3272.85, 3587.0], [3272.9, 4007.0], [3272.95, 5000.0], [3273.0, 1940.0], [3273.05, 3001.0], [3273.1, 5000.0], [3273.15, 4004.0], [3273.2, 13405.0]]}}}
{"jsonrpc": "2.0", "method": "subscription", "params": {"channel": "book.ETH-PERPETUAL.none.20.100ms", "data": {"timestamp": 1768594508670, "change_id": 105122431145, "instrument_name": "ETH-PERPETUAL", "bids": [[3271.8, 70211.0], [3271.75, 29031.0], [3271.7, 56900.0], [3271.65, 3552.0], [3271.55, 6900.0], [3271.5, 12457.0], [3271.4, 7965.0], [3271.35, 25857.0], [3271.3, 1963.0], [3271.25, 40767.0], [3271.2, 19095.0], [3271.15, 1500.0], [3271.05, 5000.0], [3271.0, 1531.0], [3270.95, 4016.0], [3270.9, 1493.0], [3270.85, 5000.0], [3270.75, 2149.0], [3270.7, 5000.0], [3270.6, 3980.0]], "asks": [[3271.85, 4056.0], [3272.25, 2081.0], [3272.3, 6900.0], [3272.35, 71.0], [3272.4, 1004.0], [3272.45, 2896.0], [3272.5, 468.0], [3272.55, 3367.0], [3272.65, 11269.0], [3272.7, 4007.0], [3272.75, 5198.0], [3272.8, 17244.0], [3272.85, 3587.0], [3272.9, 4007.0], [3272.95, 5000.0], [3273.0, 1940.0], [3273.05, 3001.0], [3273.1, 5000.0], [3273.15, 4004.0], [3273.2, 13405.0]]}}}
{"jsonrpc": "2.0", "method": "subscription", "params": {"channel": "book.ETH-PERPETUAL.none.20.100ms", "data": {"timestamp": 1768594509007, "change_id": 105122431375, "instrument_name": "ETH-PERPETUAL", "bids": [[3271.8, 70211.0], [3271.75, 29031.0], [3271.7, 56900.0], [3271.65, 3552.0], [3271.55, 6900.0], [3271.5, 22240.0], [3271.45, 17772.0], [3271.4, 27961.0], [3271.35, 19888.0], [3271.3, 1963.0], [3271.25, 2999.0], [3271.2, 19095.0], [3271.15, 1500.0], [3271.05, 5000.0], [3271.0, 1531.0], [3270.95, 4016.0], [3270.9, 1493.0], [3270.85, 5000.0], [3270.75, 2149.0], [3270.7, 5000.0]], "asks": [[3271.85, 3266.0], [3272.25, 2081.0], [3272.3, 6900.0], [3272.35, 71.0], [3272.4, 1004.0], [3272.45, 2896.0], [3272.5, 468.0], [3272.55, 3367.0], [3272.65, 11269.0], [3272.7, 4007.0], [3272.75, 5198.0], [3272.8, 17244.0], [3272.85, 3587.0], [3272.9, 4007.0], [3272.95, 5000.0], [3273.0, 1940.0], [3273.05, 3001.0], [3273.1, 5000.0], [3273.15, 4004.0], [3273.2, 13405.0]]}}}
{"jsonrpc": "2.0", "method": "subscription", "params": {"channel": "book.ETH-PERPETUAL.none.20.100ms", "data": {"timestamp": 1768594509353, "change_id": 105122431707, "instrument_name": "ETH-PERPETUAL", "bids": [[3271.8, 71155.0], [3271.75, 29031.0], [3271.7, 56900.0], [3271.65, 9399.0], [3271.55, 6900.0], [3271.5, 42236.0], [3271.45, 17772.0], [3271.4, 10964.0], [3271.35, 19888.0], [3271.3, 1963.0], [3271.2, 19095.0], [3271.15, 1500.0], [3271.05, 5000.0], [3271.0, 1531.0], [3270.95, 4016.0], [3270.9, 1493.0], [3270.85, 5000.0], [3270.75, 2149.0], [3270.7, 5000.0], [3270.6, 3980.0]], "asks": [[3271.85, 3266.0], [3272.35, 71.0], [3272.45, 1476.0], [3272.5, 468.0], [3272.55, 3367.0], [3272.65, 6500.0], [3272.7, 4007.0], [3272.75, 5198.0], [3272.8, 17244.0], [3272.85, 3587.0], [3272.9, 8776.0], [3272.95, 5000.0], [3273.0, 1940.0], [3273.1, 5000.0], [3273.15, 7005.0], [3273.2, 13405.0], [3273.3, 5.0], [3273.35, 4303.0], [3273.4, 14416.0], [3273.45, 2984.0]]}}}
