{"jsonrpc": "2.0", "id": 1, "result": ["book.ETH-PERPETUAL.none.20.100ms"], "usIn": 1768385718693878, "usOut": 1768385718694079, "usDiff": 201, "testnet": false}
{"jsonrpc": "2.0", "method": "subscription", "params": {"channel": "book.ETH-PERPETUAL.none.20.100ms", "data": {"timestamp": 1768385718680, "change_id": 104815197641, "instrument_name": "ETH-PERPETUAL", "bids": [[3331.45, 55688.0], [3331.3, 19200.0], [3331.25, 65269.0], [3331.2, 133201.0], [3331.05, 800.0], [3330.9, 3818.0], [3330.85, 11491.0], [3330.75, 1378.0], [3330.6, 4617.0], [3330.55, 16153.0], [3330.5, 54717.0], [3330.35, 1378.0], [3330.3, 4617.0], [3330.25, 324.0], [3330.15, 14469.0], [3330.05, 43758.0], [3330.0, 10883.0], [3329.95, 17767.0], [3329.9, 19990.0], [3329.85, 2900.0]], "asks": [[3331.5, 1908.0], [3331.8, 3814.0], [3331.85, 11494.0], [3331.9, 2400.0], [3332.1, 1527.0], [3332.15, 5000.0], [3332.2, 114.0], [3332.3, 6119.0], [3332.35, 20500.0], [3332.4, 2335.0], [3332.45, 1420.0], [3332.5, 6402.0], [3332.55, 17075.0], [3332.6, 50000.0], [3332.65, 7204.0], [3332.7, 1400.0], [3332.75, 4691.0], [3332.85, 3001.0], [3332.9, 1425.0], [3332.95, 4691.0]]}}}
{"jsonrpc": "2.0", "method": "subscription", "params": {"channel": "book.ETH-PERPETUAL.none.20.100ms", "data": {"timestamp": 1768385718713, "change_id": 104815197700, "instrument_name": "ETH-PERPETUAL", "bids": [[3331.45, 55688.0], [3331.3, 19200.0], [3331.25, 68269.0], [3331.2, 130201.0], [3331.05, 800.0], [3330.9, 3818.0], [3330.85, 11491.0], [3330.75, 1378.0], [3330.6, 4617.0], [3330.55, 16153.0], [3330.5, 54717.0], [3330.35, 1378.0], [3330.3, 4617.0], [3330.25, 324.0], [3330.15, 14469.0], [3330.05, 43758.0], [3330.0, 10883.0], [3329.95, 17767.0], [3329.9, 19990.0], [3329.85, 2900.0]], "asks": [[3331.5, 1908.0], [3331.8, 3814.0], [3331.85, 11494.0], [3331.9, 2400.0], [3332.1, 1527.0], [3332.15, 5000.0], [3332.2, 114.0], [3332.3, 6119.0], [3332.35, 20500.0], [3332.4, 2335.0], [3332.45, 1420.0], [3332.5, 6402.0], [3332.55, 17075.0], [3332.6, 50000.0], [3332.65, 7204.0], [3332.7, 1400.0], [3332.75, 4691.0], [3332.85, 3001.0], [3332.9, 1425.0], [3332.95, 4691.0]]}}}
{"jsonrpc": "2.0", "method": "subscription", "params": {"channel": "book.ETH-PERPETUAL.none.20.100ms", "data": {"timestamp": 1768385718937, "change_id": 104815197904, "instrument_name": "ETH-PERPETUAL", "bids": [[3331.45, 74888.0], [3331.3, 19200.0], [3331.25, 68269.0], [3331.2, 130201.0], [3331.1, 800.0], [3330.9, 3818.0], [3330.85, 11491.0], [3330.75, 1378.0], [3330.6, 4617.0], [3330.55, 16153.0], [3330.5, 54717.0], [3330.35, 1378.0], [3330.3, 4617.0], [3330.25, 324.0], [3330.15, 14469.0], [3330.05, 43758.0], [3330.0, 10883.0], [3329.95, 17767.0], [3329.9, 19990.0], [3329.85, 2900.0]], "asks": [[3331.5, 355.0], [3331.75, 13300.0], [3331.8, 3814.0], [3331.85, 11494.0], [3331.9, 2400.0], [3332.1, 7451.0], [3332.15, 5000.0], [3332.2, 20614.0], [3332.4, 2335.0], [3332.45, 1420.0], [3332.5, 6402.0], [3332.55, 17075.0], [3332.6, 50000.0], [3332.65, 7204.0], [3332.7, 1400.0], [3332.75, 4691.0], [3332.85, 3001.0], [3332.9, 1425.0], [3332.95, 4691.0], [3333.05, 5207.0]]}}}
{"jsonrpc": "2.0", "method": "subscription", "params": {"channel": "book.ETH-PERPETUAL.none.20.100ms", "data": {"timestamp": 1768385719236, "change_id": 104815198178, "instrument_name": "ETH-PERPETUAL", "bids": [[3331.45, 74888.0], [3331.3, 19200.0], [3331.25, 68269.0], [3331.2, 130201.0], [3331.1, 800.0], [3330.9, 3818.0], [3330.85, 11491.0], [3330.75, 1378.0], [3330.6, 4617.0], [3330.55, 16153.0], [3330.5, 54717.0], [3330.35, 1378.0], [3330.3, 4617.0], [3330.25, 324.0], [3330.15, 14469.0], [3330.05, 43758.0], [3330.0, 10883.0], [3329.95, 17767.0], [3329.9, 19990.0], [3329.85, 2900.0]], "asks": [[3331.5, 2689.0], [3331.75, 13300.0], [3331.8, 3814.0], [3331.85, 16494.0], [3331.9, 2400.0], [3332.1, 7451.0], [3332.2, 20614.0], [3332.4, 2335.0], [3332.45, 1420.0], [3332.5, 6402.0], [3332.55, 17075.0], [3332.6, 50000.0], [3332.65, 7204.0], [3332.7, 1400.0], [3332.75, 4691.0], [3332.85, 3001.0], [3332.9, 1425.0], [3332.95, 4691.0], [3333.05, 5207.0], [3333.1, 29350.0]]}}}
{"jsonrpc": "2.0", "method": "subscription", "params": {"channel": "book.ETH-PERPETUAL.none.20.100ms", "data": {"timestamp": 1768385719572, "change_id": 104815198586, "instrument_name": "ETH-PERPETUAL", "bids": [[3331.45, 74888.0], [3331.3, 19200.0], [3331.25, 68269.0], [3331.2, 130201.0], [3331.1, 800.0], [3330.9, 3818.0], [3330.85, 11491.0], [3330.75, 1378.0], [3330.6, 4617.0], [3330.55, 16153.0], [3330.5, 54717.0], [3330.35, 1378.0], [3330.3, 4617.0], [3330.25, 324.0], [3330.15, 14469.0], [3330.05, 43758.0], [3330.0, 16061.0], [3329.95, 17767.0], [3329.9, 19990.0], [3329.85, 2900.0]], "asks": [[3331.5, 2689.0], [3331.75, 13300.0], [3331.8, 3814.0], [3331.85, 16494.0], [3331.9, 2400.0], [3332.1, 7451.0], [3332.2, 20614.0], [3332.4, 2335.0], [3332.45, 1420.0], [3332.5, 6402.0], [3332.55, 17075.0], [3332.6, 50000.0], [3332.65, 7204.0], [3332.7, 1400.0], [3332.75, 4691.0], [3332.85, 3001.0], [3332.9, 1425.0], [3332.95, 4691.0], [3333.05, 9496.0], [3333.1, 29350.0]]}}}
{"jsonrpc": "2.0", "method": "subscription", "params": {"channel": "book.ETH-PERPETUAL.none.20.100ms", "data": {"timestamp": 1768385719943, "change_id": 104815198844, "instrument_name": "ETH-PERPETUAL", "bids": [[3331.45, 74888.0], [3331.3, 19200.0], [3331.25, 68269.0], [3331.2, 130201.0], [3331.1, 800.0], [3330.9, 3818.0], [3330.85, 11491.0], [3330.75, 1378.0], [3330.6, 4617.0], [3330.55, 16153.0], [3330.5, 54717.0], [3330.35, 1378.0], [3330.3, 4617.0], [3330.25, 324.0], [3330.15, 14469.0], [3330.05, 43758.0], [3330.0, 16061.0], [3329.95, 17767.0], [3329.9, 19990.0], [3329.85, 2900.0]], "asks": [[3331.5, 2689.0], [3331.8, 3814.0], [3331.85, 16494.0], [3331.9, 2400.0], [3332.1, 7451.0], [3332.2, 20614.0], [3332.4, 2335.0], [3332.45, 1420.0], [3332.5, 6402.0], [3332.55, 17075.0], [3332.6, 50000.0], [3332.65, 7204.0], [3332.7, 1400.0], [3332.75, 4691.0], [3332.85, 3001.0], [3332.9, 1425.0], [3332.95, 4691.0], [3333.05, 9496.0], [3333.1, 29350.0], [3333.15, 4691.0]]}}}
{"jsonrpc": "2.0", "method": "subscription", "params": {"channel": "book.ETH-PERPETUAL.none.20.100ms", "data": {"timestamp": 1768385720297, "change_id": 104815199130, "instrument_name": "ETH-PERPETUAL", "bids": [[3331.45, 74888.0], [3331.3, 19200.0], [3331.25, 68269.0], [3331.2, 130201.0], [3331.1, 800.0], [3330.9, 3818.0], [3330.85, 11491.0], [3330.75, 1378.0], [3330.6, 4617.0], [3330.55, 16153.0], [3330.5, 54717.0], [3330.35, 1378.0], [3330.3, 4617.0], [3330.25, 324.0], [3330.15, 14469.0], [3330.05, 43758.0], [3330.0, 16061.0], [3329.95, 17767.0], [3329.9, 19990.0], [3329.85, 2900.0]], "asks": [[3331.5, 2689.0], [3331.8, 3814.0], [3331.85, 16494.0], [3331.9, 2400.0], [3332.1, 7451.0], [3332.2, 20614.0], [3332.4, 2335.0], [3332.45, 1420.0], [3332.5, 6402.0], [3332.55, 17075.0], [3332.6, 50000.0], [3332.65, 7204.0], [3332.7, 1400.0], [3332.75, 4691.0], [3332.85, 3001.0], [3332.9, 1425.0], [3332.95, 4691.0], [3333.05, 9496.0], [3333.1, 29350.0], [3333.15, 4691.0]]}}}
{"jsonrpc": "2.0", "method": "subscription", "params": {"channel": "book.ETH-PERPETUAL.none.20.100ms", "data": {"timestamp": 1768385720677, "change_id": 104815199460, "instrument_name": "ETH-PERPETUAL", "bids": [[3331.45, 74888.0], [3331.3, 19200.0], [3331.25, 68269.0], [3331.2, 130201.0], [3331.1, 800.0], [3330.9, 3818.0], [3330.85, 11491.0], [3330.75, 1378.0], [3330.6, 4617.0], [3330.55, 16153.0], [3330.5, 54717.0], [3330.35, 1378.0], [3330.3, 4617.0], [3330.25, 324.0], [3330.15, 14469.0], [3330.05, 43758.0], [3330.0, 10883.0], [3329.95, 17767.0], [3329.85, 15416.0], [3329.8, 19990.0]], "asks": [[3331.5, 2689.0], [3331.8, 3814.0], [3331.85, 16494.0], [3331.9, 2400.0], [3332.1, 7451.0], [3332.2, 20614.0], [3332.4, 2335.0], [3332.45, 1420.0], [3332.5, 6402.0], [3332.55, 17075.0], [3332.6, 50000.0], [3332.65, 7204.0], [3332.7, 1400.0], [3332.75, 4691.0], [3332.85, 3001.0], [3332.9, 1425.0], [3332.95, 4691.0], [3333.05, 9496.0], [3333.1, 29350.0], [3333.15, 4691.0]]}}}
{"jsonrpc": "2.0", "method": "subscription", "params": {"channel": "book.ETH-PERPETUAL.none.20.100ms", "data": {"timestamp": 1768385720943, "change_id": 104815199677, "instrument_name": "ETH-PERPETUAL", "bids": [[3331.45, 55688.0], [3331.3, 19200.0], [3331.25, 68269.0], [3331.2, 130201.0], [3331.1, 800.0], [3330.9, 3818.0], [3330.85, 11491.0], [3330.75, 1378.0], [3330.6, 4617.0], [3330.55, 16153.0], [3330.5, 54717.0], [3330.35, 1378.0], [3330.3, 4617.0], [3330.25, 324.0], [3330.15, 14469.0], [3330.05, 43758.0], [3330.0, 10883.0], [3329.95, 17767.0], [3329.85, 15416.0], [3329.8, 19990.0]], "asks": [[3331.5, 2689.0], [3331.8, 3814.0], [3331.85, 16494.0], [3331.9, 2400.0], [3332.1, 7451.0], [3332.2, 20614.0], [3332.4, 2335.0], [3332.45, 1420.0], [3332.5, 6402.0], [3332.55, 17075.0], [3332.6, 50000.0], [3332.65, 7204.0], [3332.7, 1400.0], [3332.75, 4691.0], [3332.85, 3001.0], [3332.9, 1425.0], [3332.95, 4691.0], [3333.05, 9496.0], [3333.1, 29350.0], [3333.15, 4691.0]]}}}
{"jsonrpc": "2.0", "method": "subscription", "params": {"channel": "book.ETH-PERPETUAL.none.20.100ms", "data": {"timestamp": 1768385721307, "change_id": 104815199967, "instrument_name": "ETH-PERPETUAL", "bids": [[3331.45, 55688.0], [3331.3, 19200.0], [3331.25, 68269.0], [3331.2, 130201.0], [3331.1, 800.0], [3330.9, 3818.0], [3330.85, 11491.0], [3330.75, 1378.0], [3330.6, 4617.0], [3330.55, 16153.0], [3330.5, 54717.0], [3330.35, 1378.0], [3330.3, 4617.0], [3330.25, 324.0], [3330.15, 14469.0], [3330.05, 43758.0], [3330.0, 10883.0], [3329.95, 17767.0], [3329.85, 15416.0], [3329.8, 19990.0]], "asks": [[3331.5, 2689.0], [3331.8, 3814.0], [3331.85, 16494.0], [3331.9, 2400.0], [3332.1, 7451.0], [3332.2, 20614.0], [3332.4, 2335.0], [3332.45, 1420.0], [3332.5, 6402.0], [3332.55, 17075.0], [3332.6, 50000.0], [3332.65, 7204.0], [3332.7, 1400.0], [3332.75, 4691.0], [3332.85, 3001.0], [3332.9, 1425.0], [3332.95, 4691.0], [3333.05, 9496.0], [3333.1, 29350.0], [3333.15, 4691.0]]}}}
{"jsonrpc": "2.0", "method": "subscription", "params": {"channel": "book.ETH-PERPETUAL.none.20.100ms", "data": {"timestamp": 1768385721678, "change_id": 104815200384, "instrument_name": "ETH-PERPETUAL", "bids": [[3331.45, 55688.0], [3331.3, 19200.0], [3331.25, 68269.0], [3331.2, 130201.0], [3331.1, 800.0], [3330.9, 3818.0], [3330.85, 11491.0], [3330.75, 1378.0], [3330.6, 4617.0], [3330.55, 16153.0], [3330.5, 54717.0], [3330.35, 1378.0], [3330.3, 4617.0], [3330.25, 324.0], [3330.15, 14469.0], [3330.05, 43758.0], [3330.0, 10883.0], [3329.95, 17767.0], [3329.85, 15416.0], [3329.8, 19990.0]], "asks": [[3331.5, 2689.0], [3331.9, 2400.0], [3332.0, 3431.0], [3332.05, 11495.0], [3332.1, 7451.0], [3332.2, 20614.0], [3332.4, 2335.0], [3332.45, 1420.0], [3332.5, 6402.0], [3332.55, 17075.0], [3332.6, 50000.0], [3332.65, 7204.0], [3332.7, 1400.0], [3332.75, 4691.0], [3332.85, 3001.0], [3332.9, 1425.0], [3332.95, 4691.0], [3333.05, 5207.0], [3333.1, 29131.0], [3333.15, 4691.0]]}}}
{"jsonrpc": "2.0", "method": "subscription", "params": {"channel": "book.ETH-PERPETUAL.none.20.100ms", "data": {"timestamp": 1768385721900, "change_id": 104815200599, "instrument_name": "ETH-PERPETUAL", "bids": [[3331.45, 74888.0], [3331.3, 19200.0], [3331.25, 68269.0], [3331.2, 130201.0], [3331.1, 800.0], [3330.9, 3818.0], [3330.85, 11491.0], [3330.75, 1378.0], [3330.6, 4617.0], [3330.55, 16153.0], [3330.5, 54717.0], [3330.35, 1378.0], [3330.3, 4617.0], [3330.25, 324.0], [3330.15, 14469.0], [3330.05, 43758.0], [3330.0, 10883.0], [3329.85, 20667.0], [3329.75, 21941.0], [3329.7, 1824.0]], "asks": [[3331.5, 2689.0], [3331.9, 8131.0], [3331.95, 19200.0], [3332.0, 3431.0], [3332.05, 11495.0], [3332.1, 7451.0], [3332.15, 5000.0], [3332.2, 20614.0], [3332.4, 2335.0], [3332.45, 1420.0], [3332.5, 6402.0], [3332.55, 17075.0], [3332.6, 50000.0], [3332.65, 7204.0], [3332.7, 1400.0], [3332.75, 4691.0], [3332.85, 3001.0], [3332.9, 1425.0], [3332.95, 4691.0], [3333.05, 5207.0]]}}}
{"jsonrpc": "2.0", "method": "subscription", "params": {"channel": "book.ETH-PERPETUAL.none.20.100ms", "data": {"timestamp": 1768385722200, "change_id": 104815200782, "instrument_name": "ETH-PERPETUAL", "bids": [[3331.45, 74888.0], [3331.3, 19200.0], [3331.25, 68269.0], [3331.2, 130201.0], [3331.1, 800.0], [3330.9, 3818.0], [3330.85, 11491.0], [3330.75, 1378.0], [3330.6, 4617.0], [3330.55, 16153.0], [3330.5, 54717.0], [3330.35, 1378.0], [3330.3, 4617.0], [3330.25, 324.0], [3330.15, 14469.0], [3330.05, 43758.0], [3330.0, 10883.0], [3329.85, 20667.0], [3329.75, 21941.0], [3329.7, 1824.0]], "asks": [[3331.5, 2689.0], [3331.9, 8131.0], [3331.95, 19200.0], [3332.0, 3431.0], [3332.05, 11495.0], [3332.1, 7451.0], [3332.15, 5000.0], [3332.2, 20614.0], [3332.4, 2335.0], [3332.45, 1420.0], [3332.5, 6402.0], [3332.55, 17075.0], [3332.6, 50000.0], [3332.65, 7204.0], [3332.7, 1400.0], [3332.75, 4691.0], [3332.85, 3001.0], [3332.9, 1425.0], [3332.95, 4691.0], [3333.05, 5207.0]]}}}
{"jsonrpc": "2.0", "method": "subscription", "params": {"channel": "book.ETH-PERPETUAL.none.20.100ms", "data": {"timestamp": 1768385722533, "change_id": 104815201193, "instrument_name": "ETH-PERPETUAL", "bids": [[3331.45, 74888.0], [3331.3, 19200.0], [3331.25, 68269.0], [3331.2, 130201.0], [3331.1, 800.0], [3330.9, 3818.0], [3330.85, 11491.0], [3330.75, 1378.0], [3330.6, 4617.0], [3330.55, 16153.0], [3330.5, 54717.0], [3330.35, 1378.0], [3330.3, 4617.0], [3330.25, 324.0], [3330.15, 14469.0], [3330.05, 43758.0], [3330.0, 10883.0], [3329.85, 20667.0], [3329.75, 21941.0], [3329.7, 1824.0]], "asks": [[3331.5, 2689.0], [3331.9, 8131.0], [3331.95, 19200.0], [3332.0, 3431.0], [3332.05, 11495.0], [3332.1, 7451.0], [3332.15, 5000.0], [3332.2, 20614.0], [3332.4, 2335.0], [3332.45, 1420.0], [3332.5, 6402.0], [3332.55, 17075.0], [3332.6, 50000.0], [3332.65, 7204.0], [3332.7, 1400.0], [3332.75, 4691.0], [3332.85, 3001.0], [3332.9, 1425.0], [3332.95, 4691.0], [3333.05, 5207.0]]}}}
{"jsonrpc": "2.0", "method": "subscription", "params": {"channel": "book.ETH-PERPETUAL.none.20.100ms", "data": {"timestamp": 1768385722986, "change_id": 104815201429, "instrument_name": "ETH-PERPETUAL", "bids": [[3331.45, 74888.0], [3331.3, 19200.0], [3331.25, 68269.0], [3331.2, 130201.0], [3331.1, 800.0], [3330.9, 3818.0], [3330.85, 11491.0], [3330.75, 1378.0], [3330.6, 4617.0], [3330.55, 16153.0], [3330.5, 54717.0], [3330.35, 1378.0], [3330.3, 4617.0], [3330.25, 324.0], [3330.15, 14469.0], [3330.05, 43758.0], [3330.0, 10883.0], [3329.85, 37658.0], [3329.8, 19990.0], [3329.75, 4941.0]], "asks": [[3331.5, 2689.0], [3331.9, 8131.0], [3331.95, 19200.0], [3332.0, 3431.0], [3332.05, 11495.0], [3332.1, 7451.0], [3332.15, 5000.0], [3332.2, 20614.0], [3332.4, 2335.0], [3332.45, 1420.0], [3332.5, 6402.0], [3332.55, 17075.0], [3332.6, 50000.0], [3332.65, 7204.0], [3332.7, 1400.0], [3332.75, 4691.0], [3332.85, 3001.0], [3332.9, 1425.0], [3332.95, 4691.0], [3333.05, 5207.0]]}}}
{"jsonrpc": "2.0", "method": "subscription", "params": {"channel": "book.ETH-PERPETUAL.none.20.100ms", "data": {"timestamp": 1768385723278, "change_id": 104815201725, "instrument_name": "ETH-PERPETUAL", "bids": [[3331.45, 74888.0], [3331.3, 19200.0], [3331.25, 65269.0], [3331.2, 131335.0], [3331.15, 3000.0], [3331.1, 800.0], [3330.9, 3818.0], [3330.85, 11491.0], [3330.75, 1378.0], [3330.6, 4617.0], [3330.55, 16153.0], [3330.5, 54717.0], [3330.35, 1378.0], [3330.3, 4617.0], [3330.25, 324.0], [3330.15, 14469.0], [3330.05, 43758.0], [3330.0, 10883.0], [3329.85, 37658.0], [3329.8, 19990.0]], "asks": [[3331.5, 2689.0], [3331.9, 8131.0], [3331.95, 19200.0], [3332.0, 3431.0], [3332.05, 11495.0], [3332.1, 7451.0], [3332.15, 5000.0], [3332.2, 20614.0], [3332.4, 2335.0], [3332.5, 6402.0], [3332.55, 17075.0], [3332.6, 50000.0], [3332.65, 7204.0], [3332.7, 1400.0], [3332.75, 4691.0], [3332.85, 3001.0], [3332.9, 1425.0], [3332.95, 4691.0], [3333.05, 5207.0], [3333.1, 12752.0]]}}}
{"jsonrpc": "2.0", "method": "subscription", "params": {"channel": "book.ETH-PERPETUAL.none.20.100ms", "data": {"timestamp": 1768385723535, "change_id": 104815202032, "instrument_name": "ETH-PERPETUAL", "bids": [[3331.45, 74888.0], [3331.3, 19200.0], [3331.25, 65269.0], [3331.2, 131335.0], [3331.15, 3000.0], [3331.1, 800.0], [3330.9, 3818.0], [3330.85, 11491.0], [3330.75, 1378.0], [3330.6, 4617.0], [3330.55, 16153.0], [3330.5, 54717.0], [3330.35, 1378.0], [3330.3, 4617.0], [3330.25, 324.0], [3330.15, 14469.0], [3330.05, 43758.0], [3330.0, 10883.0], [3329.85, 37658.0], [3329.8, 19990.0]], "asks": [[3331.5, 2689.0], [3331.9, 8131.0], [3331.95, 19200.0], [3332.0, 3431.0], [3332.05, 11495.0], [3332.1, 7451.0], [3332.15, 5000.0], [3332.2, 20614.0], [3332.4, 3755.0], [3332.5, 6402.0], [3332.55, 17075.0], [3332.6, 50000.0], [3332.65, 7204.0], [3332.7, 1400.0], [3332.75, 4691.0], [3332.85, 3001.0], [3332.9, 1425.0], [3332.95, 4691.0], [3333.05, 5207.0], [3333.1, 12752.0]]}}}
{"jsonrpc": "2.0", "method": "subscription", "params": {"channel": "book.ETH-PERPETUAL.none.20.100ms", "data": {"timestamp": 1768385723901, "change_id": 104815202346, "instrument_name": "ETH-PERPETUAL", "bids": [[3331.45, 55688.0], [3331.3, 19200.0], [3331.25, 65269.0], [3331.2, 131335.0], [3331.15, 3000.0], [3331.1, 800.0], [3330.9, 3818.0], [3330.85, 11491.0], [3330.75, 1378.0], [3330.6, 4617.0], [3330.55, 16153.0], [3330.5, 54717.0], [3330.35, 1378.0], [3330.3, 4617.0], [3330.25, 324.0], [3330.15, 14469.0], [3330.05, 43758.0], [3330.0, 15166.0], [3329.85, 37658.0], [3329.8, 19990.0]], "asks": [[3331.5, 2689.0], [3331.9, 13131.0], [3331.95, 19200.0], [3332.0, 3431.0], [3332.05, 11495.0], [3332.1, 7451.0], [3332.2, 20614.0], [3332.4, 3755.0], [3332.5, 6402.0], [3332.55, 17075.0], [3332.6, 50000.0], [3332.65, 7204.0], [3332.7, 1400.0], [3332.75, 4691.0], [3332.85, 3001.0], [3332.9, 1425.0], [3332.95, 4691.0], [3333.05, 9537.0], [3333.1, 12752.0], [3333.15, 21428.0]]}}}
{"jsonrpc": "2.0", "method": "subscription", "params": {"channel": "book.ETH-PERPETUAL.none.20.100ms", "data": {"timestamp": 1768385724205, "change_id": 104815202535, "instrument_name": "ETH-PERPETUAL", "bids": [[3331.45, 55688.0], [3331.3, 19200.0], [3331.25, 65269.0], [3331.2, 131335.0], [3331.15, 3000.0], [3331.1, 800.0], [3330.9, 3818.0], [3330.85, 11491.0], [3330.75, 1378.0], [3330.6, 4617.0], [3330.55, 16153.0], [3330.5, 54717.0], [3330.35, 1378.0], [3330.3, 4617.0], [3330.25, 324.0], [3330.15, 14469.0], [3330.05, 43758.0], [3330.0, 15166.0], [3329.85, 37658.0], [3329.8, 19990.0]], "asks": [[3331.5, 2689.0], [3331.9, 13131.0], [3331.95, 19200.0], [3332.0, 3431.0], [3332.05, 11495.0], [3332.1, 7451.0], [3332.2, 20614.0], [3332.4, 3755.0], [3332.5, 6402.0], [3332.55, 17075.0], [3332.6, 50000.0], [3332.65, 7204.0], [3332.7, 1400.0], [3332.75, 4691.0], [3332.85, 3001.0], [3332.9, 1425.0], [3332.95, 4691.0], [3333.05, 9537.0], [3333.1, 12752.0], [3333.15, 21428.0]]}}}
{"jsonrpc": "2.0", "method": "subscription", "params": {"channel": "book.ETH-PERPETUAL.none.20.100ms", "data": {"timestamp": 1768385724665, "change_id": 104815203012, "instrument_name": "ETH-PERPETUAL", "bids": [[3331.45, 55688.0], [3331.3, 19200.0], [3331.25, 65269.0], [3331.2, 131335.0], [3331.15, 3000.0], [3331.1, 800.0], [3330.9, 3818.0], [3330.85, 11491.0], [3330.75, 1378.0], [3330.6, 4617.0], [3330.55, 16153.0], [3330.5, 54717.0], [3330.35, 1378.0], [3330.3, 4617.0], [3330.25, 324.0], [3330.15, 14469.0], [3330.05, 43758.0], [3330.0, 15166.0], [3329.85, 37658.0], [3329.8, 19990.0]], "asks": [[3331.5, 2689.0], [3331.9, 13131.0], [3331.95, 19200.0], [3332.0, 3431.0], [3332.05, 11495.0], [3332.1, 7451.0], [3332.2, 20614.0], [3332.4, 2335.0], [3332.45, 1420.0], [3332.5, 6402.0], [3332.55, 17075.0], [3332.6, 50000.0], [3332.65, 7204.0], [3332.7, 1400.0], [3332.75, 4691.0], [3332.85, 3001.0], [3332.9, 1425.0], [3332.95, 4691.0], [3333.05, 9537.0], [3333.1, 12752.0]]}}}
{"jsonrpc": "2.0", "method": "subscription", "params": {"channel": "book.ETH-PERPETUAL.none.20.100ms", "data": {"timestamp": 1768385724903, "change_id": 104815203254, "instrument_name": "ETH-PERPETUAL", "bids": [[3331.45, 74888.0], [3331.3, 19200.0], [3331.25, 65269.0], [3331.2, 131335.0], [3331.15, 3000.0], [3331.1, 800.0], [3330.9, 3818.0], [3330.85, 11491.0], [3330.75, 1378.0], [3330.6, 4617.0], [3330.55, 16153.0], [3330.5, 54717.0], [3330.35, 1378.0], [3330.3, 4617.0], [3330.25, 324.0], [3330.15, 14469.0], [3330.05, 43758.0], [3330.0, 15166.0], [3329.85, 45100.0], [3329.8, 19990.0]], "asks": [[3331.5, 2689.0], [3331.9, 13131.0], [3331.95, 19200.0], [3332.0, 3431.0], [3332.05, 11495.0], [3332.1, 7451.0], [3332.2, 20614.0], [3332.4, 2335.0], [3332.45, 1420.0], [3332.5, 6402.0], [3332.55, 17075.0], [3332.6, 50000.0], [3332.65, 7204.0], [3332.7, 1400.0], [3332.75, 4691.0], [3332.85, 3001.0], [3332.9, 1425.0], [3332.95, 4691.0], [3333.05, 9537.0], [3333.1, 12752.0]]}}}
{"jsonrpc": "2.0", "method": "subscription", "params": {"channel": "book.ETH-PERPETUAL.none.20.100ms", "data": {"timestamp": 1768385725165, "change_id": 104815203343, "instrument_name": "ETH-PERPETUAL", "bids": [[3331.45, 74888.0], [3331.3, 19200.0], [3331.25, 65269.0], [3331.2, 131335.0], [3331.15, 3000.0], [3331.1, 800.0], [3330.9, 3818.0], [3330.85, 11491.0], [3330.75, 1378.0], [3330.6, 4617.0], [3330.55, 16153.0], [3330.5, 54717.0], [3330.35, 1378.0], [3330.3, 4617.0], [3330.25, 324.0], [3330.15, 14469.0], [3330.05, 43758.0], [3330.0, 15166.0], [3329.85, 45100.0], [3329.8, 19990.0]], "asks": [[3331.5, 2689.0], [3331.9, 13131.0], [3331.95, 19200.0], [3332.0, 3431.0], [3332.05, 11495.0], [3332.1, 7451.0], [3332.2, 20614.0], [3332.4, 2335.0], [3332.45, 1420.0], [3332.5, 6402.0], [3332.55, 17075.0], [3332.6, 50000.0], [3332.65, 7204.0], [3332.7, 1400.0], [3332.75, 4691.0], [3332.85, 3001.0], [3332.9, 1425.0], [3332.95, 4691.0], [3333.05, 9537.0], [3333.1, 12752.0]]}}}
{"jsonrpc": "2.0", "method": "subscription", "params": {"channel": "book.ETH-PERPETUAL.none.20.100ms", "data": {"timestamp": 1768385725641, "change_id": 104815203994, "instrument_name": "ETH-PERPETUAL", "bids": [[3331.45, 81567.0], [3331.3, 19200.0], [3331.25, 58065.0], [3331.2, 131335.0], [3331.15, 3000.0], [3331.1, 800.0], [3330.9, 3818.0], [3330.85, 11491.0], [3330.75, 1378.0], [3330.6, 4617.0], [3330.55, 16153.0], [3330.5, 54717.0], [3330.35, 1378.0], [3330.3, 4617.0], [3330.25, 324.0], [3330.15, 14469.0], [3330.05, 43758.0], [3330.0, 15166.0], [3329.85, 37658.0], [3329.75, 4941.0]], "asks": [[3331.5, 2689.0], [3331.9, 2400.0], [3332.1, 7451.0], [3332.2, 20614.0], [3332.4, 2335.0], [3332.5, 6402.0], [3332.55, 17075.0], [3332.6, 50000.0], [3332.65, 7204.0], [3332.7, 4401.0], [3332.75, 4691.0], [3332.9, 1425.0], [3332.95, 4691.0], [3333.05, 5207.0], [3333.1, 29778.0], [3333.15, 4691.0], [3333.25, 20011.0], [3333.3, 4617.0], [3333.45, 13043.0], [3333.5, 4780.0]]}}}
{"jsonrpc": "2.0", "method": "subscription", "params": {"channel": "book.ETH-PERPETUAL.none.20.100ms", "data": {"timestamp": 1768385725997, "change_id": 104815204927, "instrument_name": "ETH-PERPETUAL", "bids": [[3331.85, 55244.0], [3331.7, 5609.0], [3331.65, 18790.0], [3331.55, 5731.0], [3331.5, 32670.0], [3331.45, 45024.0], [3331.35, 26447.0], [3331.3, 19200.0], [3331.25, 19200.0], [3331.2, 50201.0], [3331.1, 800.0], [3331.05, 2613.0], [3331.0, 4772.0], [3330.95, 4678.0], [3330.9, 3818.0], [3330.85, 11491.0], [3330.75, 16127.0], [3330.65, 50000.0], [3330.6, 4617.0], [3330.35, 1378.0]], "asks": [[3331.9, 12854.0], [3331.95, 11495.0], [3332.2, 114.0], [3332.25, 7056.0], [3332.3, 3600.0], [3332.4, 20500.0], [3332.5, 1647.0], [3332.7, 17042.0], [3332.75, 4691.0], [3332.85, 3001.0], [3332.9, 1400.0], [3332.95, 4691.0], [3333.0, 100.0], [3333.05, 1400.0], [3333.15, 4716.0], [3333.25, 1378.0], [3333.3, 4617.0], [3333.35, 5973.0], [3333.45, 33054.0], [3333.5, 4780.0]]}}}
{"jsonrpc": "2.0", "method": "subscription", "params": {"channel": "book.ETH-PERPETUAL.none.20.100ms", "data": {"timestamp": 1768385726323, "change_id": 104815205441, "instrument_name": "ETH-PERPETUAL", "bids": [[3331.85, 35072.0], [3331.75, 7203.0], [3331.7, 5609.0], [3331.65, 18790.0], [3331.55, 5731.0], [3331.5, 32670.0], [3331.45, 45025.0], [3331.35, 26447.0], [3331.3, 19200.0], [3331.25, 22200.0], [3331.2, 50200.0], [3331.1, 800.0], [3331.05, 2613.0], [3331.0, 4772.0], [3330.95, 4678.0], [3330.75, 16127.0], [3330.65, 50000.0], [3330.6, 4617.0], [3330.35, 1378.0], [3330.3, 4617.0]], "asks": [[3331.9, 14938.0], [3332.2, 7535.0], [3332.25, 26575.0], [3332.45, 2642.0], [3332.5, 8850.0], [3332.7, 16146.0], [3332.75, 4691.0], [3332.8, 50025.0], [3332.85, 2326.0], [3332.9, 3001.0], [3332.95, 4691.0], [3333.0, 100.0], [3333.05, 1400.0], [3333.15, 4691.0], [3333.25, 1378.0], [3333.3, 14695.0], [3333.35, 16311.0], [3333.4, 20011.0], [3333.45, 2113.0], [3333.5, 4780.0]]}}}
{"jsonrpc": "2.0", "method": "subscription", "params": {"channel": "book.ETH-PERPETUAL.none.20.100ms", "data": {"timestamp": 1768385726548, "change_id": 104815205841, "instrument_name": "ETH-PERPETUAL", "bids": [[3331.85, 35072.0], [3331.75, 7203.0], [3331.7, 5609.0], [3331.65, 18790.0], [3331.55, 5731.0], [3331.5, 32670.0], [3331.45, 45025.0], [3331.35, 29447.0], [3331.3, 19200.0], [3331.25, 19200.0], [3331.2, 61692.0], [3331.1, 800.0], [3331.05, 2613.0], [3331.0, 4772.0], [3330.95, 4678.0], [3330.75, 16127.0], [3330.65, 50000.0], [3330.6, 4617.0], [3330.35, 1378.0], [3330.3, 4617.0]], "asks": [[3331.9, 16198.0], [3332.2, 12535.0], [3332.25, 33071.0], [3332.3, 7203.0], [3332.5, 1647.0], [3332.7, 16146.0], [3332.75, 4691.0], [3332.8, 50025.0], [3332.85, 1430.0], [3332.9, 3001.0], [3332.95, 4691.0], [3333.0, 100.0], [3333.05, 1400.0], [3333.15, 4691.0], [3333.25, 7175.0], [3333.3, 30601.0], [3333.35, 16311.0], [3333.45, 2113.0], [3333.5, 4780.0], [3333.6, 3726.0]]}}}
{"jsonrpc": "2.0", "method": "subscription", "params": {"channel": "book.ETH-PERPETUAL.none.20.100ms", "data": {"timestamp": 1768385726984, "change_id": 104815206173, "instrument_name": "ETH-PERPETUAL", "bids": [[3331.85, 37115.0], [3331.75, 7203.0], [3331.7, 5805.0], [3331.65, 18790.0], [3331.55, 5731.0], [3331.5, 32435.0], [3331.45, 25825.0], [3331.4, 19200.0], [3331.35, 21415.0], [3331.2, 61692.0], [3331.1, 800.0], [3331.05, 2613.0], [3331.0, 4772.0], [3330.95, 4678.0], [3330.75, 16127.0], [3330.65, 50000.0], [3330.6, 4617.0], [3330.35, 1378.0], [3330.3, 4617.0], [3330.25, 324.0]], "asks": [[3331.9, 30198.0], [3332.2, 7535.0], [3332.25, 33071.0], [3332.3, 7203.0], [3332.5, 1647.0], [3332.7, 16146.0], [3332.75, 4691.0], [3332.8, 50025.0], [3332.9, 2326.0], [3332.95, 4691.0], [3333.0, 3101.0], [3333.05, 1400.0], [3333.15, 4691.0], [3333.25, 7175.0], [3333.3, 30601.0], [3333.35, 16311.0], [3333.45, 2113.0], [3333.5, 4780.0], [3333.6, 3726.0], [3333.65, 4778.0]]}}}
{"jsonrpc": "2.0", "method": "subscription", "params": {"channel": "book.ETH-PERPETUAL.none.20.100ms", "data": {"timestamp": 1768385727241, "change_id": 104815206440, "instrument_name": "ETH-PERPETUAL", "bids": [[3331.85, 37115.0], [3331.75, 7203.0], [3331.7, 5805.0], [3331.65, 18790.0], [3331.55, 5731.0], [3331.5, 32435.0], [3331.45, 25825.0], [3331.4, 19200.0], [3331.35, 18415.0], [3331.25, 3000.0], [3331.2, 61692.0], [3331.1, 800.0], [3331.05, 2613.0], [3331.0, 4772.0], [3330.95, 4678.0], [3330.75, 16127.0], [3330.65, 50000.0], [3330.6, 4617.0], [3330.35, 1378.0], [3330.3, 4617.0]], "asks": [[3331.9, 30198.0], [3332.2, 7535.0], [3332.25, 33071.0], [3332.3, 7203.0], [3332.5, 1647.0], [3332.7, 16146.0], [3332.75, 4691.0], [3332.8, 50025.0], [3332.85, 2326.0], [3332.9, 3001.0], [3332.95, 4691.0], [3333.0, 100.0], [3333.05, 1400.0], [3333.15, 4691.0], [3333.25, 7175.0], [3333.3, 30601.0], [3333.35, 16311.0], [3333.45, 2113.0], [3333.5, 4780.0], [3333.6, 3726.0]]}}}
{"jsonrpc": "2.0", "method": "subscription", "params": {"channel": "book.ETH-PERPETUAL.none.20.100ms", "data": {"timestamp": 1768385727342, "change_id": 104815206497, "instrument_name": "ETH-PERPETUAL", "bids": [[3331.85, 37115.0], [3331.75, 7203.0], [3331.7, 5805.0], [3331.65, 18790.0], [3331.55, 5731.0], [3331.5, 32435.0], [3331.45, 25825.0], [3331.4, 19200.0], [3331.35, 18415.0], [3331.25, 3000.0], [3331.2, 61692.0], [3331.1, 800.0], [3331.05, 2613.0], [3331.0, 4772.0], [3330.95, 4678.0], [3330.75, 16127.0], [3330.65, 50000.0], [3330.6, 4617.0], [3330.35, 1378.0], [3330.3, 4617.0]], "asks": [[3331.9, 30204.0], [3332.2, 7535.0], [3332.25, 33071.0], [3332.3, 7203.0], [3332.5, 1647.0], [3332.7, 16146.0], [3332.75, 4691.0], [3332.8, 50025.0], [3332.85, 2326.0], [3332.9, 3001.0], [3332.95, 4691.0], [3333.0, 100.0], [3333.05, 1400.0], [3333.15, 4691.0], [3333.25, 7175.0], [3333.3, 30601.0], [3333.35, 16311.0], [3333.45, 2113.0], [3333.5, 4780.0], [3333.6, 3726.0]]}}}
{"jsonrpc": "2.0", "method": "subscription", "params": {"channel": "book.ETH-PERPETUAL.none.20.100ms", "data": {"timestamp": 1768385727903, "change_id": 104815207111, "instrument_name": "ETH-PERPETUAL", "bids": [[3331.85, 49072.0], [3331.8, 279.0], [3331.75, 7203.0], [3331.7, 5609.0], [3331.65, 18790.0], [3331.6, 11462.0], [3331.55, 19200.0], [3331.5, 32435.0], [3331.45, 25825.0], [3331.4, 19200.0], [3331.35, 18415.0], [3331.25, 3000.0], [3331.2, 61692.0], [3331.1, 800.0], [3331.05, 2613.0], [3331.0, 4772.0], [3330.95, 4678.0], [3330.75, 16127.0], [3330.65, 50000.0], [3330.6, 4617.0]], "asks": [[3331.9, 11251.0], [3332.2, 12535.0], [3332.25, 33071.0], [3332.3, 7203.0], [3332.5, 1647.0], [3332.7, 16146.0], [3332.75, 4691.0], [3332.8, 50025.0], [3332.85, 2326.0], [3332.9, 3001.0], [3332.95, 4691.0], [3333.0, 100.0], [3333.05, 1400.0], [3333.15, 4691.0], [3333.25, 7175.0], [3333.3, 30601.0], [3333.35, 16311.0], [3333.45, 2113.0], [3333.5, 4780.0], [3333.6, 3726.0]]}}}
{"jsonrpc": "2.0", "method": "subscription", "params": {"channel": "book.ETH-PERPETUAL.none.20.100ms", "data": {"timestamp": 1768385728130, "change_id": 104815207235, "instrument_name": "ETH-PERPETUAL", "bids": [[3331.85, 49072.0], [3331.8, 279.0], [3331.75, 7203.0], [3331.7, 5609.0], [3331.65, 18790.0], [3331.6, 11462.0], [3331.55, 19200.0], [3331.5, 32435.0], [3331.45, 25825.0], [3331.4, 19200.0], [3331.35, 18415.0], [3331.25, 3000.0], [3331.2, 61692.0], [3331.1, 800.0], [3331.05, 2613.0], [3331.0, 4772.0], [3330.95, 4678.0], [3330.75, 16127.0], [3330.65, 50000.0], [3330.6, 4617.0]], "asks": [[3331.9, 11251.0], [3332.2, 12535.0], [3332.25, 33071.0], [3332.3, 7203.0], [3332.5, 1647.0], [3332.7, 16146.0], [3332.75, 4691.0], [3332.8, 50025.0], [3332.85, 2326.0], [3332.9, 3001.0], [3332.95, 4691.0], [3333.0, 100.0], [3333.05, 1400.0], [3333.15, 4691.0], [3333.25, 7175.0], [3333.3, 30601.0], [3333.35, 16311.0], [3333.45, 2113.0], [3333.5, 4780.0], [3333.6, 3726.0]]}}}
{"jsonrpc": "2.0", "method": "subscription", "params": {"channel": "book.ETH-PERPETUAL.none.20.100ms", "data": {"timestamp": 1768385728556, "change_id": 104815207847, "instrument_name": "ETH-PERPETUAL", "bids": [[3331.85, 34072.0], [3331.7, 3139.0], [3331.65, 7203.0], [3331.6, 11462.0], [3331.55, 19200.0], [3331.5, 32435.0], [3331.45, 25825.0], [3331.4, 19200.0], [3331.35, 18415.0], [3331.2, 62826.0], [3331.15, 3000.0], [3331.1, 800.0], [3331.05, 2613.0], [3331.0, 4772.0], [3330.95, 4678.0], [3330.75, 16127.0], [3330.65, 50000.0], [3330.6, 4617.0], [3330.35, 1378.0], [3330.3, 4617.0]], "asks": [[3331.9, 11251.0], [3332.2, 12535.0], [3332.25, 33071.0], [3332.3, 7203.0], [3332.5, 1647.0], [3332.7, 16146.0], [3332.75, 4691.0], [3332.8, 53026.0], [3332.85, 1430.0], [3332.95, 4691.0], [3333.0, 100.0], [3333.05, 1400.0], [3333.15, 4691.0], [3333.2, 7351.0], [3333.3, 30601.0], [3333.35, 16311.0], [3333.45, 2113.0], [3333.5, 4780.0], [3333.6, 3726.0], [3333.65, 4778.0]]}}}
{"jsonrpc": "2.0", "method": "subscription", "params": {"channel": "book.ETH-PERPETUAL.none.20.100ms", "data": {"timestamp": 1768385728970, "change_id": 104815208141, "instrument_name": "ETH-PERPETUAL", "bids": [[3331.85, 34072.0], [3331.7, 3139.0], [3331.65, 7203.0], [3331.6, 11462.0], [3331.55, 19200.0], [3331.5, 32435.0], [3331.45, 25825.0], [3331.4, 19200.0], [3331.35, 18415.0], [3331.2, 62826.0], [3331.1, 3800.0], [3331.05, 2613.0], [3331.0, 4772.0], [3330.95, 4678.0], [3330.75, 16127.0], [3330.65, 50000.0], [3330.6, 4617.0], [3330.35, 1378.0], [3330.3, 4617.0], [3330.25, 324.0]], "asks": [[3331.9, 35451.0], [3332.2, 7535.0], [3332.25, 33071.0], [3332.3, 7203.0], [3332.5, 1647.0], [3332.7, 16146.0], [3332.75, 7692.0], [3332.8, 50025.0], [3332.85, 1430.0], [3332.95, 4691.0], [3333.0, 100.0], [3333.05, 1400.0], [3333.15, 4691.0], [3333.2, 7351.0], [3333.3, 30601.0], [3333.35, 16311.0], [3333.45, 2113.0], [3333.5, 4780.0], [3333.6, 3726.0], [3333.65, 4778.0]]}}}
{"jsonrpc": "2.0", "method": "subscription", "params": {"channel": "book.ETH-PERPETUAL.none.20.100ms", "data": {"timestamp": 1768385729124, "change_id": 104815208231, "instrument_name": "ETH-PERPETUAL", "bids": [[3331.85, 34072.0], [3331.7, 3139.0], [3331.65, 7203.0], [3331.6, 11462.0], [3331.55, 19200.0], [3331.5, 32435.0], [3331.45, 25825.0], [3331.4, 19200.0], [3331.35, 18415.0], [3331.2, 62826.0], [3331.1, 3800.0], [3331.05, 2613.0], [3331.0, 4772.0], [3330.95, 4678.0], [3330.75, 16127.0], [3330.65, 50000.0], [3330.6, 4617.0], [3330.35, 1378.0], [3330.3, 4617.0], [3330.25, 324.0]], "asks": [[3331.9, 35451.0], [3332.2, 7535.0], [3332.25, 33071.0], [3332.3, 7203.0], [3332.5, 1647.0], [3332.7, 19147.0], [3332.75, 4691.0], [3332.8, 50025.0], [3332.85, 1430.0], [3332.95, 4691.0], [3333.0, 100.0], [3333.05, 1400.0], [3333.15, 4691.0], [3333.2, 7351.0], [3333.3, 30601.0], [3333.35, 16311.0], [3333.45, 2113.0], [3333.5, 4780.0], [3333.6, 3726.0], [3333.65, 4778.0]]}}}
{"jsonrpc": "2.0", "method": "subscription", "params": {"channel": "book.ETH-PERPETUAL.none.20.100ms", "data": {"timestamp": 1768385729765, "change_id": 104815208938, "instrument_name": "ETH-PERPETUAL", "bids": [[3331.85, 34072.0], [3331.7, 3139.0], [3331.65, 7203.0], [3331.6, 11462.0], [3331.55, 19200.0], [3331.5, 32435.0], [3331.45, 25825.0], [3331.4, 19200.0], [3331.35, 18415.0], [3331.2, 62826.0], [3331.1, 3800.0], [3331.05, 2613.0], [3331.0, 4772.0], [3330.95, 4678.0], [3330.75, 16127.0], [3330.65, 50000.0], [3330.6, 4617.0], [3330.35, 1378.0], [3330.3, 4617.0], [3330.25, 324.0]], "asks": [[3331.9, 35451.0], [3332.2, 7535.0], [3332.25, 33071.0], [3332.3, 7203.0], [3332.5, 1647.0], [3332.7, 19147.0], [3332.75, 4691.0], [3332.8, 50025.0], [3332.85, 1430.0], [3332.95, 4691.0], [3333.0, 100.0], [3333.05, 1400.0], [3333.15, 4691.0], [3333.2, 7351.0], [3333.3, 30601.0], [3333.35, 16311.0], [3333.45, 2113.0], [3333.5, 4780.0], [3333.6, 3726.0], [3333.65, 4778.0]]}}}
{"jsonrpc": "2.0", "method": "subscription", "params": {"channel": "book.ETH-PERPETUAL.none.20.100ms", "data": {"timestamp": 1768385730088, "change_id": 104815209295, "instrument_name": "ETH-PERPETUAL", "bids": [[3331.85, 10231.0], [3331.6, 11462.0], [3331.55, 19200.0], [3331.5, 28793.0], [3331.45, 5325.0], [3331.4, 19200.0], [3331.35, 18415.0], [3331.3, 1423.0], [3331.2, 61692.0], [3331.1, 6919.0], [3331.05, 23113.0], [3331.0, 7772.0], [3330.95, 4678.0], [3330.75, 1378.0], [3330.7, 50000.0], [3330.6, 4617.0], [3330.35, 1378.0], [3330.3, 4617.0], [3330.25, 324.0], [3330.15, 14469.0]], "asks": [[3331.9, 31851.0], [3332.05, 2150.0], [3332.1, 16400.0], [3332.15, 19200.0], [3332.2, 114.0], [3332.25, 12571.0], [3332.35, 2400.0], [3332.5, 1647.0], [3332.65, 3001.0], [3332.7, 16154.0], [3332.75, 54691.0], [3332.85, 1430.0], [3332.9, 25.0], [3332.95, 4691.0], [3333.0, 100.0], [3333.05, 1400.0], [3333.15, 4691.0], [3333.25, 20011.0], [3333.3, 10590.0], [3333.35, 16311.0]]}}}
{"jsonrpc": "2.0", "method": "subscription", "params": {"channel": "book.ETH-PERPETUAL.none.20.100ms", "data": {"timestamp": 1768385730376, "change_id": 104815209763, "instrument_name": "ETH-PERPETUAL", "bids": [[3331.85, 10231.0], [3331.6, 11462.0], [3331.55, 26403.0], [3331.5, 28793.0], [3331.45, 5325.0], [3331.4, 19200.0], [3331.35, 18415.0], [3331.3, 1423.0], [3331.2, 82192.0], [3331.1, 800.0], [3331.05, 2613.0], [3331.0, 4772.0], [3330.95, 4678.0], [3330.8, 3000.0], [3330.75, 1378.0], [3330.7, 50000.0], [3330.6, 4617.0], [3330.35, 1378.0], [3330.3, 4617.0], [3330.25, 324.0]], "asks": [[3331.9, 54751.0], [3332.05, 2150.0], [3332.1, 16400.0], [3332.15, 19200.0], [3332.2, 114.0], [3332.25, 12571.0], [3332.5, 1647.0], [3332.55, 25.0], [3332.65, 3001.0], [3332.7, 16154.0], [3332.75, 54691.0], [3332.85, 1430.0], [3332.95, 4691.0], [3333.0, 100.0], [3333.05, 1400.0], [3333.15, 4691.0], [3333.25, 20011.0], [3333.3, 10590.0], [3333.35, 16311.0], [3333.45, 2113.0]]}}}
{"jsonrpc": "2.0", "method": "subscription", "params": {"channel": "book.ETH-PERPETUAL.none.20.100ms", "data": {"timestamp": 1768385730738, "change_id": 104815210238, "instrument_name": "ETH-PERPETUAL", "bids": [[3331.85, 35495.0], [3331.8, 849.0], [3331.6, 11462.0], [3331.55, 26403.0], [3331.5, 31540.0], [3331.45, 5325.0], [3331.4, 19200.0], [3331.35, 38915.0], [3331.2, 61692.0], [3331.15, 1134.0], [3331.1, 3800.0], [3331.05, 2613.0], [3331.0, 4772.0], [3330.95, 4678.0], [3330.75, 1378.0], [3330.7, 50000.0], [3330.6, 4617.0], [3330.35, 1378.0], [3330.3, 4617.0], [3330.25, 324.0]], "asks": [[3331.9, 12874.0], [3332.05, 2150.0], [3332.1, 16400.0], [3332.15, 19200.0], [3332.2, 114.0], [3332.25, 17478.0], [3332.3, 20500.0], [3332.5, 1647.0], [3332.55, 25.0], [3332.7, 19155.0], [3332.75, 54691.0], [3332.85, 1430.0], [3332.95, 4691.0], [3333.0, 100.0], [3333.05, 1400.0], [3333.15, 4691.0], [3333.25, 20011.0], [3333.3, 10590.0], [3333.35, 16311.0], [3333.45, 2113.0]]}}}
{"jsonrpc": "2.0", "method": "subscription", "params": {"channel": "book.ETH-PERPETUAL.none.20.100ms", "data": {"timestamp": 1768385731054, "change_id": 104815210500, "instrument_name": "ETH-PERPETUAL", "bids": [[3331.85, 54695.0], [3331.7, 5731.0], [3331.65, 19200.0], [3331.6, 12462.0], [3331.55, 26403.0], [3331.5, 31540.0], [3331.45, 5325.0], [3331.4, 19200.0], [3331.35, 38915.0], [3331.2, 62826.0], [3331.15, 3000.0], [3331.1, 800.0], [3331.05, 2613.0], [3331.0, 4772.0], [3330.95, 4678.0], [3330.75, 16127.0], [3330.7, 50000.0], [3330.6, 4617.0], [3330.35, 1378.0], [3330.3, 4617.0]], "asks": [[3331.9, 16689.0], [3332.0, 6269.0], [3332.05, 13800.0], [3332.1, 16400.0], [3332.15, 19200.0], [3332.2, 114.0], [3332.25, 17478.0], [3332.3, 20500.0], [3332.5, 1647.0], [3332.55, 25.0], [3332.7, 16154.0], [3332.75, 54691.0], [3332.8, 3001.0], [3332.85, 1430.0], [3332.95, 4691.0], [3333.0, 100.0], [3333.05, 1400.0], [3333.15, 4691.0], [3333.2, 7351.0], [3333.25, 20011.0]]}}}
{"jsonrpc": "2.0", "method": "subscription", "params": {"channel": "book.ETH-PERPETUAL.none.20.100ms", "data": {"timestamp": 1768385731371, "change_id": 104815210809, "instrument_name": "ETH-PERPETUAL", "bids": [[3331.85, 54695.0], [3331.7, 5731.0], [3331.65, 19200.0], [3331.6, 12462.0], [3331.55, 26403.0], [3331.5, 31540.0], [3331.45, 5325.0], [3331.4, 19200.0], [3331.35, 38915.0], [3331.2, 62826.0], [3331.15, 3000.0], [3331.1, 800.0], [3331.05, 2613.0], [3331.0, 4772.0], [3330.95, 4678.0], [3330.75, 16127.0], [3330.7, 50000.0], [3330.6, 4617.0], [3330.35, 1378.0], [3330.3, 4617.0]], "asks": [[3331.9, 16689.0], [3332.0, 6269.0], [3332.05, 13800.0], [3332.1, 16400.0], [3332.15, 19200.0], [3332.2, 114.0], [3332.25, 17478.0], [3332.3, 20500.0], [3332.5, 1647.0], [3332.55, 25.0], [3332.7, 16154.0], [3332.75, 54691.0], [3332.8, 3001.0], [3332.85, 1430.0], [3332.95, 4691.0], [3333.0, 100.0], [3333.05, 1400.0], [3333.15, 4691.0], [3333.2, 7351.0], [3333.25, 20011.0]]}}}
{"jsonrpc": "2.0", "method": "subscription", "params": {"channel": "book.ETH-PERPETUAL.none.20.100ms", "data": {"timestamp": 1768385731731, "change_id": 104815211153, "instrument_name": "ETH-PERPETUAL", "bids": [[3331.85, 54695.0], [3331.7, 6731.0], [3331.65, 19200.0], [3331.6, 11462.0], [3331.55, 26403.0], [3331.5, 31540.0], [3331.45, 5325.0], [3331.4, 19200.0], [3331.35, 38915.0], [3331.2, 62826.0], [3331.15, 3000.0], [3331.1, 800.0], [3331.05, 2613.0], [3331.0, 4772.0], [3330.95, 4678.0], [3330.75, 16127.0], [3330.7, 50000.0], [3330.6, 4617.0], [3330.35, 1378.0], [3330.3, 4617.0]], "asks": [[3331.9, 16689.0], [3332.0, 6269.0], [3332.05, 13800.0], [3332.1, 10669.0], [3332.2, 114.0], [3332.25, 17478.0], [3332.3, 20500.0], [3332.5, 1647.0], [3332.55, 25.0], [3332.7, 16154.0], [3332.75, 54691.0], [3332.8, 3001.0], [3332.85, 1430.0], [3332.95, 4691.0], [3333.0, 100.0], [3333.05, 1400.0], [3333.15, 4691.0], [3333.2, 7351.0], [3333.3, 30601.0], [3333.35, 16311.0]]}}}
{"jsonrpc": "2.0", "method": "subscription", "params": {"channel": "book.ETH-PERPETUAL.none.20.100ms", "data": {"timestamp": 1768385732005, "change_id": 104815211384, "instrument_name": "ETH-PERPETUAL", "bids": [[3331.85, 54695.0], [3331.7, 6731.0], [3331.65, 38544.0], [3331.6, 19200.0], [3331.55, 26403.0], [3331.5, 41290.0], [3331.45, 5325.0], [3331.35, 18415.0], [3331.2, 62826.0], [3331.15, 3000.0], [3331.1, 800.0], [3331.05, 2613.0], [3331.0, 4772.0], [3330.95, 4678.0], [3330.75, 16127.0], [3330.7, 50000.0], [3330.6, 4617.0], [3330.35, 1378.0], [3330.3, 4617.0], [3330.25, 324.0]], "asks": [[3331.9, 16689.0], [3332.1, 7709.0], [3332.2, 15814.0], [3332.25, 17478.0], [3332.3, 27703.0], [3332.5, 1647.0], [3332.55, 25.0], [3332.7, 16154.0], [3332.75, 54691.0], [3332.8, 3001.0], [3332.85, 1430.0], [3332.95, 4691.0], [3333.0, 100.0], [3333.05, 1400.0], [3333.15, 4691.0], [3333.2, 7351.0], [3333.3, 30601.0], [3333.35, 16311.0], [3333.45, 2113.0], [3333.5, 4780.0]]}}}
{"jsonrpc": "2.0", "method": "subscription", "params": {"channel": "book.ETH-PERPETUAL.none.20.100ms", "data": {"timestamp": 1768385732337, "change_id": 104815211707, "instrument_name": "ETH-PERPETUAL", "bids": [[3331.85, 54695.0], [3331.7, 6731.0], [3331.65, 38544.0], [3331.6, 19200.0], [3331.55, 26403.0], [3331.5, 41290.0], [3331.45, 5325.0], [3331.35, 18415.0], [3331.2, 62826.0], [3331.15, 3000.0], [3331.1, 800.0], [3331.05, 2613.0], [3331.0, 4772.0], [3330.95, 4678.0], [3330.75, 16127.0], [3330.7, 50000.0], [3330.6, 4617.0], [3330.35, 1378.0], [3330.3, 4617.0], [3330.25, 324.0]], "asks": [[3331.9, 16689.0], [3332.1, 7709.0], [3332.2, 15814.0], [3332.25, 17478.0], [3332.3, 27703.0], [3332.5, 1647.0], [3332.55, 25.0], [3332.7, 16154.0], [3332.75, 54691.0], [3332.8, 3001.0], [3332.85, 1430.0], [3332.95, 4691.0], [3333.0, 100.0], [3333.05, 1400.0], [3333.15, 4691.0], [3333.2, 7351.0], [3333.3, 30601.0], [3333.35, 16311.0], [3333.45, 2113.0], [3333.5, 4780.0]]}}}
{"jsonrpc": "2.0", "method": "subscription", "params": {"channel": "book.ETH-PERPETUAL.none.20.100ms", "data": {"timestamp": 1768385732744, "change_id": 104815212266, "instrument_name": "ETH-PERPETUAL", "bids": [[3331.85, 35495.0], [3331.75, 19200.0], [3331.7, 13934.0], [3331.65, 38544.0], [3331.55, 19200.0], [3331.5, 41290.0], [3331.45, 5325.0], [3331.35, 18415.0], [3331.2, 51334.0], [3331.15, 3000.0], [3331.1, 800.0], [3331.05, 2613.0], [3331.0, 4772.0], [3330.95, 4678.0], [3330.75, 16127.0], [3330.7, 50000.0], [3330.6, 4617.0], [3330.35, 1378.0], [3330.3, 4617.0], [3330.25, 324.0]], "asks": [[3331.9, 12874.0], [3332.1, 7709.0], [3332.2, 19314.0], [3332.25, 17478.0], [3332.3, 27703.0], [3332.5, 1647.0], [3332.55, 25.0], [3332.7, 16154.0], [3332.75, 54691.0], [3332.8, 3001.0], [3332.85, 1430.0], [3332.95, 4691.0], [3333.0, 100.0], [3333.05, 1400.0], [3333.15, 4691.0], [3333.2, 7351.0], [3333.3, 30601.0], [3333.35, 16311.0], [3333.45, 2113.0], [3333.5, 4780.0]]}}}
{"jsonrpc": "2.0", "method": "subscription", "params": {"channel": "book.ETH-PERPETUAL.none.20.100ms", "data": {"timestamp": 1768385733011, "change_id": 104815212366, "instrument_name": "ETH-PERPETUAL", "bids": [[3331.85, 35495.0], [3331.8, 13911.0], [3331.75, 19200.0], [3331.7, 8203.0], [3331.65, 38544.0], [3331.55, 19200.0], [3331.5, 41290.0], [3331.45, 5325.0], [3331.35, 18415.0], [3331.2, 51334.0], [3331.15, 3000.0], [3331.1, 800.0], [3331.05, 2613.0], [3331.0, 4772.0], [3330.95, 4678.0], [3330.75, 16127.0], [3330.7, 50000.0], [3330.6, 4617.0], [3330.35, 1378.0], [3330.3, 4617.0]], "asks": [[3331.9, 12874.0], [3332.1, 7709.0], [3332.2, 19314.0], [3332.25, 17478.0], [3332.3, 27703.0], [3332.5, 1647.0], [3332.55, 25.0], [3332.7, 16154.0], [3332.75, 54691.0], [3332.8, 3001.0], [3332.85, 1430.0], [3332.95, 4691.0], [3333.0, 100.0], [3333.05, 1400.0], [3333.15, 4691.0], [3333.2, 7351.0], [3333.3, 30601.0], [3333.35, 16311.0], [3333.45, 2113.0], [3333.5, 4780.0]]}}}
{"jsonrpc": "2.0", "method": "subscription", "params": {"channel": "book.ETH-PERPETUAL.none.20.100ms", "data": {"timestamp": 1768385733346, "change_id": 104815212695, "instrument_name": "ETH-PERPETUAL", "bids": [[3331.85, 35495.0], [3331.8, 13911.0], [3331.75, 19200.0], [3331.7, 8203.0], [3331.65, 38544.0], [3331.55, 19200.0], [3331.5, 41290.0], [3331.45, 5325.0], [3331.35, 18415.0], [3331.25, 3000.0], [3331.2, 50200.0], [3331.1, 800.0], [3331.05, 2613.0], [3331.0, 4772.0], [3330.95, 4678.0], [3330.75, 16127.0], [3330.7, 50000.0], [3330.6, 4617.0], [3330.35, 1378.0], [3330.3, 4617.0]], "asks": [[3331.9, 11185.0], [3332.1, 7709.0], [3332.2, 19314.0], [3332.25, 17478.0], [3332.3, 27703.0], [3332.5, 1647.0], [3332.55, 25.0], [3332.7, 16154.0], [3332.75, 54691.0], [3332.85, 1430.0], [3332.9, 3001.0], [3332.95, 4691.0], [3333.0, 100.0], [3333.05, 1400.0], [3333.15, 4691.0], [3333.2, 7351.0], [3333.3, 30601.0], [3333.35, 16311.0], [3333.45, 2113.0], [3333.5, 4780.0]]}}}
{"jsonrpc": "2.0", "method": "subscription", "params": {"channel": "book.ETH-PERPETUAL.none.20.100ms", "data": {"timestamp": 1768385733733, "change_id": 104815213164, "instrument_name": "ETH-PERPETUAL", "bids": [[3331.85, 53272.0], [3331.8, 8180.0], [3331.75, 19200.0], [3331.7, 1000.0], [3331.65, 18665.0], [3331.55, 19200.0], [3331.5, 20790.0], [3331.45, 5325.0], [3331.35, 18415.0], [3331.3, 20500.0], [3331.2, 51334.0], [3331.15, 3000.0], [3331.1, 800.0], [3331.05, 2613.0], [3331.0, 4772.0], [3330.95, 4678.0], [3330.75, 16127.0], [3330.7, 50000.0], [3330.6, 4617.0], [3330.35, 1378.0]], "asks": [[3331.9, 22366.0], [3332.0, 4985.0], [3332.05, 16700.0], [3332.1, 14330.0], [3332.15, 20500.0], [3332.2, 15814.0], [3332.25, 12571.0], [3332.3, 7203.0], [3332.5, 1647.0], [3332.55, 25.0], [3332.7, 16154.0], [3332.75, 54691.0], [3332.8, 3001.0], [3332.85, 1430.0], [3332.95, 4691.0], [3333.0, 100.0], [3333.05, 1400.0], [3333.15, 4691.0], [3333.25, 20011.0], [3333.3, 10590.0]]}}}
{"jsonrpc": "2.0", "method": "subscription", "params": {"channel": "book.ETH-PERPETUAL.none.20.100ms", "data": {"timestamp": 1768385734021, "change_id": 104815213378, "instrument_name": "ETH-PERPETUAL", "bids": [[3331.85, 53272.0], [3331.8, 8180.0], [3331.75, 19200.0], [3331.7, 1000.0], [3331.65, 18665.0], [3331.55, 19200.0], [3331.5, 20790.0], [3331.45, 5325.0], [3331.35, 18415.0], [3331.3, 20500.0], [3331.2, 51334.0], [3331.15, 3000.0], [3331.1, 800.0], [3331.05, 2613.0], [3331.0, 4772.0], [3330.95, 4678.0], [3330.75, 16127.0], [3330.7, 51259.0], [3330.6, 4617.0], [3330.35, 1378.0]], "asks": [[3331.9, 22366.0], [3332.0, 4985.0], [3332.05, 16700.0], [3332.1, 14330.0], [3332.15, 20500.0], [3332.2, 15814.0], [3332.25, 12571.0], [3332.3, 7203.0], [3332.5, 1647.0], [3332.55, 25.0], [3332.7, 16154.0], [3332.75, 54691.0], [3332.8, 3001.0], [3332.85, 1430.0], [3332.95, 4691.0], [3333.0, 100.0], [3333.05, 1400.0], [3333.15, 4691.0], [3333.25, 20011.0], [3333.3, 4617.0]]}}}
{"jsonrpc": "2.0", "method": "subscription", "params": {"channel": "book.ETH-PERPETUAL.none.20.100ms", "data": {"timestamp": 1768385734293, "change_id": 104815213698, "instrument_name": "ETH-PERPETUAL", "bids": [[3331.85, 53272.0], [3331.8, 8180.0], [3331.75, 19200.0], [3331.65, 18665.0], [3331.55, 19200.0], [3331.5, 20790.0], [3331.45, 5325.0], [3331.35, 18415.0], [3331.3, 20500.0], [3331.2, 51334.0], [3331.15, 3000.0], [3331.1, 800.0], [3331.05, 2613.0], [3331.0, 4772.0], [3330.95, 4678.0], [3330.75, 16127.0], [3330.7, 51259.0], [3330.6, 4617.0], [3330.35, 1378.0], [3330.3, 4617.0]], "asks": [[3331.9, 22366.0], [3332.0, 4985.0], [3332.05, 16700.0], [3332.1, 14330.0], [3332.15, 20500.0], [3332.2, 15814.0], [3332.25, 12571.0], [3332.3, 7203.0], [3332.5, 1647.0], [3332.55, 25.0], [3332.7, 16154.0], [3332.75, 54691.0], [3332.8, 3001.0], [3332.85, 1430.0], [3332.95, 4691.0], [3333.0, 100.0], [3333.05, 1400.0], [3333.15, 4691.0], [3333.2, 7351.0], [3333.25, 20011.0]]}}}
{"jsonrpc": "2.0", "method": "subscription", "params": {"channel": "book.ETH-PERPETUAL.none.20.100ms", "data": {"timestamp": 1768385734722, "change_id": 104815214159, "instrument_name": "ETH-PERPETUAL", "bids": [[3331.85, 53272.0], [3331.8, 2150.0], [3331.65, 18665.0], [3331.55, 19200.0], [3331.5, 26317.0], [3331.45, 5325.0], [3331.4, 19200.0], [3331.35, 18415.0], [3331.3, 20500.0], [3331.25, 3000.0], [3331.2, 50200.0], [3331.1, 800.0], [3331.05, 2613.0], [3331.0, 4772.0], [3330.95, 4678.0], [3330.75, 16127.0], [3330.7, 51259.0], [3330.6, 4617.0], [3330.35, 1378.0], [3330.3, 4617.0]], "asks": [[3331.9, 15166.0], [3332.0, 5045.0], [3332.05, 16900.0], [3332.1, 14330.0], [3332.15, 20500.0], [3332.2, 15814.0], [3332.25, 12571.0], [3332.3, 7203.0], [3332.5, 1647.0], [3332.55, 25.0], [3332.7, 16154.0], [3332.75, 54691.0], [3332.85, 1430.0], [3332.9, 3001.0], [3332.95, 4691.0], [3333.0, 100.0], [3333.05, 1400.0], [3333.15, 4691.0], [3333.2, 7351.0], [3333.25, 20011.0]]}}}
{"jsonrpc": "2.0", "method": "subscription", "params": {"channel": "book.ETH-PERPETUAL.none.20.100ms", "data": {"timestamp": 1768385735034, "change_id": 104815214343, "instrument_name": "ETH-PERPETUAL", "bids": [[3331.85, 53272.0], [3331.8, 2150.0], [3331.65, 18665.0], [3331.55, 19200.0], [3331.5, 26317.0], [3331.45, 5325.0], [3331.4, 19200.0], [3331.35, 18415.0], [3331.3, 20500.0], [3331.25, 3000.0], [3331.2, 50200.0], [3331.1, 800.0], [3331.05, 2613.0], [3331.0, 4772.0], [3330.95, 4678.0], [3330.75, 16127.0], [3330.7, 51259.0], [3330.6, 4617.0], [3330.35, 1378.0], [3330.3, 4617.0]], "asks": [[3331.9, 15166.0], [3332.0, 5045.0], [3332.05, 16900.0], [3332.1, 14330.0], [3332.15, 20500.0], [3332.2, 15814.0], [3332.25, 12571.0], [3332.3, 7203.0], [3332.5, 1647.0], [3332.55, 25.0], [3332.7, 16154.0], [3332.75, 54691.0], [3332.85, 1430.0], [3332.9, 3001.0], [3332.95, 4691.0], [3333.0, 100.0], [3333.05, 1400.0], [3333.15, 4691.0], [3333.2, 7351.0], [3333.25, 20011.0]]}}}
{"jsonrpc": "2.0", "method": "subscription", "params": {"channel": "book.ETH-PERPETUAL.none.20.100ms", "data": {"timestamp": 1768385735365, "change_id": 104815214697, "instrument_name": "ETH-PERPETUAL", "bids": [[3331.85, 53272.0], [3331.8, 2150.0], [3331.65, 18665.0], [3331.55, 19200.0], [3331.5, 26317.0], [3331.45, 5325.0], [3331.4, 19200.0], [3331.35, 21415.0], [3331.3, 20500.0], [3331.2, 50200.0], [3331.1, 800.0], [3331.05, 2613.0], [3331.0, 4772.0], [3330.95, 4678.0], [3330.75, 16127.0], [3330.7, 51259.0], [3330.6, 4617.0], [3330.35, 1378.0], [3330.3, 4617.0], [3330.25, 324.0]], "asks": [[3331.9, 15166.0], [3332.0, 5045.0], [3332.05, 16900.0], [3332.1, 14330.0], [3332.15, 20500.0], [3332.2, 15814.0], [3332.25, 12571.0], [3332.3, 7203.0], [3332.5, 1647.0], [3332.55, 25.0], [3332.7, 16154.0], [3332.75, 54691.0], [3332.85, 1430.0], [3332.95, 4691.0], [3333.0, 3101.0], [3333.05, 1400.0], [3333.15, 4691.0], [3333.2, 7351.0], [3333.25, 20011.0], [3333.3, 9572.0]]}}}
{"jsonrpc": "2.0", "method": "subscription", "params": {"channel": "book.ETH-PERPETUAL.none.20.100ms", "data": {"timestamp": 1768385735712, "change_id": 104815215037, "instrument_name": "ETH-PERPETUAL", "bids": [[3331.85, 53272.0], [3331.8, 7606.0], [3331.7, 19200.0], [3331.65, 18665.0], [3331.55, 19200.0], [3331.5, 26317.0], [3331.45, 5325.0], [3331.4, 19200.0], [3331.35, 18415.0], [3331.3, 20500.0], [3331.25, 3000.0], [3331.2, 50200.0], [3331.1, 800.0], [3331.05, 2613.0], [3331.0, 4772.0], [3330.95, 4678.0], [3330.75, 16127.0], [3330.7, 51259.0], [3330.6, 4617.0], [3330.35, 1378.0]], "asks": [[3331.9, 15166.0], [3332.0, 5045.0], [3332.05, 16900.0], [3332.1, 14330.0], [3332.15, 20500.0], [3332.2, 15814.0], [3332.25, 12571.0], [3332.3, 7203.0], [3332.5, 1647.0], [3332.55, 25.0], [3332.7, 16154.0], [3332.75, 54691.0], [3332.85, 1430.0], [3332.9, 3001.0], [3332.95, 4691.0], [3333.0, 100.0], [3333.05, 1400.0], [3333.15, 4691.0], [3333.2, 7351.0], [3333.25, 20011.0]]}}}
{"jsonrpc": "2.0", "method": "subscription", "params": {"channel": "book.ETH-PERPETUAL.none.20.100ms", "data": {"timestamp": 1768385735967, "change_id": 104815215248, "instrument_name": "ETH-PERPETUAL", "bids": [[3331.85, 53272.0], [3331.8, 7606.0], [3331.7, 19200.0], [3331.65, 18665.0], [3331.55, 19200.0], [3331.5, 26317.0], [3331.45, 5325.0], [3331.4, 19200.0], [3331.35, 18415.0], [3331.3, 20500.0], [3331.25, 3000.0], [3331.2, 50200.0], [3331.1, 800.0], [3331.05, 2613.0], [3331.0, 4772.0], [3330.95, 4678.0], [3330.75, 16127.0], [3330.7, 51259.0], [3330.6, 4617.0], [3330.35, 1378.0]], "asks": [[3331.9, 15166.0], [3332.0, 5045.0], [3332.05, 16900.0], [3332.1, 14330.0], [3332.15, 20500.0], [3332.2, 15814.0], [3332.25, 12571.0], [3332.3, 7203.0], [3332.5, 1647.0], [3332.55, 25.0], [3332.7, 16154.0], [3332.75, 54691.0], [3332.85, 1430.0], [3332.9, 3001.0], [3332.95, 4691.0], [3333.0, 100.0], [3333.05, 1400.0], [3333.15, 4691.0], [3333.2, 7351.0], [3333.25, 20011.0]]}}}
{"jsonrpc": "2.0", "method": "subscription", "params": {"channel": "book.ETH-PERPETUAL.none.20.100ms", "data": {"timestamp": 1768385736353, "change_id": 104815215654, "instrument_name": "ETH-PERPETUAL", "bids": [[3331.85, 53272.0], [3331.8, 7606.0], [3331.7, 19200.0], [3331.65, 18665.0], [3331.55, 19200.0], [3331.5, 26317.0], [3331.45, 5325.0], [3331.4, 19200.0], [3331.35, 21415.0], [3331.3, 20500.0], [3331.2, 50200.0], [3331.1, 800.0], [3331.05, 2613.0], [3331.0, 4772.0], [3330.95, 4678.0], [3330.75, 16127.0], [3330.7, 51259.0], [3330.6, 4617.0], [3330.35, 1378.0], [3330.3, 4617.0]], "asks": [[3331.9, 15166.0], [3332.0, 5045.0], [3332.05, 16900.0], [3332.1, 8152.0], [3332.2, 15814.0], [3332.25, 19628.0], [3332.3, 7203.0], [3332.35, 20500.0], [3332.5, 1647.0], [3332.55, 25.0], [3332.7, 16154.0], [3332.75, 54691.0], [3332.9, 2326.0], [3332.95, 4691.0], [3333.0, 3101.0], [3333.05, 1400.0], [3333.15, 4691.0], [3333.2, 7351.0], [3333.3, 29583.0], [3333.35, 16600.0]]}}}
{"jsonrpc": "2.0", "method": "subscription", "params": {"channel": "book.ETH-PERPETUAL.none.20.100ms", "data": {"timestamp": 1768385736698, "change_id": 104815216104, "instrument_name": "ETH-PERPETUAL", "bids": [[3331.85, 29431.0], [3331.8, 7606.0], [3331.7, 19200.0], [3331.65, 18665.0], [3331.55, 19200.0], [3331.5, 26317.0], [3331.45, 5325.0], [3331.4, 19200.0], [3331.35, 18415.0], [3331.3, 20500.0], [3331.25, 3000.0], [3331.2, 50200.0], [3331.1, 800.0], [3331.05, 2613.0], [3331.0, 4772.0], [3330.95, 4678.0], [3330.75, 16127.0], [3330.7, 51259.0], [3330.6, 4617.0], [3330.35, 1378.0]], "asks": [[3331.9, 28239.0], [3332.0, 5045.0], [3332.05, 16900.0], [3332.1, 13229.0], [3332.2, 36314.0], [3332.25, 12571.0], [3332.3, 7203.0], [3332.5, 1647.0], [3332.55, 25.0], [3332.7, 16154.0], [3332.75, 54691.0], [3332.9, 3001.0], [3332.95, 4691.0], [3333.0, 100.0], [3333.05, 1400.0], [3333.15, 4691.0], [3333.25, 20011.0], [3333.3, 9572.0], [3333.35, 16600.0], [3333.45, 2113.0]]}}}
{"jsonrpc": "2.0", "method": "subscription", "params": {"channel": "book.ETH-PERPETUAL.none.20.100ms", "data": {"timestamp": 1768385737037, "change_id": 104815216305, "instrument_name": "ETH-PERPETUAL", "bids": [[3331.85, 29431.0], [3331.8, 7606.0], [3331.7, 19200.0], [3331.65, 18665.0], [3331.55, 19200.0], [3331.5, 26317.0], [3331.45, 5325.0], [3331.4, 19200.0], [3331.35, 18415.0], [3331.3, 20500.0], [3331.25, 3000.0], [3331.2, 50200.0], [3331.1, 800.0], [3331.05, 2613.0], [3331.0, 4772.0], [3330.95, 4678.0], [3330.75, 16127.0], [3330.7, 51259.0], [3330.6, 4617.0], [3330.35, 1378.0]], "asks": [[3331.9, 28239.0], [3332.0, 5045.0], [3332.05, 16900.0], [3332.1, 13229.0], [3332.2, 36314.0], [3332.25, 12571.0], [3332.3, 7203.0], [3332.5, 1647.0], [3332.55, 25.0], [3332.7, 16154.0], [3332.75, 54691.0], [3332.9, 3001.0], [3332.95, 4691.0], [3333.0, 100.0], [3333.05, 1400.0], [3333.15, 4691.0], [3333.25, 20011.0], [3333.3, 9572.0], [3333.35, 16600.0], [3333.45, 2113.0]]}}}
{"jsonrpc": "2.0", "method": "subscription", "params": {"channel": "book.ETH-PERPETUAL.none.20.100ms", "data": {"timestamp": 1768385737289, "change_id": 104815216650, "instrument_name": "ETH-PERPETUAL", "bids": [[3331.85, 10231.0], [3331.8, 7606.0], [3331.7, 19200.0], [3331.65, 11462.0], [3331.55, 19200.0], [3331.5, 22736.0], [3331.45, 5325.0], [3331.4, 7203.0], [3331.35, 18415.0], [3331.3, 20500.0], [3331.25, 3000.0], [3331.2, 50200.0], [3331.1, 800.0], [3331.05, 2613.0], [3331.0, 4772.0], [3330.95, 4678.0], [3330.75, 16127.0], [3330.7, 51259.0], [3330.6, 4617.0], [3330.35, 1378.0]], "asks": [[3331.9, 28239.0], [3332.0, 5045.0], [3332.05, 16900.0], [3332.1, 13229.0], [3332.2, 36314.0], [3332.25, 12571.0], [3332.3, 7203.0], [3332.5, 1647.0], [3332.55, 25.0], [3332.7, 16154.0], [3332.75, 54691.0], [3332.9, 3001.0], [3332.95, 4691.0], [3333.0, 100.0], [3333.05, 1400.0], [3333.15, 4691.0], [3333.2, 7351.0], [3333.25, 20011.0], [3333.3, 9572.0], [3333.35, 16600.0]]}}}
{"jsonrpc": "2.0", "method": "subscription", "params": {"channel": "book.ETH-PERPETUAL.none.20.100ms", "data": {"timestamp": 1768385737688, "change_id": 104815217088, "instrument_name": "ETH-PERPETUAL", "bids": [[3331.85, 41296.0], [3331.8, 7606.0], [3331.7, 19200.0], [3331.65, 11462.0], [3331.55, 19200.0], [3331.5, 22736.0], [3331.45, 5325.0], [3331.4, 7203.0], [3331.35, 18415.0], [3331.3, 20500.0], [3331.25, 3000.0], [3331.2, 50200.0], [3331.1, 800.0], [3331.05, 2613.0], [3331.0, 4772.0], [3330.95, 4678.0], [3330.75, 16127.0], [3330.7, 51259.0], [3330.6, 4617.0], [3330.35, 1378.0]], "asks": [[3331.9, 20424.0], [3332.0, 5045.0], [3332.05, 16900.0], [3332.1, 8152.0], [3332.2, 20614.0], [3332.25, 12571.0], [3332.3, 7203.0], [3332.5, 1647.0], [3332.55, 25.0], [3332.7, 16154.0], [3332.75, 54691.0], [3332.9, 3001.0], [3332.95, 4691.0], [3333.0, 100.0], [3333.05, 1400.0], [3333.15, 4691.0], [3333.2, 7351.0], [3333.25, 20011.0], [3333.3, 9572.0], [3333.35, 16600.0]]}}}
{"jsonrpc": "2.0", "method": "subscription", "params": {"channel": "book.ETH-PERPETUAL.none.20.100ms", "data": {"timestamp": 1768385737926, "change_id": 104815217284, "instrument_name": "ETH-PERPETUAL", "bids": [[3331.85, 41296.0], [3331.8, 7606.0], [3331.7, 19200.0], [3331.65, 11462.0], [3331.55, 19200.0], [3331.5, 22736.0], [3331.45, 5325.0], [3331.4, 7203.0], [3331.35, 18415.0], [3331.3, 20500.0], [3331.25, 3000.0], [3331.2, 50200.0], [3331.1, 800.0], [3331.05, 2613.0], [3331.0, 4772.0], [3330.95, 4678.0], [3330.75, 16127.0], [3330.7, 51259.0], [3330.6, 4617.0], [3330.35, 1378.0]], "asks": [[3331.9, 14024.0], [3332.0, 5045.0], [3332.05, 16900.0], [3332.1, 8152.0], [3332.2, 20614.0], [3332.25, 12571.0], [3332.3, 7203.0], [3332.5, 1647.0], [3332.55, 25.0], [3332.7, 16154.0], [3332.75, 54691.0], [3332.9, 3001.0], [3332.95, 4691.0], [3333.0, 100.0], [3333.05, 1400.0], [3333.15, 4691.0], [3333.2, 7351.0], [3333.25, 20011.0], [3333.3, 9572.0], [3333.35, 16600.0]]}}}
{"jsonrpc": "2.0", "method": "subscription", "params": {"channel": "book.ETH-PERPETUAL.none.20.100ms", "data": {"timestamp": 1768385738350, "change_id": 104815217618, "instrument_name": "ETH-PERPETUAL", "bids": [[3331.85, 41296.0], [3331.8, 7606.0], [3331.7, 19200.0], [3331.65, 11462.0], [3331.55, 19200.0], [3331.5, 22736.0], [3331.45, 5325.0], [3331.4, 7203.0], [3331.35, 18415.0], [3331.3, 20500.0], [3331.25, 3000.0], [3331.2, 50200.0], [3331.1, 800.0], [3331.05, 2613.0], [3331.0, 4772.0], [3330.95, 4678.0], [3330.75, 16127.0], [3330.7, 51259.0], [3330.6, 4617.0], [3330.35, 1378.0]], "asks": [[3331.9, 14024.0], [3332.0, 5045.0], [3332.05, 16900.0], [3332.1, 8152.0], [3332.2, 20614.0], [3332.25, 12571.0], [3332.3, 7203.0], [3332.5, 1647.0], [3332.55, 25.0], [3332.7, 16154.0], [3332.75, 54691.0], [3332.85, 2326.0], [3332.9, 3001.0], [3332.95, 4691.0], [3333.0, 100.0], [3333.05, 1400.0], [3333.15, 4691.0], [3333.2, 7351.0], [3333.25, 20011.0], [3333.3, 9572.0]]}}}
{"jsonrpc": "2.0", "method": "subscription", "params": {"channel": "book.ETH-PERPETUAL.none.20.100ms", "data": {"timestamp": 1768385738677, "change_id": 104815218012, "instrument_name": "ETH-PERPETUAL", "bids": [[3331.85, 41296.0], [3331.8, 7606.0], [3331.7, 19200.0], [3331.65, 11462.0], [3331.55, 19200.0], [3331.5, 22736.0], [3331.45, 5325.0], [3331.4, 7203.0], [3331.35, 18415.0], [3331.3, 20500.0], [3331.25, 3000.0], [3331.2, 50200.0], [3331.1, 800.0], [3331.05, 2613.0], [3331.0, 4772.0], [3330.95, 4678.0], [3330.75, 16127.0], [3330.7, 51259.0], [3330.6, 4617.0], [3330.35, 1378.0]], "asks": [[3331.9, 18527.0], [3332.0, 5045.0], [3332.05, 16900.0], [3332.1, 8152.0], [3332.2, 20614.0], [3332.25, 12571.0], [3332.3, 7203.0], [3332.5, 1647.0], [3332.55, 25.0], [3332.7, 16154.0], [3332.75, 54691.0], [3332.85, 2326.0], [3332.9, 3001.0], [3332.95, 4691.0], [3333.0, 100.0], [3333.05, 1400.0], [3333.15, 4691.0], [3333.2, 7351.0], [3333.25, 20011.0], [3333.3, 9572.0]]}}}
{"jsonrpc": "2.0", "method": "subscription", "params": {"channel": "book.ETH-PERPETUAL.none.20.100ms", "data": {"timestamp": 1768385739012, "change_id": 104815218273, "instrument_name": "ETH-PERPETUAL", "bids": [[3331.85, 41296.0], [3331.8, 7606.0], [3331.7, 19200.0], [3331.65, 11462.0], [3331.55, 19200.0], [3331.5, 22736.0], [3331.45, 5325.0], [3331.4, 7203.0], [3331.35, 18415.0], [3331.3, 20500.0], [3331.25, 3000.0], [3331.2, 50200.0], [3331.1, 800.0], [3331.05, 2613.0], [3331.0, 4772.0], [3330.95, 4678.0], [3330.75, 16127.0], [3330.7, 51259.0], [3330.6, 4617.0], [3330.35, 1378.0]], "asks": [[3331.9, 11627.0], [3332.0, 5045.0], [3332.05, 16900.0], [3332.1, 8152.0], [3332.2, 20614.0], [3332.25, 12571.0], [3332.3, 7203.0], [3332.5, 1647.0], [3332.55, 25.0], [3332.7, 16154.0], [3332.75, 54691.0], [3332.85, 2326.0], [3332.9, 3001.0], [3332.95, 4691.0], [3333.0, 100.0], [3333.05, 1400.0], [3333.15, 4691.0], [3333.2, 7351.0], [3333.25, 20011.0], [3333.3, 9572.0]]}}}
{"jsonrpc": "2.0", "method": "subscription", "params": {"channel": "book.ETH-PERPETUAL.none.20.100ms", "data": {"timestamp": 1768385739356, "change_id": 104815218611, "instrument_name": "ETH-PERPETUAL", "bids": [[3331.85, 29431.0], [3331.8, 7606.0], [3331.7, 19200.0], [3331.65, 11462.0], [3331.55, 19200.0], [3331.5, 22736.0], [3331.45, 5325.0], [3331.4, 7203.0], [3331.35, 18415.0], [3331.3, 20500.0], [3331.25, 3000.0], [3331.2, 50200.0], [3331.1, 800.0], [3331.05, 2613.0], [3331.0, 4772.0], [3330.95, 4678.0], [3330.75, 16127.0], [3330.7, 51259.0], [3330.6, 4617.0], [3330.35, 1378.0]], "asks": [[3331.9, 11627.0], [3332.0, 5045.0], [3332.05, 16900.0], [3332.1, 8152.0], [3332.2, 20614.0], [3332.25, 12571.0], [3332.3, 7203.0], [3332.5, 1647.0], [3332.55, 25.0], [3332.7, 16154.0], [3332.75, 54691.0], [3332.9, 3001.0], [3332.95, 4691.0], [3333.0, 100.0], [3333.05, 1400.0], [3333.15, 4691.0], [3333.2, 7351.0], [3333.25, 20011.0], [3333.3, 9572.0], [3333.35, 16600.0]]}}}
{"jsonrpc": "2.0", "method": "subscription", "params": {"channel": "book.ETH-PERPETUAL.none.20.100ms", "data": {"timestamp": 1768385739686, "change_id": 104815219020, "instrument_name": "ETH-PERPETUAL", "bids": [[3331.85, 29431.0], [3331.7, 19200.0], [3331.65, 11462.0], [3331.55, 19200.0], [3331.5, 20790.0], [3331.45, 5325.0], [3331.35, 18415.0], [3331.3, 20500.0], [3331.25, 3000.0], [3331.2, 50200.0], [3331.1, 800.0], [3331.05, 2613.0], [3331.0, 4772.0], [3330.95, 4678.0], [3330.75, 16127.0], [3330.7, 51259.0], [3330.6, 4617.0], [3330.35, 1378.0], [3330.3, 4617.0], [3330.25, 324.0]], "asks": [[3331.9, 13589.0], [3332.0, 5045.0], [3332.05, 16900.0], [3332.1, 8152.0], [3332.2, 20614.0], [3332.25, 12571.0], [3332.3, 7203.0], [3332.5, 1647.0], [3332.55, 25.0], [3332.7, 16154.0], [3332.75, 54691.0], [3332.85, 2326.0], [3332.9, 3001.0], [3332.95, 4691.0], [3333.0, 100.0], [3333.05, 1400.0], [3333.15, 4691.0], [3333.2, 7351.0], [3333.25, 20011.0], [3333.3, 9572.0]]}}}
{"jsonrpc": "2.0", "method": "subscription", "params": {"channel": "book.ETH-PERPETUAL.none.20.100ms", "data": {"timestamp": 1768385740024, "change_id": 104815219281, "instrument_name": "ETH-PERPETUAL", "bids": [[3331.85, 29431.0], [3331.75, 5731.0], [3331.7, 19200.0], [3331.65, 11462.0], [3331.55, 19200.0], [3331.5, 22736.0], [3331.45, 12528.0], [3331.35, 18415.0], [3331.3, 20500.0], [3331.2, 51334.0], [3331.15, 3000.0], [3331.1, 800.0], [3331.05, 2613.0], [3331.0, 4772.0], [3330.95, 4678.0], [3330.75, 16503.0], [3330.7, 1259.0], [3330.6, 54617.0], [3330.35, 1378.0], [3330.3, 4617.0]], "asks": [[3331.9, 13589.0], [3332.0, 5045.0], [3332.05, 16900.0], [3332.1, 8152.0], [3332.2, 20614.0], [3332.25, 12571.0], [3332.3, 7203.0], [3332.5, 1647.0], [3332.55, 25.0], [3332.7, 16154.0], [3332.75, 54691.0], [3332.8, 3001.0], [3332.95, 4691.0], [3333.0, 100.0], [3333.05, 1400.0], [3333.15, 4691.0], [3333.25, 20011.0], [3333.3, 9572.0], [3333.35, 16600.0], [3333.45, 2113.0]]}}}
{"jsonrpc": "2.0", "method": "subscription", "params": {"channel": "book.ETH-PERPETUAL.none.20.100ms", "data": {"timestamp": 1768385740330, "change_id": 104815219625, "instrument_name": "ETH-PERPETUAL", "bids": [[3331.85, 10231.0], [3331.75, 5731.0], [3331.7, 19200.0], [3331.65, 11462.0], [3331.55, 19200.0], [3331.5, 22736.0], [3331.45, 12528.0], [3331.35, 18415.0], [3331.3, 20500.0], [3331.2, 51334.0], [3331.15, 3000.0], [3331.1, 800.0], [3331.05, 2613.0], [3331.0, 4772.0], [3330.95, 4678.0], [3330.75, 1378.0], [3330.7, 1259.0], [3330.6, 4617.0], [3330.5, 50000.0], [3330.35, 1378.0]], "asks": [[3331.9, 34089.0], [3332.0, 5045.0], [3332.05, 16900.0], [3332.1, 3466.0], [3332.2, 114.0], [3332.25, 12571.0], [3332.3, 7203.0], [3332.5, 1647.0], [3332.55, 25.0], [3332.7, 16154.0], [3332.75, 54691.0], [3332.9, 3001.0], [3332.95, 4691.0], [3333.0, 100.0], [3333.05, 1400.0], [3333.15, 4691.0], [3333.25, 20011.0], [3333.3, 9572.0], [3333.35, 16600.0], [3333.45, 2113.0]]}}}
{"jsonrpc": "2.0", "method": "subscription", "params": {"channel": "book.ETH-PERPETUAL.none.20.100ms", "data": {"timestamp": 1768385740654, "change_id": 104815219992, "instrument_name": "ETH-PERPETUAL", "bids": [[3331.85, 24331.0], [3331.75, 5731.0], [3331.7, 19200.0], [3331.65, 11462.0], [3331.55, 19200.0], [3331.5, 22736.0], [3331.45, 12528.0], [3331.35, 18415.0], [3331.3, 20500.0], [3331.2, 51334.0], [3331.15, 3000.0], [3331.1, 800.0], [3331.05, 2613.0], [3331.0, 4772.0], [3330.95, 4678.0], [3330.75, 1378.0], [3330.7, 1259.0], [3330.6, 4617.0], [3330.5, 50000.0], [3330.35, 1378.0]], "asks": [[3331.9, 53289.0], [3332.0, 5045.0], [3332.05, 16900.0], [3332.1, 3466.0], [3332.2, 114.0], [3332.25, 12571.0], [3332.3, 7203.0], [3332.5, 1647.0], [3332.55, 25.0], [3332.7, 16154.0], [3332.75, 54691.0], [3332.9, 3001.0], [3332.95, 4691.0], [3333.0, 100.0], [3333.05, 1400.0], [3333.15, 4691.0], [3333.25, 20011.0], [3333.3, 9572.0], [3333.35, 16600.0], [3333.45, 2113.0]]}}}
{"jsonrpc": "2.0", "method": "subscription", "params": {"channel": "book.ETH-PERPETUAL.none.20.100ms", "data": {"timestamp": 1768385741005, "change_id": 104815220526, "instrument_name": "ETH-PERPETUAL", "bids": [[3331.85, 5231.0], [3331.8, 5000.0], [3331.6, 11462.0], [3331.55, 19200.0], [3331.5, 20350.0], [3331.45, 3854.0], [3331.35, 18415.0], [3331.2, 64512.0], [3331.1, 800.0], [3331.05, 23113.0], [3331.0, 4772.0], [3330.95, 4678.0], [3330.8, 3000.0], [3330.75, 1378.0], [3330.7, 1259.0], [3330.6, 4617.0], [3330.35, 1378.0], [3330.3, 4617.0], [3330.25, 50324.0], [3330.15, 14469.0]], "asks": [[3331.9, 53613.0], [3332.0, 5045.0], [3332.05, 24103.0], [3332.1, 3466.0], [3332.2, 114.0], [3332.25, 12571.0], [3332.5, 1647.0], [3332.55, 15846.0], [3332.6, 50000.0], [3332.65, 3001.0], [3332.7, 1400.0], [3332.75, 4691.0], [3332.95, 4691.0], [3333.0, 100.0], [3333.05, 1400.0], [3333.1, 20011.0], [3333.15, 4691.0], [3333.3, 9572.0], [3333.35, 16600.0], [3333.4, 17787.0]]}}}
{"jsonrpc": "2.0", "method": "subscription", "params": {"channel": "book.ETH-PERPETUAL.none.20.100ms", "data": {"timestamp": 1768385741340, "change_id": 104815220900, "instrument_name": "ETH-PERPETUAL", "bids": [[3331.85, 5231.0], [3331.8, 5000.0], [3331.55, 19200.0], [3331.5, 1150.0], [3331.45, 3854.0], [3331.35, 18415.0], [3331.2, 64512.0], [3331.1, 800.0], [3331.05, 23113.0], [3331.0, 4772.0], [3330.95, 4678.0], [3330.9, 1335.0], [3330.85, 1471.0], [3330.8, 3000.0], [3330.75, 1378.0], [3330.7, 1259.0], [3330.6, 4617.0], [3330.35, 1378.0], [3330.3, 4617.0], [3330.25, 50324.0]], "asks": [[3331.9, 53613.0], [3332.0, 5045.0], [3332.05, 24103.0], [3332.1, 3466.0], [3332.2, 114.0], [3332.25, 12571.0], [3332.45, 1395.0], [3332.5, 1647.0], [3332.55, 18847.0], [3332.6, 50000.0], [3332.7, 1400.0], [3332.75, 4691.0], [3332.95, 4691.0], [3333.0, 1178.0], [3333.05, 1400.0], [3333.1, 20011.0], [3333.15, 4691.0], [3333.3, 9572.0], [3333.4, 17787.0], [3333.45, 2113.0]]}}}
{"jsonrpc": "2.0", "method": "subscription", "params": {"channel": "book.ETH-PERPETUAL.none.20.100ms", "data": {"timestamp": 1768385741658, "change_id": 104815221272, "instrument_name": "ETH-PERPETUAL", "bids": [[3331.85, 5231.0], [3331.55, 19200.0], [3331.5, 1150.0], [3331.45, 3854.0], [3331.35, 18415.0], [3331.2, 64512.0], [3331.1, 800.0], [3331.05, 23113.0], [3331.0, 4772.0], [3330.95, 7678.0], [3330.85, 1471.0], [3330.75, 1378.0], [3330.7, 1259.0], [3330.6, 4617.0], [3330.35, 1378.0], [3330.3, 4617.0], [3330.25, 50324.0], [3330.15, 14469.0], [3330.05, 43758.0], [3330.0, 4714.0]], "asks": [[3331.9, 53613.0], [3331.95, 19000.0], [3332.0, 5045.0], [3332.05, 24103.0], [3332.1, 3466.0], [3332.2, 114.0], [3332.25, 12571.0], [3332.45, 1395.0], [3332.5, 1647.0], [3332.55, 18847.0], [3332.6, 50000.0], [3332.7, 1400.0], [3332.75, 4691.0], [3332.95, 4691.0], [3333.0, 1178.0], [3333.05, 1400.0], [3333.1, 20011.0], [3333.15, 4691.0], [3333.25, 16566.0], [3333.3, 9572.0]]}}}
{"jsonrpc": "2.0", "method": "subscription", "params": {"channel": "book.ETH-PERPETUAL.none.20.100ms", "data": {"timestamp": 1768385741909, "change_id": 104815221538, "instrument_name": "ETH-PERPETUAL", "bids": [[3331.85, 5231.0], [3331.55, 19200.0], [3331.5, 1150.0], [3331.45, 3854.0], [3331.35, 18415.0], [3331.2, 64512.0], [3331.1, 800.0], [3331.05, 23113.0], [3331.0, 4772.0], [3330.95, 4678.0], [3330.9, 3000.0], [3330.85, 1471.0], [3330.75, 1378.0], [3330.7, 1259.0], [3330.6, 4617.0], [3330.35, 1378.0], [3330.3, 4617.0], [3330.25, 50324.0], [3330.15, 14469.0], [3330.05, 43758.0]], "asks": [[3331.9, 53613.0], [3331.95, 19000.0], [3332.0, 5045.0], [3332.05, 24103.0], [3332.1, 3466.0], [3332.2, 114.0], [3332.25, 12571.0], [3332.45, 1395.0], [3332.5, 1647.0], [3332.55, 18847.0], [3332.6, 50000.0], [3332.7, 1400.0], [3332.75, 4691.0], [3332.95, 4691.0], [3333.0, 1178.0], [3333.05, 1400.0], [3333.1, 20011.0], [3333.15, 4691.0], [3333.25, 16566.0], [3333.3, 9572.0]]}}}
{"jsonrpc": "2.0", "method": "subscription", "params": {"channel": "book.ETH-PERPETUAL.none.20.100ms", "data": {"timestamp": 1768385742297, "change_id": 104815221833, "instrument_name": "ETH-PERPETUAL", "bids": [[3331.85, 5231.0], [3331.55, 19200.0], [3331.5, 1150.0], [3331.45, 3854.0], [3331.35, 18415.0], [3331.2, 64512.0], [3331.1, 800.0], [3331.05, 23113.0], [3331.0, 4772.0], [3330.95, 4678.0], [3330.9, 3000.0], [3330.85, 1471.0], [3330.75, 1378.0], [3330.7, 1259.0], [3330.6, 4617.0], [3330.35, 1378.0], [3330.3, 19639.0], [3330.25, 50324.0], [3330.15, 14469.0], [3330.05, 43758.0]], "asks": [[3331.9, 53613.0], [3331.95, 19000.0], [3332.0, 5045.0], [3332.05, 24103.0], [3332.1, 3466.0], [3332.2, 114.0], [3332.25, 12571.0], [3332.45, 1395.0], [3332.5, 1647.0], [3332.55, 18847.0], [3332.6, 50000.0], [3332.7, 1400.0], [3332.75, 4691.0], [3332.95, 4691.0], [3333.0, 1178.0], [3333.05, 1400.0], [3333.1, 20011.0], [3333.15, 4691.0], [3333.2, 6323.0], [3333.25, 16566.0]]}}}
{"jsonrpc": "2.0", "method": "subscription", "params": {"channel": "book.ETH-PERPETUAL.none.20.100ms", "data": {"timestamp": 1768385742672, "change_id": 104815222187, "instrument_name": "ETH-PERPETUAL", "bids": [[3331.85, 5231.0], [3331.55, 19200.0], [3331.5, 1150.0], [3331.45, 3854.0], [3331.35, 18415.0], [3331.2, 64512.0], [3331.1, 800.0], [3331.05, 23113.0], [3331.0, 4772.0], [3330.95, 4678.0], [3330.9, 3000.0], [3330.85, 1471.0], [3330.75, 1378.0], [3330.7, 1259.0], [3330.6, 4617.0], [3330.35, 1378.0], [3330.3, 19639.0], [3330.25, 50324.0], [3330.15, 14469.0], [3330.05, 43758.0]], "asks": [[3331.9, 53613.0], [3331.95, 19000.0], [3332.0, 5045.0], [3332.05, 24103.0], [3332.1, 3466.0], [3332.2, 114.0], [3332.25, 12571.0], [3332.45, 1395.0], [3332.5, 1647.0], [3332.55, 18847.0], [3332.6, 50000.0], [3332.7, 1400.0], [3332.75, 4691.0], [3332.95, 4691.0], [3333.0, 1178.0], [3333.05, 1400.0], [3333.1, 20011.0], [3333.15, 4691.0], [3333.2, 6323.0], [3333.25, 16566.0]]}}}
{"jsonrpc": "2.0", "method": "subscription", "params": {"channel": "book.ETH-PERPETUAL.none.20.100ms", "data": {"timestamp": 1768385742910, "change_id": 104815222417, "instrument_name": "ETH-PERPETUAL", "bids": [[3331.85, 5231.0], [3331.55, 19200.0], [3331.5, 1150.0], [3331.45, 3854.0], [3331.35, 18415.0], [3331.2, 64512.0], [3331.1, 800.0], [3331.05, 23113.0], [3331.0, 4772.0], [3330.95, 4678.0], [3330.9, 3000.0], [3330.85, 1471.0], [3330.75, 1378.0], [3330.7, 1259.0], [3330.6, 4617.0], [3330.35, 1378.0], [3330.3, 19639.0], [3330.25, 50324.0], [3330.15, 14469.0], [3330.05, 43758.0]], "asks": [[3331.9, 53613.0], [3331.95, 19000.0], [3332.0, 5045.0], [3332.05, 24103.0], [3332.1, 3466.0], [3332.2, 114.0], [3332.25, 12571.0], [3332.45, 1395.0], [3332.5, 1647.0], [3332.55, 18847.0], [3332.6, 50000.0], [3332.7, 1400.0], [3332.75, 4691.0], [3332.95, 4691.0], [3333.0, 1178.0], [3333.05, 1400.0], [3333.1, 20011.0], [3333.15, 4691.0], [3333.2, 6323.0], [3333.25, 16566.0]]}}}
{"jsonrpc": "2.0", "method": "subscription", "params": {"channel": "book.ETH-PERPETUAL.none.20.100ms", "data": {"timestamp": 1768385743321, "change_id": 104815222708, "instrument_name": "ETH-PERPETUAL", "bids": [[3331.85, 5231.0], [3331.55, 19200.0], [3331.5, 1150.0], [3331.45, 3854.0], [3331.35, 18415.0], [3331.2, 64512.0], [3331.1, 800.0], [3331.05, 23113.0], [3331.0, 4772.0], [3330.95, 4678.0], [3330.9, 3000.0], [3330.85, 1471.0], [3330.75, 1378.0], [3330.7, 1259.0], [3330.6, 4617.0], [3330.35, 1378.0], [3330.3, 19639.0], [3330.25, 50324.0], [3330.15, 14469.0], [3330.05, 43758.0]], "asks": [[3331.9, 53613.0], [3331.95, 19000.0], [3332.0, 5045.0], [3332.05, 24103.0], [3332.1, 3466.0], [3332.2, 114.0], [3332.25, 12571.0], [3332.45, 1395.0], [3332.5, 1647.0], [3332.55, 18847.0], [3332.6, 50000.0], [3332.7, 1400.0], [3332.75, 4691.0], [3332.95, 4691.0], [3333.0, 1178.0], [3333.05, 1400.0], [3333.1, 20011.0], [3333.15, 4691.0], [3333.2, 6323.0], [3333.25, 16566.0]]}}}
{"jsonrpc": "2.0", "method": "subscription", "params": {"channel": "book.ETH-PERPETUAL.none.20.100ms", "data": {"timestamp": 1768385743661, "change_id": 104815223036, "instrument_name": "ETH-PERPETUAL", "bids": [[3331.85, 5231.0], [3331.8, 5000.0], [3331.55, 19200.0], [3331.5, 1150.0], [3331.45, 3854.0], [3331.35, 18415.0], [3331.2, 64512.0], [3331.1, 800.0], [3331.05, 23113.0], [3331.0, 4772.0], [3330.95, 4678.0], [3330.9, 3000.0], [3330.85, 1471.0], [3330.75, 1378.0], [3330.7, 1259.0], [3330.6, 4617.0], [3330.35, 1378.0], [3330.3, 19639.0], [3330.25, 50324.0], [3330.15, 14469.0]], "asks": [[3331.9, 34413.0], [3331.95, 19000.0], [3332.0, 5045.0], [3332.05, 24103.0], [3332.1, 3466.0], [3332.2, 114.0], [3332.25, 12571.0], [3332.45, 1395.0], [3332.5, 1647.0], [3332.55, 18847.0], [3332.6, 50000.0], [3332.7, 1400.0], [3332.75, 4691.0], [3332.95, 4691.0], [3333.0, 1178.0], [3333.05, 7195.0], [3333.1, 20011.0], [3333.15, 4691.0], [3333.2, 6323.0], [3333.25, 16566.0]]}}}
{"jsonrpc": "2.0", "method": "subscription", "params": {"channel": "book.ETH-PERPETUAL.none.20.100ms", "data": {"timestamp": 1768385743981, "change_id": 104815223580, "instrument_name": "ETH-PERPETUAL", "bids": [[3331.85, 4890.0], [3331.45, 2669.0], [3331.25, 14985.0], [3331.2, 50200.0], [3331.05, 4634.0], [3331.0, 11979.0], [3330.95, 4678.0], [3330.9, 800.0], [3330.85, 1471.0], [3330.8, 6119.0], [3330.75, 20500.0], [3330.7, 1378.0], [3330.65, 3000.0], [3330.6, 4617.0], [3330.35, 1378.0], [3330.3, 4617.0], [3330.25, 324.0], [3330.2, 50000.0], [3330.15, 14469.0], [3330.05, 43758.0]], "asks": [[3331.9, 34533.0], [3331.95, 19000.0], [3332.0, 5045.0], [3332.05, 24103.0], [3332.1, 3466.0], [3332.2, 114.0], [3332.25, 26284.0], [3332.35, 50000.0], [3332.4, 3001.0], [3332.5, 1647.0], [3332.7, 1400.0], [3332.75, 4691.0], [3332.9, 20011.0], [3332.95, 4691.0], [3333.0, 1178.0], [3333.05, 1400.0], [3333.15, 4691.0], [3333.2, 24110.0], [3333.25, 16566.0], [3333.3, 4617.0]]}}}
{"jsonrpc": "2.0", "method": "subscription", "params": {"channel": "book.ETH-PERPETUAL.none.20.100ms", "data": {"timestamp": 1768385744327, "change_id": 104815224009, "instrument_name": "ETH-PERPETUAL", "bids": [[3331.85, 4890.0], [3331.75, 5000.0], [3331.45, 2669.0], [3331.25, 14985.0], [3331.2, 57403.0], [3331.05, 9097.0], [3331.0, 5961.0], [3330.95, 4678.0], [3330.9, 22635.0], [3330.85, 1471.0], [3330.8, 3000.0], [3330.7, 1378.0], [3330.6, 4617.0], [3330.55, 1259.0], [3330.35, 1378.0], [3330.3, 4617.0], [3330.25, 324.0], [3330.2, 50000.0], [3330.15, 14469.0], [3330.05, 43758.0]], "asks": [[3331.9, 34533.0], [3331.95, 19000.0], [3332.0, 5045.0], [3332.05, 24103.0], [3332.2, 114.0], [3332.25, 14788.0], [3332.35, 50000.0], [3332.4, 1387.0], [3332.45, 3001.0], [3332.5, 1647.0], [3332.7, 1400.0], [3332.75, 4691.0], [3332.9, 20011.0], [3332.95, 4691.0], [3333.0, 1178.0], [3333.05, 1400.0], [3333.15, 4691.0], [3333.2, 24110.0], [3333.25, 16566.0], [3333.3, 4617.0]]}}}
{"jsonrpc": "2.0", "method": "subscription", "params": {"channel": "book.ETH-PERPETUAL.none.20.100ms", "data": {"timestamp": 1768385744612, "change_id": 104815224426, "instrument_name": "ETH-PERPETUAL", "bids": [[3331.85, 4890.0], [3331.75, 5000.0], [3331.5, 19200.0], [3331.45, 2669.0], [3331.25, 14985.0], [3331.2, 57403.0], [3331.05, 9097.0], [3331.0, 5961.0], [3330.95, 4678.0], [3330.9, 21300.0], [3330.85, 1471.0], [3330.7, 1378.0], [3330.65, 3000.0], [3330.6, 4617.0], [3330.55, 1259.0], [3330.35, 1378.0], [3330.3, 4617.0], [3330.25, 15249.0], [3330.2, 50000.0], [3330.15, 14469.0]], "asks": [[3331.9, 53708.0], [3331.95, 19000.0], [3332.0, 2150.0], [3332.05, 7203.0], [3332.2, 114.0], [3332.25, 14788.0], [3332.3, 3026.0], [3332.35, 50000.0], [3332.5, 1647.0], [3332.7, 1400.0], [3332.75, 4691.0], [3332.9, 20011.0], [3332.95, 4691.0], [3333.0, 1178.0], [3333.05, 1400.0], [3333.15, 16324.0], [3333.2, 17787.0], [3333.25, 16566.0], [3333.3, 4617.0], [3333.45, 39633.0]]}}}
{"jsonrpc": "2.0", "method": "subscription", "params": {"channel": "book.ETH-PERPETUAL.none.20.100ms", "data": {"timestamp": 1768385744977, "change_id": 104815224692, "instrument_name": "ETH-PERPETUAL", "bids": [[3331.85, 4890.0], [3331.7, 5000.0], [3331.5, 19200.0], [3331.45, 2669.0], [3331.25, 14985.0], [3331.2, 57403.0], [3331.05, 9097.0], [3331.0, 5961.0], [3330.95, 4678.0], [3330.9, 22635.0], [3330.85, 1471.0], [3330.75, 3000.0], [3330.7, 1378.0], [3330.6, 4617.0], [3330.55, 1259.0], [3330.35, 1378.0], [3330.3, 4617.0], [3330.25, 15249.0], [3330.2, 50000.0], [3330.15, 14469.0]], "asks": [[3331.9, 53708.0], [3331.95, 19000.0], [3332.0, 2150.0], [3332.05, 7203.0], [3332.2, 114.0], [3332.25, 14788.0], [3332.3, 25.0], [3332.35, 50000.0], [3332.4, 1387.0], [3332.45, 3001.0], [3332.5, 1647.0], [3332.7, 1400.0], [3332.75, 4691.0], [3332.9, 20011.0], [3332.95, 4691.0], [3333.0, 1178.0], [3333.05, 1400.0], [3333.15, 16324.0], [3333.2, 17787.0], [3333.25, 16566.0]]}}}
{"jsonrpc": "2.0", "method": "subscription", "params": {"channel": "book.ETH-PERPETUAL.none.20.100ms", "data": {"timestamp": 1768385745298, "change_id": 104815225056, "instrument_name": "ETH-PERPETUAL", "bids": [[3331.85, 4890.0], [3331.75, 5000.0], [3331.5, 19200.0], [3331.45, 2669.0], [3331.25, 14985.0], [3331.2, 57403.0], [3331.05, 9097.0], [3331.0, 5961.0], [3330.95, 7678.0], [3330.9, 21300.0], [3330.85, 1471.0], [3330.7, 1378.0], [3330.6, 4617.0], [3330.55, 1259.0], [3330.35, 1378.0], [3330.3, 4617.0], [3330.25, 15249.0], [3330.2, 50000.0], [3330.15, 14469.0], [3330.05, 43758.0]], "asks": [[3331.9, 53708.0], [3331.95, 19000.0], [3332.0, 2150.0], [3332.05, 7203.0], [3332.2, 114.0], [3332.25, 14788.0], [3332.3, 25.0], [3332.35, 50000.0], [3332.5, 1647.0], [3332.65, 3001.0], [3332.7, 1400.0], [3332.75, 4691.0], [3332.9, 20011.0], [3332.95, 4691.0], [3333.0, 1178.0], [3333.05, 1400.0], [3333.15, 16324.0], [3333.2, 17787.0], [3333.25, 16566.0], [3333.3, 4617.0]]}}}
{"jsonrpc": "2.0", "method": "subscription", "params": {"channel": "book.ETH-PERPETUAL.none.20.100ms", "data": {"timestamp": 1768385745601, "change_id": 104815225466, "instrument_name": "ETH-PERPETUAL", "bids": [[3331.85, 4890.0], [3331.75, 5000.0], [3331.5, 19200.0], [3331.45, 2669.0], [3331.25, 14985.0], [3331.2, 57403.0], [3331.05, 9097.0], [3331.0, 5961.0], [3330.95, 4678.0], [3330.9, 24300.0], [3330.85, 1471.0], [3330.7, 1378.0], [3330.6, 4617.0], [3330.55, 1259.0], [3330.35, 1378.0], [3330.3, 19639.0], [3330.25, 50324.0], [3330.15, 14469.0], [3330.05, 43758.0], [3330.0, 4714.0]], "asks": [[3331.9, 53708.0], [3331.95, 24581.0], [3332.0, 11495.0], [3332.05, 7203.0], [3332.15, 5288.0], [3332.2, 17714.0], [3332.25, 14788.0], [3332.3, 25.0], [3332.35, 50000.0], [3332.5, 1647.0], [3332.65, 3001.0], [3332.7, 1400.0], [3332.75, 4691.0], [3332.9, 20011.0], [3332.95, 4691.0], [3333.0, 1178.0], [3333.05, 1400.0], [3333.15, 16324.0], [3333.2, 17787.0], [3333.25, 16566.0]]}}}
{"jsonrpc": "2.0", "method": "subscription", "params": {"channel": "book.ETH-PERPETUAL.none.20.100ms", "data": {"timestamp": 1768385745909, "change_id": 104815225742, "instrument_name": "ETH-PERPETUAL", "bids": [[3331.85, 4890.0], [3331.8, 5000.0], [3331.5, 19200.0], [3331.45, 2669.0], [3331.25, 14985.0], [3331.2, 57403.0], [3331.05, 9097.0], [3331.0, 5961.0], [3330.95, 7678.0], [3330.9, 21300.0], [3330.85, 1471.0], [3330.7, 1378.0], [3330.6, 4617.0], [3330.55, 1259.0], [3330.35, 1378.0], [3330.3, 19639.0], [3330.25, 50324.0], [3330.15, 14469.0], [3330.05, 43758.0], [3330.0, 4714.0]], "asks": [[3331.9, 53708.0], [3331.95, 24581.0], [3332.0, 11495.0], [3332.05, 7203.0], [3332.15, 5288.0], [3332.2, 17714.0], [3332.25, 14788.0], [3332.3, 25.0], [3332.35, 50000.0], [3332.5, 1647.0], [3332.65, 3001.0], [3332.7, 1400.0], [3332.75, 4691.0], [3332.9, 20011.0], [3332.95, 4691.0], [3333.0, 1178.0], [3333.05, 1400.0], [3333.15, 16324.0], [3333.2, 17787.0], [3333.25, 16566.0]]}}}
{"jsonrpc": "2.0", "method": "subscription", "params": {"channel": "book.ETH-PERPETUAL.none.20.100ms", "data": {"timestamp": 1768385746111, "change_id": 104815225824, "instrument_name": "ETH-PERPETUAL", "bids": [[3331.85, 4890.0], [3331.8, 5000.0], [3331.5, 19200.0], [3331.45, 2669.0], [3331.25, 14985.0], [3331.2, 57403.0], [3331.05, 9097.0], [3331.0, 5961.0], [3330.95, 7678.0], [3330.9, 21300.0], [3330.85, 1471.0], [3330.7, 1378.0], [3330.6, 4617.0], [3330.55, 1259.0], [3330.35, 1378.0], [3330.3, 19639.0], [3330.25, 50324.0], [3330.15, 14469.0], [3330.05, 43758.0], [3330.0, 4714.0]], "asks": [[3331.9, 53708.0], [3331.95, 24581.0], [3332.0, 11495.0], [3332.05, 7203.0], [3332.15, 5288.0], [3332.2, 17714.0], [3332.25, 14788.0], [3332.3, 25.0], [3332.35, 50000.0], [3332.5, 1647.0], [3332.65, 3001.0], [3332.7, 1400.0], [3332.75, 4691.0], [3332.9, 20011.0], [3332.95, 4691.0], [3333.0, 1178.0], [3333.05, 1400.0], [3333.15, 16324.0], [3333.2, 17787.0], [3333.25, 16566.0]]}}}
{"jsonrpc": "2.0", "method": "subscription", "params": {"channel": "book.ETH-PERPETUAL.none.20.100ms", "data": {"timestamp": 1768385746642, "change_id": 104815226968, "instrument_name": "ETH-PERPETUAL", "bids": [[3331.85, 39970.0], [3331.75, 2150.0], [3331.7, 7203.0], [3331.6, 1000.0], [3331.55, 7202.0], [3331.5, 20373.0], [3331.45, 3928.0], [3331.25, 14985.0], [3331.2, 70700.0], [3331.05, 6415.0], [3331.0, 5961.0], [3330.95, 4678.0], [3330.9, 800.0], [3330.7, 1378.0], [3330.6, 4617.0], [3330.35, 16127.0], [3330.3, 54617.0], [3330.25, 324.0], [3330.15, 14469.0], [3330.05, 43758.0]], "asks": [[3331.9, 32986.0], [3332.1, 6153.0], [3332.15, 20500.0], [3332.2, 114.0], [3332.3, 2150.0], [3332.35, 7203.0], [3332.4, 15417.0], [3332.45, 50000.0], [3332.5, 1647.0], [3332.7, 4401.0], [3332.75, 4691.0], [3332.9, 25.0], [3332.95, 4691.0], [3333.0, 100.0], [3333.05, 7195.0], [3333.1, 20011.0], [3333.15, 4691.0], [3333.3, 4617.0], [3333.35, 34234.0], [3333.4, 11200.0]]}}}
{"jsonrpc": "2.0", "method": "subscription", "params": {"channel": "book.ETH-PERPETUAL.none.20.100ms", "data": {"timestamp": 1768385746965, "change_id": 104815227292, "instrument_name": "ETH-PERPETUAL", "bids": [[3331.85, 20770.0], [3331.75, 2150.0], [3331.7, 7203.0], [3331.6, 1000.0], [3331.55, 7202.0], [3331.5, 20373.0], [3331.45, 3928.0], [3331.25, 14985.0], [3331.2, 70700.0], [3331.05, 3415.0], [3331.0, 5961.0], [3330.95, 7678.0], [3330.9, 800.0], [3330.7, 1378.0], [3330.6, 4617.0], [3330.35, 16127.0], [3330.3, 54617.0], [3330.25, 324.0], [3330.15, 14469.0], [3330.05, 43758.0]], "asks": [[3331.9, 32986.0], [3332.1, 10948.0], [3332.15, 27703.0], [3332.2, 11609.0], [3332.4, 15417.0], [3332.45, 50000.0], [3332.5, 1647.0], [3332.65, 3001.0], [3332.7, 1400.0], [3332.75, 4691.0], [3332.9, 25.0], [3332.95, 4691.0], [3333.0, 20111.0], [3333.05, 1400.0], [3333.15, 4691.0], [3333.3, 4617.0], [3333.35, 34234.0], [3333.4, 11200.0], [3333.45, 39633.0], [3333.5, 4780.0]]}}}
{"jsonrpc": "2.0", "method": "subscription", "params": {"channel": "book.ETH-PERPETUAL.none.20.100ms", "data": {"timestamp": 1768385747269, "change_id": 104815227580, "instrument_name": "ETH-PERPETUAL", "bids": [[3331.85, 9890.0], [3331.6, 1000.0], [3331.55, 7202.0], [3331.5, 27576.0], [3331.45, 3928.0], [3331.25, 14985.0], [3331.2, 70700.0], [3331.05, 3415.0], [3331.0, 5961.0], [3330.95, 7678.0], [3330.9, 800.0], [3330.7, 1378.0], [3330.6, 4617.0], [3330.35, 16127.0], [3330.3, 54617.0], [3330.25, 324.0], [3330.15, 14469.0], [3330.05, 43758.0], [3330.0, 4714.0], [3329.85, 2900.0]], "asks": [[3331.9, 53486.0], [3332.1, 6153.0], [3332.15, 7203.0], [3332.2, 11609.0], [3332.35, 14925.0], [3332.4, 50000.0], [3332.5, 1647.0], [3332.65, 3001.0], [3332.7, 1400.0], [3332.75, 4691.0], [3332.9, 25.0], [3332.95, 4691.0], [3333.0, 100.0], [3333.05, 1400.0], [3333.1, 20011.0], [3333.15, 4691.0], [3333.3, 4617.0], [3333.35, 34234.0], [3333.4, 11200.0], [3333.45, 39633.0]]}}}
{"jsonrpc": "2.0", "method": "subscription", "params": {"channel": "book.ETH-PERPETUAL.none.20.100ms", "data": {"timestamp": 1768385747620, "change_id": 104815227991, "instrument_name": "ETH-PERPETUAL", "bids": [[3331.85, 29090.0], [3331.6, 1000.0], [3331.55, 7202.0], [3331.5, 27576.0], [3331.45, 3928.0], [3331.25, 14985.0], [3331.2, 70700.0], [3331.05, 3415.0], [3331.0, 5961.0], [3330.95, 7678.0], [3330.9, 800.0], [3330.7, 1378.0], [3330.6, 4617.0], [3330.35, 16127.0], [3330.3, 54617.0], [3330.25, 324.0], [3330.15, 14469.0], [3330.05, 43758.0], [3330.0, 4714.0], [3329.85, 2900.0]], "asks": [[3331.9, 53486.0], [3332.0, 5731.0], [3332.05, 19200.0], [3332.1, 6153.0], [3332.15, 7203.0], [3332.2, 11609.0], [3332.35, 14925.0], [3332.4, 50000.0], [3332.5, 1647.0], [3332.65, 3001.0], [3332.7, 1400.0], [3332.75, 4691.0], [3332.9, 25.0], [3332.95, 4691.0], [3333.0, 100.0], [3333.05, 1400.0], [3333.1, 20011.0], [3333.15, 4691.0], [3333.3, 26036.0], [3333.35, 34234.0]]}}}
{"jsonrpc": "2.0", "method": "subscription", "params": {"channel": "book.ETH-PERPETUAL.none.20.100ms", "data": {"timestamp": 1768385747954, "change_id": 104815228239, "instrument_name": "ETH-PERPETUAL", "bids": [[3331.85, 29090.0], [3331.55, 7202.0], [3331.5, 27732.0], [3331.45, 3928.0], [3331.25, 14985.0], [3331.2, 70700.0], [3331.05, 3415.0], [3331.0, 8961.0], [3330.95, 4678.0], [3330.9, 800.0], [3330.7, 1378.0], [3330.6, 4617.0], [3330.35, 16127.0], [3330.3, 54617.0], [3330.25, 324.0], [3330.15, 14469.0], [3330.05, 43758.0], [3330.0, 4714.0], [3329.85, 2900.0], [3329.75, 4941.0]], "asks": [[3331.9, 53486.0], [3332.0, 5731.0], [3332.05, 19200.0], [3332.1, 6153.0], [3332.15, 7203.0], [3332.2, 11609.0], [3332.45, 15417.0], [3332.5, 51647.0], [3332.65, 3001.0], [3332.7, 1400.0], [3332.75, 4691.0], [3332.9, 25.0], [3332.95, 4691.0], [3333.0, 100.0], [3333.05, 1400.0], [3333.1, 20011.0], [3333.15, 4691.0], [3333.3, 26036.0], [3333.35, 34234.0], [3333.45, 39633.0]]}}}
{"jsonrpc": "2.0", "method": "subscription", "params": {"channel": "book.ETH-PERPETUAL.none.20.100ms", "data": {"timestamp": 1768385748237, "change_id": 104815228443, "instrument_name": "ETH-PERPETUAL", "bids": [[3331.85, 29090.0], [3331.55, 7202.0], [3331.5, 27922.0], [3331.45, 3928.0], [3331.25, 14985.0], [3331.2, 70700.0], [3331.05, 3415.0], [3331.0, 5961.0], [3330.95, 7678.0], [3330.9, 800.0], [3330.7, 1378.0], [3330.6, 4617.0], [3330.35, 16127.0], [3330.3, 54617.0], [3330.25, 324.0], [3330.15, 14469.0], [3330.05, 43758.0], [3330.0, 4714.0], [3329.85, 2900.0], [3329.75, 4941.0]], "asks": [[3331.9, 53486.0], [3332.0, 5731.0], [3332.05, 19200.0], [3332.1, 6153.0], [3332.15, 7203.0], [3332.2, 11609.0], [3332.45, 15417.0], [3332.5, 51647.0], [3332.65, 3001.0], [3332.7, 1400.0], [3332.75, 4691.0], [3332.9, 25.0], [3332.95, 4691.0], [3333.0, 100.0], [3333.05, 1400.0], [3333.1, 20011.0], [3333.15, 4691.0], [3333.3, 26036.0], [3333.35, 17787.0], [3333.45, 39633.0]]}}}
{"jsonrpc": "2.0", "method": "subscription", "params": {"channel": "book.ETH-PERPETUAL.none.20.100ms", "data": {"timestamp": 1768385748596, "change_id": 104815228877, "instrument_name": "ETH-PERPETUAL", "bids": [[3331.85, 29090.0], [3331.55, 7202.0], [3331.5, 26749.0], [3331.45, 2669.0], [3331.25, 14985.0], [3331.2, 70700.0], [3331.05, 3415.0], [3331.0, 7220.0], [3330.95, 7678.0], [3330.9, 800.0], [3330.7, 1378.0], [3330.6, 4617.0], [3330.35, 16127.0], [3330.3, 54617.0], [3330.25, 324.0], [3330.15, 14469.0], [3330.05, 43758.0], [3330.0, 4714.0], [3329.85, 2900.0], [3329.8, 17059.0]], "asks": [[3331.9, 34286.0], [3332.0, 5731.0], [3332.05, 19200.0], [3332.1, 6153.0], [3332.15, 7203.0], [3332.2, 11609.0], [3332.45, 15417.0], [3332.5, 51647.0], [3332.65, 3001.0], [3332.7, 1400.0], [3332.75, 4691.0], [3332.9, 25.0], [3332.95, 4691.0], [3333.0, 100.0], [3333.05, 1400.0], [3333.1, 20011.0], [3333.15, 4691.0], [3333.25, 16863.0], [3333.3, 26036.0], [3333.35, 17787.0]]}}}
{"jsonrpc": "2.0", "method": "subscription", "params": {"channel": "book.ETH-PERPETUAL.none.20.100ms", "data": {"timestamp": 1768385748948, "change_id": 104815229173, "instrument_name": "ETH-PERPETUAL", "bids": [[3331.85, 29090.0], [3331.6, 1000.0], [3331.55, 7202.0], [3331.5, 26403.0], [3331.45, 2669.0], [3331.25, 14985.0], [3331.2, 70700.0], [3331.05, 3415.0], [3331.0, 10220.0], [3330.95, 4678.0], [3330.9, 800.0], [3330.7, 1378.0], [3330.6, 4617.0], [3330.35, 16127.0], [3330.3, 54617.0], [3330.25, 324.0], [3330.15, 14469.0], [3330.05, 43758.0], [3330.0, 4714.0], [3329.85, 9467.0]], "asks": [[3331.9, 13786.0], [3332.0, 11118.0], [3332.05, 19200.0], [3332.1, 26653.0], [3332.15, 7203.0], [3332.2, 11609.0], [3332.5, 16572.0], [3332.55, 50000.0], [3332.65, 3001.0], [3332.7, 1400.0], [3332.75, 4691.0], [3332.9, 25.0], [3332.95, 4691.0], [3333.0, 100.0], [3333.05, 1400.0], [3333.1, 20011.0], [3333.15, 4691.0], [3333.2, 6412.0], [3333.25, 16863.0], [3333.3, 26036.0]]}}}
{"jsonrpc": "2.0", "method": "subscription", "params": {"channel": "book.ETH-PERPETUAL.none.20.100ms", "data": {"timestamp": 1768385749155, "change_id": 104815229260, "instrument_name": "ETH-PERPETUAL", "bids": [[3331.85, 29090.0], [3331.6, 1000.0], [3331.55, 7202.0], [3331.5, 26403.0], [3331.45, 2669.0], [3331.25, 14985.0], [3331.2, 70700.0], [3331.05, 3415.0], [3331.0, 10220.0], [3330.95, 4678.0], [3330.9, 800.0], [3330.7, 1378.0], [3330.6, 4617.0], [3330.35, 16127.0], [3330.3, 54617.0], [3330.25, 324.0], [3330.15, 14469.0], [3330.05, 43758.0], [3330.0, 4714.0], [3329.85, 9467.0]], "asks": [[3331.9, 13786.0], [3332.0, 11118.0], [3332.05, 19200.0], [3332.1, 26653.0], [3332.15, 7203.0], [3332.2, 11609.0], [3332.5, 16572.0], [3332.55, 50000.0], [3332.65, 3001.0], [3332.7, 1400.0], [3332.75, 4691.0], [3332.9, 25.0], [3332.95, 4691.0], [3333.0, 100.0], [3333.05, 1400.0], [3333.1, 20011.0], [3333.15, 4691.0], [3333.2, 6412.0], [3333.25, 16863.0], [3333.3, 26036.0]]}}}
{"jsonrpc": "2.0", "method": "subscription", "params": {"channel": "book.ETH-PERPETUAL.none.20.100ms", "data": {"timestamp": 1768385749554, "change_id": 104815229771, "instrument_name": "ETH-PERPETUAL", "bids": [[3331.85, 9890.0], [3331.6, 1000.0], [3331.55, 7202.0], [3331.5, 26403.0], [3331.45, 2669.0], [3331.25, 14985.0], [3331.2, 70700.0], [3331.05, 6415.0], [3331.0, 7220.0], [3330.95, 4678.0], [3330.9, 800.0], [3330.7, 1378.0], [3330.6, 4617.0], [3330.35, 16127.0], [3330.3, 54617.0], [3330.25, 324.0], [3330.15, 14469.0], [3330.05, 43758.0], [3330.0, 4714.0], [3329.85, 9467.0]], "asks": [[3331.9, 21753.0], [3332.0, 11118.0], [3332.05, 19200.0], [3332.1, 26653.0], [3332.15, 7203.0], [3332.2, 11609.0], [3332.5, 16572.0], [3332.55, 50000.0], [3332.65, 3001.0], [3332.7, 1400.0], [3332.75, 4691.0], [3332.9, 25.0], [3332.95, 4691.0], [3333.0, 100.0], [3333.05, 1400.0], [3333.1, 20011.0], [3333.15, 4691.0], [3333.2, 6412.0], [3333.25, 16863.0], [3333.3, 26036.0]]}}}
{"jsonrpc": "2.0", "method": "subscription", "params": {"channel": "book.ETH-PERPETUAL.none.20.100ms", "data": {"timestamp": 1768385749953, "change_id": 104815230008, "instrument_name": "ETH-PERPETUAL", "bids": [[3331.85, 9890.0], [3331.6, 1000.0], [3331.55, 7202.0], [3331.5, 26403.0], [3331.45, 2669.0], [3331.25, 14985.0], [3331.2, 70700.0], [3331.05, 3415.0], [3331.0, 10220.0], [3330.95, 4678.0], [3330.9, 800.0], [3330.7, 1378.0], [3330.6, 4617.0], [3330.35, 16127.0], [3330.3, 54617.0], [3330.25, 324.0], [3330.15, 14469.0], [3330.05, 43758.0], [3330.0, 4714.0], [3329.85, 9467.0]], "asks": [[3331.9, 21753.0], [3332.0, 11118.0], [3332.05, 19200.0], [3332.1, 26653.0], [3332.15, 7203.0], [3332.2, 11609.0], [3332.5, 16572.0], [3332.55, 50000.0], [3332.65, 3001.0], [3332.7, 1400.0], [3332.75, 4691.0], [3332.9, 25.0], [3332.95, 4691.0], [3333.0, 100.0], [3333.05, 7195.0], [3333.1, 20011.0], [3333.15, 4691.0], [3333.2, 6412.0], [3333.25, 16863.0], [3333.3, 26036.0]]}}}
{"jsonrpc": "2.0", "method": "subscription", "params": {"channel": "book.ETH-PERPETUAL.none.20.100ms", "data": {"timestamp": 1768385750270, "change_id": 104815230283, "instrument_name": "ETH-PERPETUAL", "bids": [[3331.85, 9890.0], [3331.6, 1000.0], [3331.55, 7202.0], [3331.5, 26403.0], [3331.45, 2669.0], [3331.25, 14985.0], [3331.2, 70700.0], [3331.05, 6415.0], [3331.0, 7220.0], [3330.95, 4678.0], [3330.9, 800.0], [3330.7, 1378.0], [3330.6, 4617.0], [3330.35, 16127.0], [3330.3, 54617.0], [3330.25, 324.0], [3330.15, 14469.0], [3330.05, 43758.0], [3330.0, 4714.0], [3329.85, 9467.0]], "asks": [[3331.9, 21753.0], [3332.0, 11118.0], [3332.05, 19200.0], [3332.1, 26653.0], [3332.15, 7203.0], [3332.2, 11609.0], [3332.5, 16572.0], [3332.55, 50000.0], [3332.65, 3001.0], [3332.7, 1400.0], [3332.75, 4691.0], [3332.9, 25.0], [3332.95, 4691.0], [3333.0, 100.0], [3333.05, 1400.0], [3333.1, 20011.0], [3333.15, 4691.0], [3333.2, 6412.0], [3333.25, 16863.0], [3333.3, 26036.0]]}}}
{"jsonrpc": "2.0", "method": "subscription", "params": {"channel": "book.ETH-PERPETUAL.none.20.100ms", "data": {"timestamp": 1768385750601, "change_id": 104815230649, "instrument_name": "ETH-PERPETUAL", "bids": [[3331.85, 29090.0], [3331.6, 1000.0], [3331.55, 7202.0], [3331.5, 26403.0], [3331.45, 2669.0], [3331.25, 14985.0], [3331.2, 70700.0], [3331.05, 6415.0], [3331.0, 7220.0], [3330.95, 4678.0], [3330.9, 800.0], [3330.7, 1378.0], [3330.6, 4617.0], [3330.35, 16127.0], [3330.3, 54617.0], [3330.25, 324.0], [3330.15, 14469.0], [3330.05, 43758.0], [3330.0, 4714.0], [3329.85, 9467.0]], "asks": [[3331.9, 24200.0], [3332.0, 11118.0], [3332.05, 19200.0], [3332.1, 26653.0], [3332.15, 7203.0], [3332.2, 11609.0], [3332.5, 16572.0], [3332.55, 50000.0], [3332.65, 3001.0], [3332.7, 1400.0], [3332.75, 4691.0], [3332.9, 25.0], [3332.95, 4691.0], [3333.0, 100.0], [3333.05, 1400.0], [3333.1, 20011.0], [3333.15, 4691.0], [3333.2, 6412.0], [3333.25, 16863.0], [3333.3, 4617.0]]}}}
{"jsonrpc": "2.0", "method": "subscription", "params": {"channel": "book.ETH-PERPETUAL.none.20.100ms", "data": {"timestamp": 1768385750912, "change_id": 104815230881, "instrument_name": "ETH-PERPETUAL", "bids": [[3331.85, 29090.0], [3331.6, 1000.0], [3331.55, 7202.0], [3331.5, 26403.0], [3331.45, 2669.0], [3331.25, 14985.0], [3331.2, 70700.0], [3331.05, 3415.0], [3331.0, 10220.0], [3330.95, 4678.0], [3330.9, 800.0], [3330.7, 1378.0], [3330.6, 4617.0], [3330.35, 16127.0], [3330.3, 54617.0], [3330.25, 324.0], [3330.15, 14469.0], [3330.05, 43758.0], [3330.0, 4714.0], [3329.85, 9467.0]], "asks": [[3331.9, 24200.0], [3332.0, 11118.0], [3332.05, 19200.0], [3332.1, 26653.0], [3332.15, 7203.0], [3332.2, 11609.0], [3332.5, 16572.0], [3332.55, 50000.0], [3332.65, 3001.0], [3332.7, 1400.0], [3332.75, 4691.0], [3332.9, 25.0], [3332.95, 4691.0], [3333.0, 100.0], [3333.05, 1400.0], [3333.1, 20011.0], [3333.15, 4691.0], [3333.2, 6412.0], [3333.25, 16863.0], [3333.3, 4617.0]]}}}
{"jsonrpc": "2.0", "method": "subscription", "params": {"channel": "book.ETH-PERPETUAL.none.20.100ms", "data": {"timestamp": 1768385751241, "change_id": 104815231116, "instrument_name": "ETH-PERPETUAL", "bids": [[3331.85, 29090.0], [3331.6, 1000.0], [3331.55, 7202.0], [3331.5, 26403.0], [3331.45, 2669.0], [3331.25, 14985.0], [3331.2, 70700.0], [3331.05, 3415.0], [3331.0, 7220.0], [3330.95, 7678.0], [3330.9, 800.0], [3330.7, 1378.0], [3330.6, 4617.0], [3330.35, 16127.0], [3330.3, 54617.0], [3330.25, 324.0], [3330.15, 14469.0], [3330.05, 43758.0], [3330.0, 4714.0], [3329.85, 9467.0]], "asks": [[3331.9, 24200.0], [3332.0, 11118.0], [3332.05, 19200.0], [3332.1, 26653.0], [3332.15, 7203.0], [3332.2, 11609.0], [3332.45, 15417.0], [3332.5, 51647.0], [3332.65, 3001.0], [3332.7, 1400.0], [3332.75, 4691.0], [3332.9, 25.0], [3332.95, 4691.0], [3333.0, 100.0], [3333.05, 1400.0], [3333.1, 20011.0], [3333.15, 4691.0], [3333.2, 6412.0], [3333.25, 16863.0], [3333.3, 4617.0]]}}}
{"jsonrpc": "2.0", "method": "subscription", "params": {"channel": "book.ETH-PERPETUAL.none.20.100ms", "data": {"timestamp": 1768385751578, "change_id": 104815231574, "instrument_name": "ETH-PERPETUAL", "bids": [[3331.85, 29090.0], [3331.6, 1000.0], [3331.55, 7202.0], [3331.5, 26403.0], [3331.45, 2669.0], [3331.25, 14985.0], [3331.2, 70700.0], [3331.05, 3415.0], [3331.0, 10220.0], [3330.95, 4678.0], [3330.9, 800.0], [3330.7, 1378.0], [3330.6, 4617.0], [3330.35, 16127.0], [3330.3, 54617.0], [3330.25, 324.0], [3330.15, 14469.0], [3330.05, 43758.0], [3330.0, 4714.0], [3329.85, 9467.0]], "asks": [[3331.9, 26960.0], [3331.95, 5700.0], [3332.0, 5731.0], [3332.1, 26653.0], [3332.15, 7203.0], [3332.2, 11609.0], [3332.5, 1647.0], [3332.55, 15821.0], [3332.6, 50000.0], [3332.65, 3001.0], [3332.7, 1400.0], [3332.75, 4691.0], [3332.9, 25.0], [3332.95, 4691.0], [3333.0, 100.0], [3333.05, 1400.0], [3333.1, 20011.0], [3333.15, 4691.0], [3333.2, 6412.0], [3333.25, 16863.0]]}}}
