{"jsonrpc": "2.0", "id": 1, "result": ["book.ETH-PERPETUAL.none.20.100ms"], "usIn": 1761664334510429, "usOut": 1761664334510655, "usDiff": 226, "testnet": false}
{"jsonrpc": "2.0", "method": "subscription", "params": {"channel": "book.ETH-PERPETUAL.none.20.100ms", "data": {"timestamp": 1761664334472, "change_id": 93791767294, "instrument_name": "ETH-PERPETUAL", "bids": [[4135.4, 2040.0], [4135.15, 3452.0], [4135.05, 9501.0], [4135.0, 5.0], [4134.75, 18.0], [4134.65, 4980.0], [4134.6, 16685.0], [4134.55, 1662.0], [4134.5, 10107.0], [4134.45, 33860.0], [4134.25, 7287.0], [4134.2, 20839.0], [4134.15, 50000.0], [4134.1, 1662.0], [4134.0, 1047.0], [4133.9, 21034.0], [4133.8, 2837.0], [4133.65, 4177.0], [4133.55, 1499.0], [4133.5, 252.0]], "asks": [[4135.45, 29464.0], [4135.75, 1000.0], [4135.95, 16685.0], [4136.0, 30.0], [4136.05, 8000.0], [4136.15, 16854.0], [4136.25, 4169.0], [4136.3, 13166.0], [4136.35, 16685.0], [4136.4, 26539.0], [4136.45, 15000.0], [4136.65, 6482.0], [4136.7, 22453.0], [4136.85, 1244.0], [4136.9, 1501.0], [4136.95, 4169.0], [4137.0, 1248.0], [4137.1, 30.0], [4137.15, 17786.0], [4137.2, 4152.0]]}}}
{"jsonrpc": "2.0", "method": "subscription", "params": {"channel": "book.ETH-PERPETUAL.none.20.100ms", "data": {"timestamp": 1761664334790, "change_id": 93791767792, "instrument_name": "ETH-PERPETUAL", "bids": [[4135.4, 2040.0], [4135.15, 3452.0], [4135.05, 9501.0], [4135.0, 5.0], [4134.75, 18.0], [4134.65, 4980.0], [4134.6, 16685.0], [4134.55, 1662.0], [4134.5, 10107.0], [4134.45, 33860.0], [4134.25, 7287.0], [4134.2, 20839.0], [4134.15, 50000.0], [4134.1, 1662.0], [4134.0, 1047.0], [4133.9, 21034.0], [4133.8, 2837.0], [4133.65, 4177.0], [4133.55, 1499.0], [4133.5, 252.0]], "asks": [[4135.45, 30570.0], [4135.75, 1000.0], [4135.95, 16685.0], [4136.0, 30.0], [4136.05, 8000.0], [4136.15, 16854.0], [4136.25, 4169.0], [4136.3, 13166.0], [4136.35, 16685.0], [4136.4, 26539.0], [4136.45, 15000.0], [4136.65, 6482.0], [4136.7, 22453.0], [4136.85, 1244.0], [4136.95, 5670.0], [4137.0, 1248.0], [4137.1, 30.0], [4137.15, 17786.0], [4137.2, 4152.0], [4137.3, 1600.0]]}}}
{"jsonrpc": "2.0", "method": "subscription", "params": {"channel": "book.ETH-PERPETUAL.none.20.100ms", "data": {"timestamp": 1761664335139, "change_id": 93791768303, "instrument_name": "ETH-PERPETUAL", "bids": [[4135.4, 2000.0], [4135.15, 3452.0], [4135.05, 9501.0], [4135.0, 5.0], [4134.65, 4998.0], [4134.6, 16685.0], [4134.55, 1662.0], [4134.5, 10107.0], [4134.45, 33860.0], [4134.25, 7287.0], [4134.2, 20839.0], [4134.1, 1662.0], [4134.0, 1047.0], [4133.9, 21034.0], [4133.85, 50000.0], [4133.8, 2837.0], [4133.65, 4177.0], [4133.55, 1499.0], [4133.5, 252.0], [4133.45, 36880.0]], "asks": [[4135.45, 29210.0], [4135.7, 9300.0], [4135.75, 1000.0], [4135.9, 9300.0], [4135.95, 16685.0], [4136.0, 30.0], [4136.1, 5031.0], [4136.15, 16854.0], [4136.25, 4169.0], [4136.3, 13166.0], [4136.35, 24685.0], [4136.4, 26539.0], [4136.45, 15000.0], [4136.65, 6482.0], [4136.7, 22453.0], [4136.85, 1244.0], [4136.9, 17786.0], [4136.95, 4169.0], [4137.0, 1248.0], [4137.1, 30.0]]}}}
{"jsonrpc": "2.0", "method": "subscription", "params": {"channel": "book.ETH-PERPETUAL.none.20.100ms", "data": {"timestamp": 1761664335460, "change_id": 93791769139, "instrument_name": "ETH-PERPETUAL", "bids": [[4135.0, 7766.0], [4134.65, 18.0], [4134.55, 1662.0], [4134.45, 1000.0], [4134.25, 6321.0], [4134.2, 20839.0], [4134.1, 1662.0], [4134.0, 1047.0], [4133.9, 21034.0], [4133.8, 52837.0], [4133.75, 16685.0], [4133.65, 4177.0], [4133.55, 1499.0], [4133.5, 252.0], [4133.4, 1733.0], [4133.35, 1629.0], [4133.3, 19995.0], [4133.25, 4177.0], [4133.2, 3885.0], [4133.15, 12899.0]], "asks": [[4135.05, 34315.0], [4135.4, 10300.0], [4135.45, 9794.0], [4135.5, 1662.0], [4135.7, 9300.0], [4135.8, 30.0], [4135.9, 9300.0], [4135.95, 16685.0], [4136.1, 5031.0], [4136.15, 16854.0], [4136.25, 4169.0], [4136.3, 13166.0], [4136.35, 24685.0], [4136.4, 26539.0], [4136.45, 15000.0], [4136.65, 1722.0], [4136.7, 5768.0], [4136.85, 2744.0], [4136.95, 4169.0], [4137.0, 1248.0]]}}}
{"jsonrpc": "2.0", "method": "subscription", "params": {"channel": "book.ETH-PERPETUAL.none.20.100ms", "data": {"timestamp": 1761664335795, "change_id": 93791770066, "instrument_name": "ETH-PERPETUAL", "bids": [[4135.35, 28198.0], [4135.1, 3440.0], [4135.05, 9300.0], [4135.0, 224.0], [4134.8, 1000.0], [4134.55, 6941.0], [4134.5, 16685.0], [4134.25, 6321.0], [4134.2, 70839.0], [4134.1, 1662.0], [4134.0, 34325.0], [4133.9, 22000.0], [4133.8, 2837.0], [4133.7, 1499.0], [4133.65, 4177.0], [4133.5, 252.0], [4133.4, 1733.0], [4133.35, 1629.0], [4133.3, 24128.0], [4133.25, 4177.0]], "asks": [[4135.4, 28680.0], [4135.45, 9512.0], [4135.7, 9300.0], [4135.85, 1662.0], [4135.9, 10300.0], [4135.95, 16685.0], [4136.1, 30.0], [4136.15, 16854.0], [4136.25, 4169.0], [4136.3, 13166.0], [4136.35, 24685.0], [4136.4, 26539.0], [4136.45, 15000.0], [4136.6, 6702.0], [4136.65, 16685.0], [4136.7, 5768.0], [4136.85, 1244.0], [4136.95, 4169.0], [4137.0, 1248.0], [4137.1, 1530.0]]}}}
{"jsonrpc": "2.0", "method": "subscription", "params": {"channel": "book.ETH-PERPETUAL.none.20.100ms", "data": {"timestamp": 1761664336124, "change_id": 93791770867, "instrument_name": "ETH-PERPETUAL", "bids": [[4135.35, 48417.0], [4135.2, 5554.0], [4135.15, 9300.0], [4135.05, 9300.0], [4135.0, 5.0], [4134.8, 1000.0], [4134.55, 6941.0], [4134.5, 16685.0], [4134.35, 50000.0], [4134.25, 6321.0], [4134.2, 20839.0], [4134.1, 1662.0], [4134.0, 1047.0], [4133.95, 1499.0], [4133.9, 21034.0], [4133.8, 2837.0], [4133.65, 39977.0], [4133.5, 252.0], [4133.4, 1733.0], [4133.35, 21624.0]], "asks": [[4135.4, 23689.0], [4135.85, 1662.0], [4135.9, 1000.0], [4136.25, 4169.0], [4136.3, 1600.0], [4136.35, 24685.0], [4136.4, 2061.0], [4136.5, 30.0], [4136.6, 15354.0], [4136.65, 33539.0], [4136.7, 5768.0], [4136.75, 15000.0], [4136.85, 1244.0], [4136.95, 4169.0], [4137.0, 1248.0], [4137.1, 30.0], [4137.15, 17786.0], [4137.2, 4272.0], [4137.3, 1600.0], [4137.4, 1500.0]]}}}
{"jsonrpc": "2.0", "method": "subscription", "params": {"channel": "book.ETH-PERPETUAL.none.20.100ms", "data": {"timestamp": 1761664336448, "change_id": 93791771275, "instrument_name": "ETH-PERPETUAL", "bids": [[4135.35, 28417.0], [4135.2, 5554.0], [4135.15, 9300.0], [4135.05, 9300.0], [4135.0, 5.0], [4134.95, 10234.0], [4134.9, 33286.0], [4134.8, 1000.0], [4134.6, 966.0], [4134.55, 6941.0], [4134.5, 16685.0], [4134.4, 21400.0], [4134.35, 50000.0], [4134.25, 854.0], [4134.2, 20839.0], [4134.1, 1662.0], [4134.0, 1047.0], [4133.95, 1499.0], [4133.9, 21034.0], [4133.8, 2837.0]], "asks": [[4135.4, 9572.0], [4135.85, 1662.0], [4135.9, 1000.0], [4136.25, 4169.0], [4136.3, 9600.0], [4136.35, 16685.0], [4136.4, 2061.0], [4136.5, 30.0], [4136.55, 5970.0], [4136.6, 35354.0], [4136.65, 33539.0], [4136.7, 5768.0], [4136.75, 15000.0], [4136.85, 1244.0], [4136.95, 4169.0], [4137.0, 1248.0], [4137.1, 30.0], [4137.15, 17786.0], [4137.2, 4272.0], [4137.25, 1500.0]]}}}
{"jsonrpc": "2.0", "method": "subscription", "params": {"channel": "book.ETH-PERPETUAL.none.20.100ms", "data": {"timestamp": 1761664336793, "change_id": 93791771838, "instrument_name": "ETH-PERPETUAL", "bids": [[4135.35, 28417.0], [4135.2, 5554.0], [4135.15, 9300.0], [4135.05, 9300.0], [4135.0, 5.0], [4134.95, 10234.0], [4134.9, 33286.0], [4134.8, 1000.0], [4134.6, 966.0], [4134.55, 6941.0], [4134.5, 16685.0], [4134.4, 21400.0], [4134.35, 50000.0], [4134.25, 854.0], [4134.2, 20839.0], [4134.1, 1662.0], [4134.0, 1047.0], [4133.9, 21034.0], [4133.85, 1499.0], [4133.8, 2837.0]], "asks": [[4135.4, 11605.0], [4135.85, 1662.0], [4135.9, 1000.0], [4136.25, 4199.0], [4136.3, 9600.0], [4136.35, 16685.0], [4136.4, 2061.0], [4136.55, 5970.0], [4136.6, 35354.0], [4136.65, 33539.0], [4136.7, 5768.0], [4136.75, 15000.0], [4136.85, 6395.0], [4136.9, 17786.0], [4136.95, 4169.0], [4137.0, 1248.0], [4137.1, 30.0], [4137.15, 1500.0], [4137.2, 4272.0], [4137.3, 1600.0]]}}}
{"jsonrpc": "2.0", "method": "subscription", "params": {"channel": "book.ETH-PERPETUAL.none.20.100ms", "data": {"timestamp": 1761664337090, "change_id": 93791772326, "instrument_name": "ETH-PERPETUAL", "bids": [[4135.35, 13823.0], [4135.3, 2776.0], [4135.25, 9300.0], [4135.2, 2778.0], [4135.05, 9300.0], [4135.0, 5.0], [4134.95, 10234.0], [4134.9, 33286.0], [4134.8, 1000.0], [4134.6, 966.0], [4134.55, 6941.0], [4134.5, 16685.0], [4134.4, 21400.0], [4134.35, 50000.0], [4134.25, 854.0], [4134.2, 20839.0], [4134.1, 1662.0], [4134.0, 1047.0], [4133.95, 1499.0], [4133.9, 21034.0]], "asks": [[4135.4, 9892.0], [4135.9, 1000.0], [4136.25, 4199.0], [4136.3, 9600.0], [4136.35, 16685.0], [4136.4, 2061.0], [4136.55, 5970.0], [4136.6, 35354.0], [4136.65, 33539.0], [4136.7, 5768.0], [4136.75, 15000.0], [4136.85, 1244.0], [4136.95, 4169.0], [4137.0, 1248.0], [4137.1, 30.0], [4137.15, 17786.0], [4137.2, 4272.0], [4137.25, 1501.0], [4137.3, 1600.0], [4137.45, 1239.0]]}}}
{"jsonrpc": "2.0", "method": "subscription", "params": {"channel": "book.ETH-PERPETUAL.none.20.100ms", "data": {"timestamp": 1761664337454, "change_id": 93791772689, "instrument_name": "ETH-PERPETUAL", "bids": [[4135.35, 16261.0], [4135.3, 2776.0], [4135.25, 9300.0], [4135.2, 2778.0], [4135.05, 9300.0], [4135.0, 5.0], [4134.95, 10234.0], [4134.9, 33286.0], [4134.8, 1000.0], [4134.6, 966.0], [4134.55, 6941.0], [4134.5, 16685.0], [4134.4, 21400.0], [4134.35, 50000.0], [4134.25, 854.0], [4134.2, 20839.0], [4134.1, 1662.0], [4134.0, 1047.0], [4133.95, 1499.0], [4133.9, 21034.0]], "asks": [[4135.4, 9619.0], [4135.85, 1662.0], [4135.9, 1000.0], [4136.25, 4169.0], [4136.3, 9600.0], [4136.35, 16685.0], [4136.4, 2061.0], [4136.55, 6000.0], [4136.6, 35354.0], [4136.65, 33539.0], [4136.7, 5768.0], [4136.75, 15000.0], [4136.85, 6395.0], [4136.9, 17786.0], [4136.95, 4169.0], [4137.0, 1248.0], [4137.1, 30.0], [4137.2, 4272.0], [4137.25, 1500.0], [4137.3, 1600.0]]}}}
{"jsonrpc": "2.0", "method": "subscription", "params": {"channel": "book.ETH-PERPETUAL.none.20.100ms", "data": {"timestamp": 1761664337783, "change_id": 93791773712, "instrument_name": "ETH-PERPETUAL", "bids": [[4135.85, 8056.0], [4135.45, 2813.0], [4135.4, 12690.0], [4135.35, 18.0], [4135.25, 9300.0], [4135.2, 9870.0], [4135.05, 9300.0], [4135.0, 25990.0], [4134.95, 10234.0], [4134.9, 33286.0], [4134.8, 1000.0], [4134.6, 5118.0], [4134.55, 6941.0], [4134.5, 16685.0], [4134.4, 21400.0], [4134.35, 50000.0], [4134.3, 4169.0], [4134.25, 854.0], [4134.15, 1499.0], [4134.1, 1662.0]], "asks": [[4135.9, 22667.0], [4136.3, 9600.0], [4136.35, 16685.0], [4136.55, 30.0], [4136.6, 10876.0], [4136.65, 16854.0], [4136.7, 5768.0], [4136.75, 16685.0], [4136.85, 11622.0], [4136.9, 17786.0], [4136.95, 24169.0], [4137.0, 10751.0], [4137.1, 15030.0], [4137.15, 16685.0], [4137.2, 6213.0], [4137.3, 1600.0], [4137.4, 1500.0], [4137.45, 1239.0], [4137.6, 4152.0], [4137.8, 1743.0]]}}}
{"jsonrpc": "2.0", "method": "subscription", "params": {"channel": "book.ETH-PERPETUAL.none.20.100ms", "data": {"timestamp": 1761664338111, "change_id": 93791774356, "instrument_name": "ETH-PERPETUAL", "bids": [[4135.85, 8056.0], [4135.45, 2813.0], [4135.4, 12690.0], [4135.35, 18.0], [4135.25, 9300.0], [4135.2, 9870.0], [4135.05, 9300.0], [4135.0, 25990.0], [4134.95, 10234.0], [4134.9, 33286.0], [4134.8, 1000.0], [4134.65, 1528.0], [4134.6, 5118.0], [4134.55, 6941.0], [4134.5, 16685.0], [4134.4, 21400.0], [4134.35, 50000.0], [4134.3, 4169.0], [4134.25, 854.0], [4134.1, 1662.0]], "asks": [[4135.9, 36054.0], [4136.25, 9300.0], [4136.3, 18930.0], [4136.35, 16685.0], [4136.6, 10876.0], [4136.65, 16854.0], [4136.7, 5768.0], [4136.75, 16685.0], [4136.85, 26622.0], [4136.9, 17786.0], [4136.95, 24169.0], [4137.1, 1530.0], [4137.15, 16685.0], [4137.2, 6213.0], [4137.3, 1600.0], [4137.45, 1239.0], [4137.6, 4152.0], [4137.8, 1743.0], [4137.85, 1600.0], [4137.9, 20016.0]]}}}
{"jsonrpc": "2.0", "method": "subscription", "params": {"channel": "book.ETH-PERPETUAL.none.20.100ms", "data": {"timestamp": 1761664338438, "change_id": 93791774865, "instrument_name": "ETH-PERPETUAL", "bids": [[4135.5, 5208.0], [4135.45, 5419.0], [4135.4, 9300.0], [4135.25, 9300.0], [4135.2, 9870.0], [4135.05, 9318.0], [4135.0, 16690.0], [4134.95, 10234.0], [4134.9, 33286.0], [4134.8, 1000.0], [4134.65, 1528.0], [4134.6, 5118.0], [4134.55, 6941.0], [4134.5, 16685.0], [4134.4, 21400.0], [4134.35, 50000.0], [4134.3, 4169.0], [4134.25, 17539.0], [4134.1, 1662.0], [4134.0, 1047.0]], "asks": [[4135.55, 18963.0], [4135.6, 5000.0], [4135.7, 9300.0], [4135.75, 9300.0], [4135.85, 212.0], [4135.9, 1484.0], [4136.25, 9300.0], [4136.3, 18900.0], [4136.35, 16685.0], [4136.6, 16313.0], [4136.65, 36854.0], [4136.7, 5768.0], [4136.75, 16685.0], [4136.8, 2063.0], [4136.85, 15000.0], [4136.95, 4169.0], [4137.1, 19316.0], [4137.2, 4152.0], [4137.3, 1600.0], [4137.45, 1239.0]]}}}
{"jsonrpc": "2.0", "method": "subscription", "params": {"channel": "book.ETH-PERPETUAL.none.20.100ms", "data": {"timestamp": 1761664338769, "change_id": 93791775378, "instrument_name": "ETH-PERPETUAL", "bids": [[4135.5, 8077.0], [4135.45, 5218.0], [4135.4, 9300.0], [4135.25, 9300.0], [4135.2, 9870.0], [4135.05, 10937.0], [4135.0, 16690.0], [4134.95, 10234.0], [4134.9, 33286.0], [4134.8, 1000.0], [4134.65, 1528.0], [4134.6, 5118.0], [4134.55, 6941.0], [4134.5, 16685.0], [4134.4, 21400.0], [4134.35, 50000.0], [4134.3, 4169.0], [4134.25, 17539.0], [4134.1, 1662.0], [4134.05, 1499.0]], "asks": [[4135.55, 181.0], [4135.7, 9300.0], [4135.75, 9300.0], [4135.85, 212.0], [4135.9, 1000.0], [4136.25, 9330.0], [4136.3, 18900.0], [4136.35, 16685.0], [4136.6, 16313.0], [4136.65, 36854.0], [4136.7, 5768.0], [4136.75, 16685.0], [4136.8, 7785.0], [4136.85, 15000.0], [4136.95, 4169.0], [4137.1, 17816.0], [4137.2, 4152.0], [4137.3, 1600.0], [4137.4, 1501.0], [4137.45, 1239.0]]}}}
{"jsonrpc": "2.0", "method": "subscription", "params": {"channel": "book.ETH-PERPETUAL.none.20.100ms", "data": {"timestamp": 1761664339104, "change_id": 93791776774, "instrument_name": "ETH-PERPETUAL", "bids": [[4135.3, 11069.0], [4135.2, 9870.0], [4135.05, 9300.0], [4135.0, 16708.0], [4134.95, 10234.0], [4134.9, 33286.0], [4134.75, 2000.0], [4134.65, 1528.0], [4134.6, 4152.0], [4134.55, 6941.0], [4134.5, 16685.0], [4134.4, 1499.0], [4134.3, 4169.0], [4134.25, 854.0], [4134.1, 1662.0], [4134.05, 16685.0], [4134.0, 1047.0], [4133.95, 56753.0], [4133.9, 21034.0], [4133.8, 2837.0]], "asks": [[4135.35, 18843.0], [4135.65, 212.0], [4135.8, 1619.0], [4136.2, 13407.0], [4136.25, 9300.0], [4136.3, 18930.0], [4136.35, 16685.0], [4136.5, 5040.0], [4136.55, 16854.0], [4136.6, 15351.0], [4136.65, 20000.0], [4136.7, 5768.0], [4136.75, 34471.0], [4136.8, 5722.0], [4136.85, 15000.0], [4136.9, 1500.0], [4136.95, 4169.0], [4137.1, 30.0], [4137.2, 4152.0], [4137.3, 1600.0]]}}}
{"jsonrpc": "2.0", "method": "subscription", "params": {"channel": "book.ETH-PERPETUAL.none.20.100ms", "data": {"timestamp": 1761664339422, "change_id": 93791777603, "instrument_name": "ETH-PERPETUAL", "bids": [[4135.0, 3584.0], [4134.95, 10234.0], [4134.9, 33286.0], [4134.65, 18.0], [4134.55, 5279.0], [4134.5, 16685.0], [4134.4, 1499.0], [4134.3, 5169.0], [4134.25, 854.0], [4134.1, 6955.0], [4134.05, 16685.0], [4134.0, 109.0], [4133.95, 6753.0], [4133.9, 21034.0], [4133.8, 34838.0], [4133.75, 57740.0], [4133.7, 50000.0], [4133.65, 4177.0], [4133.5, 252.0], [4133.45, 966.0]], "asks": [[4135.05, 28143.0], [4135.3, 9300.0], [4135.65, 212.0], [4135.8, 1649.0], [4135.9, 16685.0], [4136.15, 1245.0], [4136.2, 17579.0], [4136.25, 9300.0], [4136.3, 12962.0], [4136.35, 36685.0], [4136.5, 12960.0], [4136.55, 16854.0], [4136.6, 23000.0], [4136.65, 1500.0], [4136.7, 5768.0], [4136.9, 17786.0], [4136.95, 4169.0], [4137.1, 30.0], [4137.2, 4152.0], [4137.3, 1600.0]]}}}
{"jsonrpc": "2.0", "method": "subscription", "params": {"channel": "book.ETH-PERPETUAL.none.20.100ms", "data": {"timestamp": 1761664339767, "change_id": 93791778175, "instrument_name": "ETH-PERPETUAL", "bids": [[4135.0, 3602.0], [4134.95, 10234.0], [4134.9, 33286.0], [4134.55, 6898.0], [4134.5, 16685.0], [4134.4, 1499.0], [4134.3, 5169.0], [4134.25, 854.0], [4134.1, 6955.0], [4134.05, 16685.0], [4134.0, 109.0], [4133.95, 6753.0], [4133.9, 21034.0], [4133.85, 50938.0], [4133.8, 2837.0], [4133.75, 57740.0], [4133.65, 4177.0], [4133.5, 252.0], [4133.45, 966.0], [4133.4, 21728.0]], "asks": [[4135.05, 28037.0], [4135.3, 9300.0], [4135.65, 212.0], [4135.8, 1649.0], [4135.9, 16685.0], [4136.15, 1245.0], [4136.2, 24531.0], [4136.25, 9300.0], [4136.3, 12962.0], [4136.35, 51685.0], [4136.55, 16854.0], [4136.6, 8000.0], [4136.65, 1500.0], [4136.7, 5768.0], [4136.95, 4169.0], [4137.1, 30.0], [4137.15, 17786.0], [4137.2, 4152.0], [4137.3, 1600.0], [4137.45, 1239.0]]}}}
{"jsonrpc": "2.0", "method": "subscription", "params": {"channel": "book.ETH-PERPETUAL.none.20.100ms", "data": {"timestamp": 1761664340067, "change_id": 93791778702, "instrument_name": "ETH-PERPETUAL", "bids": [[4135.0, 17353.0], [4134.95, 10234.0], [4134.9, 33286.0], [4134.65, 18.0], [4134.55, 5279.0], [4134.5, 16685.0], [4134.4, 1499.0], [4134.3, 5169.0], [4134.25, 854.0], [4134.1, 6955.0], [4134.05, 16685.0], [4134.0, 109.0], [4133.95, 6753.0], [4133.9, 21034.0], [4133.85, 938.0], [4133.8, 2837.0], [4133.75, 107740.0], [4133.65, 4177.0], [4133.5, 252.0], [4133.45, 966.0]], "asks": [[4135.05, 14040.0], [4135.15, 9300.0], [4135.65, 212.0], [4135.8, 1649.0], [4135.9, 16685.0], [4136.15, 1245.0], [4136.2, 24531.0], [4136.25, 9300.0], [4136.3, 12962.0], [4136.35, 51685.0], [4136.55, 16854.0], [4136.6, 8000.0], [4136.65, 1500.0], [4136.7, 5768.0], [4136.95, 4169.0], [4137.1, 30.0], [4137.15, 17786.0], [4137.2, 4152.0], [4137.3, 1600.0], [4137.45, 1239.0]]}}}
{"jsonrpc": "2.0", "method": "subscription", "params": {"channel": "book.ETH-PERPETUAL.none.20.100ms", "data": {"timestamp": 1761664340430, "change_id": 93791779110, "instrument_name": "ETH-PERPETUAL", "bids": [[4135.0, 17371.0], [4134.55, 5279.0], [4134.5, 16685.0], [4134.4, 1499.0], [4134.3, 5169.0], [4134.25, 854.0], [4134.15, 966.0], [4134.1, 6955.0], [4134.05, 16685.0], [4134.0, 109.0], [4133.95, 6753.0], [4133.9, 21034.0], [4133.85, 50938.0], [4133.8, 19913.0], [4133.75, 57740.0], [4133.65, 4177.0], [4133.5, 252.0], [4133.45, 1499.0], [4133.4, 21728.0], [4133.35, 1629.0]], "asks": [[4135.05, 28037.0], [4135.15, 9300.0], [4135.35, 1000.0], [4135.65, 212.0], [4135.8, 1619.0], [4135.9, 16685.0], [4136.15, 1245.0], [4136.2, 24531.0], [4136.25, 17300.0], [4136.3, 12962.0], [4136.35, 51685.0], [4136.45, 30.0], [4136.55, 16854.0], [4136.65, 1500.0], [4136.7, 5768.0], [4136.95, 4169.0], [4137.1, 6614.0], [4137.15, 17786.0], [4137.2, 4272.0], [4137.3, 1600.0]]}}}
{"jsonrpc": "2.0", "method": "subscription", "params": {"channel": "book.ETH-PERPETUAL.none.20.100ms", "data": {"timestamp": 1761664340753, "change_id": 93791779494, "instrument_name": "ETH-PERPETUAL", "bids": [[4135.0, 13103.0], [4134.6, 14915.0], [4134.55, 33283.0], [4134.5, 16685.0], [4134.4, 1499.0], [4134.3, 5169.0], [4134.25, 854.0], [4134.15, 966.0], [4134.1, 6955.0], [4134.05, 16685.0], [4134.0, 109.0], [4133.95, 6753.0], [4133.9, 71034.0], [4133.85, 938.0], [4133.8, 19913.0], [4133.75, 57740.0], [4133.65, 4177.0], [4133.5, 252.0], [4133.45, 19995.0], [4133.4, 3232.0]], "asks": [[4135.05, 28037.0], [4135.15, 9300.0], [4135.35, 1000.0], [4135.65, 212.0], [4135.8, 1619.0], [4135.9, 16685.0], [4136.15, 1245.0], [4136.2, 24561.0], [4136.25, 17300.0], [4136.3, 12962.0], [4136.35, 51685.0], [4136.5, 5031.0], [4136.55, 16854.0], [4136.65, 1500.0], [4136.7, 5768.0], [4136.9, 17786.0], [4136.95, 4169.0], [4137.1, 30.0], [4137.2, 4272.0], [4137.3, 1600.0]]}}}
{"jsonrpc": "2.0", "method": "subscription", "params": {"channel": "book.ETH-PERPETUAL.none.20.100ms", "data": {"timestamp": 1761664341064, "change_id": 93791780422, "instrument_name": "ETH-PERPETUAL", "bids": [[4135.0, 15843.0], [4134.65, 21.0], [4134.3, 1000.0], [4134.25, 854.0], [4134.15, 966.0], [4134.1, 6955.0], [4134.05, 16685.0], [4134.0, 109.0], [4133.95, 6753.0], [4133.9, 21034.0], [4133.85, 938.0], [4133.8, 52837.0], [4133.75, 20840.0], [4133.65, 4177.0], [4133.5, 252.0], [4133.45, 19995.0], [4133.4, 1733.0], [4133.35, 3128.0], [4133.25, 4177.0], [4133.2, 4971.0]], "asks": [[4135.05, 19163.0], [4135.3, 9300.0], [4135.35, 1000.0], [4135.65, 212.0], [4135.8, 1619.0], [4135.85, 4989.0], [4135.9, 16685.0], [4135.95, 30.0], [4136.15, 1245.0], [4136.2, 24531.0], [4136.25, 8000.0], [4136.3, 3662.0], [4136.35, 51685.0], [4136.5, 5031.0], [4136.55, 16854.0], [4136.65, 1500.0], [4136.7, 5768.0], [4136.95, 4169.0], [4137.1, 30.0], [4137.15, 17786.0]]}}}
{"jsonrpc": "2.0", "method": "subscription", "params": {"channel": "book.ETH-PERPETUAL.none.20.100ms", "data": {"timestamp": 1761664341413, "change_id": 93791781106, "instrument_name": "ETH-PERPETUAL", "bids": [[4135.0, 15864.0], [4134.6, 1000.0], [4134.55, 1619.0], [4134.4, 10189.0], [4134.35, 33281.0], [4134.25, 854.0], [4134.15, 966.0], [4134.1, 20923.0], [4134.05, 66685.0], [4134.0, 109.0], [4133.95, 6753.0], [4133.9, 21034.0], [4133.85, 938.0], [4133.8, 2837.0], [4133.75, 20840.0], [4133.65, 4177.0], [4133.5, 252.0], [4133.45, 1499.0], [4133.4, 1733.0], [4133.35, 1629.0]], "asks": [[4135.05, 1313.0], [4135.3, 9300.0], [4135.5, 1000.0], [4135.65, 212.0], [4135.8, 1619.0], [4135.9, 16685.0], [4136.15, 1245.0], [4136.2, 17579.0], [4136.25, 8030.0], [4136.3, 3662.0], [4136.35, 36685.0], [4136.5, 5031.0], [4136.55, 16854.0], [4136.6, 5922.0], [4136.65, 1500.0], [4136.7, 20768.0], [4136.95, 4169.0], [4137.1, 6614.0], [4137.15, 17786.0], [4137.2, 4272.0]]}}}
{"jsonrpc": "2.0", "method": "subscription", "params": {"channel": "book.ETH-PERPETUAL.none.20.100ms", "data": {"timestamp": 1761664341731, "change_id": 93791781390, "instrument_name": "ETH-PERPETUAL", "bids": [[4135.0, 11546.0], [4134.7, 21.0], [4134.4, 10189.0], [4134.35, 33281.0], [4134.25, 854.0], [4134.15, 966.0], [4134.1, 7955.0], [4134.05, 16685.0], [4134.0, 109.0], [4133.95, 56753.0], [4133.9, 21034.0], [4133.85, 938.0], [4133.8, 2837.0], [4133.75, 20840.0], [4133.65, 4177.0], [4133.5, 252.0], [4133.4, 1733.0], [4133.35, 1629.0], [4133.25, 65332.0], [4133.2, 4971.0]], "asks": [[4135.05, 18737.0], [4135.3, 9300.0], [4135.5, 1000.0], [4135.65, 212.0], [4135.8, 1619.0], [4135.9, 16685.0], [4136.15, 1245.0], [4136.2, 17579.0], [4136.25, 8030.0], [4136.3, 3662.0], [4136.35, 36685.0], [4136.5, 6531.0], [4136.55, 16854.0], [4136.6, 5922.0], [4136.7, 20768.0], [4136.9, 17786.0], [4136.95, 4169.0], [4137.1, 30.0], [4137.2, 4272.0], [4137.3, 1600.0]]}}}
{"jsonrpc": "2.0", "method": "subscription", "params": {"channel": "book.ETH-PERPETUAL.none.20.100ms", "data": {"timestamp": 1761664342059, "change_id": 93791782143, "instrument_name": "ETH-PERPETUAL", "bids": [[4135.0, 11546.0], [4134.7, 21.0], [4134.4, 10189.0], [4134.35, 33281.0], [4134.25, 854.0], [4134.15, 966.0], [4134.1, 7955.0], [4134.05, 16685.0], [4134.0, 109.0], [4133.95, 6753.0], [4133.9, 21034.0], [4133.85, 938.0], [4133.8, 2837.0], [4133.75, 70840.0], [4133.65, 4177.0], [4133.5, 252.0], [4133.4, 1733.0], [4133.35, 3128.0], [4133.3, 19995.0], [4133.25, 43838.0]], "asks": [[4135.05, 28840.0], [4135.15, 1000.0], [4135.65, 212.0], [4135.8, 1619.0], [4135.9, 16685.0], [4135.95, 30.0], [4136.15, 1245.0], [4136.2, 17579.0], [4136.25, 8000.0], [4136.3, 3662.0], [4136.35, 36685.0], [4136.5, 6531.0], [4136.55, 16854.0], [4136.6, 5922.0], [4136.7, 20768.0], [4136.95, 4169.0], [4137.1, 30.0], [4137.15, 17786.0], [4137.2, 4272.0], [4137.3, 1600.0]]}}}
{"jsonrpc": "2.0", "method": "subscription", "params": {"channel": "book.ETH-PERPETUAL.none.20.100ms", "data": {"timestamp": 1761664342411, "change_id": 93791782490, "instrument_name": "ETH-PERPETUAL", "bids": [[4135.0, 2267.0], [4134.4, 10189.0], [4134.35, 33281.0], [4134.25, 854.0], [4134.15, 966.0], [4134.1, 7955.0], [4134.05, 16685.0], [4134.0, 109.0], [4133.95, 21095.0], [4133.9, 71034.0], [4133.85, 938.0], [4133.8, 2837.0], [4133.75, 20840.0], [4133.65, 4177.0], [4133.5, 252.0], [4133.4, 1733.0], [4133.35, 3128.0], [4133.3, 19995.0], [4133.25, 43838.0], [4133.2, 4971.0]], "asks": [[4135.05, 28986.0], [4135.15, 1000.0], [4135.65, 212.0], [4135.8, 1619.0], [4135.9, 16685.0], [4135.95, 30.0], [4136.15, 1245.0], [4136.2, 17579.0], [4136.25, 8000.0], [4136.3, 3662.0], [4136.35, 36685.0], [4136.5, 6531.0], [4136.55, 16854.0], [4136.6, 5922.0], [4136.7, 20768.0], [4136.95, 4169.0], [4137.1, 30.0], [4137.15, 17786.0], [4137.2, 4272.0], [4137.3, 1600.0]]}}}
{"jsonrpc": "2.0", "method": "subscription", "params": {"channel": "book.ETH-PERPETUAL.none.20.100ms", "data": {"timestamp": 1761664342732, "change_id": 93791782674, "instrument_name": "ETH-PERPETUAL", "bids": [[4135.0, 7766.0], [4134.65, 21.0], [4134.4, 10189.0], [4134.35, 33281.0], [4134.25, 854.0], [4134.15, 966.0], [4134.1, 7955.0], [4134.05, 16685.0], [4134.0, 109.0], [4133.95, 21095.0], [4133.9, 71034.0], [4133.85, 938.0], [4133.8, 2837.0], [4133.75, 20840.0], [4133.65, 4177.0], [4133.5, 252.0], [4133.4, 1733.0], [4133.35, 1629.0], [4133.3, 19995.0], [4133.25, 43838.0]], "asks": [[4135.05, 35000.0], [4135.15, 1000.0], [4135.65, 212.0], [4135.8, 1619.0], [4135.9, 16685.0], [4135.95, 30.0], [4136.15, 1245.0], [4136.2, 17579.0], [4136.25, 8000.0], [4136.3, 5162.0], [4136.35, 36685.0], [4136.5, 5031.0], [4136.55, 16854.0], [4136.6, 5922.0], [4136.7, 20768.0], [4136.9, 17786.0], [4136.95, 4169.0], [4137.1, 30.0], [4137.2, 4272.0], [4137.3, 1600.0]]}}}
{"jsonrpc": "2.0", "method": "subscription", "params": {"channel": "book.ETH-PERPETUAL.none.20.100ms", "data": {"timestamp": 1761664343079, "change_id": 93791783623, "instrument_name": "ETH-PERPETUAL", "bids": [[4135.0, 20098.0], [4134.55, 1619.0], [4134.45, 1000.0], [4134.4, 10189.0], [4134.35, 33281.0], [4134.25, 854.0], [4134.15, 966.0], [4134.1, 20923.0], [4134.05, 66685.0], [4134.0, 109.0], [4133.95, 6753.0], [4133.9, 21034.0], [4133.85, 938.0], [4133.8, 2837.0], [4133.75, 20840.0], [4133.7, 19995.0], [4133.65, 4177.0], [4133.55, 1499.0], [4133.5, 252.0], [4133.4, 1733.0]], "asks": [[4135.05, 9300.0], [4135.4, 5000.0], [4135.6, 1000.0], [4135.65, 212.0], [4135.8, 1619.0], [4135.9, 16685.0], [4136.15, 1245.0], [4136.2, 17579.0], [4136.25, 8000.0], [4136.3, 3662.0], [4136.35, 36715.0], [4136.5, 5031.0], [4136.55, 16854.0], [4136.6, 5922.0], [4136.7, 20768.0], [4136.9, 1501.0], [4136.95, 4169.0], [4137.1, 30.0], [4137.15, 17786.0], [4137.2, 4272.0]]}}}
{"jsonrpc": "2.0", "method": "subscription", "params": {"channel": "book.ETH-PERPETUAL.none.20.100ms", "data": {"timestamp": 1761664343396, "change_id": 93791784024, "instrument_name": "ETH-PERPETUAL", "bids": [[4135.0, 17087.0], [4134.55, 1619.0], [4134.45, 1000.0], [4134.4, 10189.0], [4134.35, 33281.0], [4134.25, 854.0], [4134.15, 966.0], [4134.1, 20923.0], [4134.05, 66685.0], [4134.0, 109.0], [4133.95, 6753.0], [4133.9, 21034.0], [4133.85, 938.0], [4133.8, 2837.0], [4133.75, 20840.0], [4133.65, 4177.0], [4133.5, 252.0], [4133.45, 1499.0], [4133.4, 21782.0], [4133.35, 1629.0]], "asks": [[4135.05, 23927.0], [4135.6, 1000.0], [4135.65, 212.0], [4135.8, 1619.0], [4135.9, 16685.0], [4136.1, 3663.0], [4136.15, 8000.0], [4136.2, 17579.0], [4136.3, 3662.0], [4136.35, 36685.0], [4136.5, 5031.0], [4136.55, 16854.0], [4136.6, 5922.0], [4136.65, 1500.0], [4136.7, 20768.0], [4136.85, 6554.0], [4136.9, 17786.0], [4136.95, 4169.0], [4137.1, 30.0], [4137.2, 4272.0]]}}}
{"jsonrpc": "2.0", "method": "subscription", "params": {"channel": "book.ETH-PERPETUAL.none.20.100ms", "data": {"timestamp": 1761664343622, "change_id": 93791784183, "instrument_name": "ETH-PERPETUAL", "bids": [[4135.0, 17087.0], [4134.55, 1619.0], [4134.45, 1000.0], [4134.4, 10189.0], [4134.35, 33281.0], [4134.25, 854.0], [4134.15, 966.0], [4134.1, 20923.0], [4134.05, 66685.0], [4134.0, 109.0], [4133.95, 6753.0], [4133.9, 21034.0], [4133.85, 938.0], [4133.8, 2837.0], [4133.75, 20840.0], [4133.65, 4177.0], [4133.5, 252.0], [4133.45, 1499.0], [4133.4, 1733.0], [4133.35, 21624.0]], "asks": [[4135.05, 23926.0], [4135.6, 1000.0], [4135.65, 212.0], [4135.8, 1619.0], [4135.9, 16685.0], [4136.1, 3663.0], [4136.15, 8000.0], [4136.2, 17579.0], [4136.3, 3662.0], [4136.35, 36685.0], [4136.5, 5031.0], [4136.55, 16854.0], [4136.6, 5922.0], [4136.65, 1500.0], [4136.7, 20768.0], [4136.95, 4169.0], [4137.1, 30.0], [4137.2, 4272.0], [4137.3, 1600.0], [4137.45, 1239.0]]}}}
{"jsonrpc": "2.0", "method": "subscription", "params": {"channel": "book.ETH-PERPETUAL.none.20.100ms", "data": {"timestamp": 1761664344066, "change_id": 93791785355, "instrument_name": "ETH-PERPETUAL", "bids": [[4135.0, 31345.0], [4134.7, 2782.0], [4134.65, 9300.0], [4134.6, 21.0], [4134.25, 854.0], [4134.1, 6955.0], [4134.05, 16685.0], [4134.0, 1109.0], [4133.95, 6753.0], [4133.9, 21034.0], [4133.85, 938.0], [4133.8, 2837.0], [4133.75, 20840.0], [4133.65, 4177.0], [4133.5, 252.0], [4133.45, 50000.0], [4133.4, 1733.0], [4133.35, 1629.0], [4133.3, 27162.0], [4133.25, 39705.0]], "asks": [[4135.05, 21102.0], [4135.15, 9300.0], [4135.2, 1000.0], [4135.6, 30.0], [4135.65, 212.0], [4135.8, 1619.0], [4135.85, 4980.0], [4135.9, 16685.0], [4136.1, 3633.0], [4136.15, 8000.0], [4136.2, 17579.0], [4136.3, 5162.0], [4136.35, 36685.0], [4136.45, 17500.0], [4136.5, 5031.0], [4136.55, 16854.0], [4136.6, 2169.0], [4136.7, 5768.0], [4136.95, 4169.0], [4137.1, 30.0]]}}}
{"jsonrpc": "2.0", "method": "subscription", "params": {"channel": "book.ETH-PERPETUAL.none.20.100ms", "data": {"timestamp": 1761664344399, "change_id": 93791785756, "instrument_name": "ETH-PERPETUAL", "bids": [[4135.0, 2246.0], [4134.7, 2782.0], [4134.65, 9300.0], [4134.6, 21.0], [4134.25, 854.0], [4134.1, 16519.0], [4134.05, 50930.0], [4134.0, 1109.0], [4133.95, 6753.0], [4133.9, 21034.0], [4133.85, 938.0], [4133.8, 23823.0], [4133.75, 20840.0], [4133.65, 4177.0], [4133.6, 50000.0], [4133.5, 252.0], [4133.4, 1733.0], [4133.35, 1629.0], [4133.3, 27162.0], [4133.25, 39705.0]], "asks": [[4135.05, 21219.0], [4135.15, 9300.0], [4135.2, 1000.0], [4135.6, 30.0], [4135.65, 212.0], [4135.8, 1619.0], [4135.85, 4980.0], [4135.9, 16685.0], [4136.1, 3633.0], [4136.15, 8000.0], [4136.2, 17579.0], [4136.25, 1500.0], [4136.3, 3662.0], [4136.35, 36685.0], [4136.4, 10255.0], [4136.45, 17500.0], [4136.55, 16854.0], [4136.6, 2169.0], [4136.7, 5768.0], [4136.95, 4169.0]]}}}
{"jsonrpc": "2.0", "method": "subscription", "params": {"channel": "book.ETH-PERPETUAL.none.20.100ms", "data": {"timestamp": 1761664344719, "change_id": 93791785975, "instrument_name": "ETH-PERPETUAL", "bids": [[4135.0, 2246.0], [4134.7, 2782.0], [4134.65, 9300.0], [4134.6, 21.0], [4134.25, 854.0], [4134.1, 6955.0], [4134.05, 17651.0], [4134.0, 1109.0], [4133.95, 6753.0], [4133.9, 21034.0], [4133.85, 938.0], [4133.8, 2837.0], [4133.75, 20840.0], [4133.65, 4177.0], [4133.6, 50000.0], [4133.5, 252.0], [4133.4, 1733.0], [4133.35, 3128.0], [4133.3, 27162.0], [4133.25, 39705.0]], "asks": [[4135.05, 20837.0], [4135.15, 9300.0], [4135.2, 1000.0], [4135.6, 30.0], [4135.65, 212.0], [4135.8, 1619.0], [4135.85, 4980.0], [4135.9, 16685.0], [4136.1, 3633.0], [4136.15, 8000.0], [4136.2, 17579.0], [4136.3, 3662.0], [4136.35, 36685.0], [4136.4, 10255.0], [4136.45, 17500.0], [4136.5, 1500.0], [4136.55, 16854.0], [4136.6, 2169.0], [4136.7, 5768.0], [4136.95, 4169.0]]}}}
{"jsonrpc": "2.0", "method": "subscription", "params": {"channel": "book.ETH-PERPETUAL.none.20.100ms", "data": {"timestamp": 1761664345052, "change_id": 93791786832, "instrument_name": "ETH-PERPETUAL", "bids": [[4135.0, 17087.0], [4134.7, 9935.0], [4134.65, 33284.0], [4134.55, 1619.0], [4134.3, 1000.0], [4134.25, 854.0], [4134.1, 6955.0], [4134.05, 17651.0], [4134.0, 109.0], [4133.95, 6753.0], [4133.9, 21034.0], [4133.85, 938.0], [4133.8, 2837.0], [4133.75, 70840.0], [4133.7, 1499.0], [4133.65, 4177.0], [4133.5, 252.0], [4133.4, 1733.0], [4133.35, 21624.0], [4133.3, 7167.0]], "asks": [[4135.05, 25254.0], [4135.15, 9300.0], [4135.2, 1000.0], [4135.6, 30.0], [4135.65, 212.0], [4135.8, 1619.0], [4135.85, 4980.0], [4135.9, 16685.0], [4136.0, 3633.0], [4136.15, 8000.0], [4136.2, 17579.0], [4136.3, 3662.0], [4136.35, 36685.0], [4136.4, 10255.0], [4136.45, 17500.0], [4136.55, 16854.0], [4136.6, 2169.0], [4136.7, 5768.0], [4136.9, 1501.0], [4136.95, 4169.0]]}}}
{"jsonrpc": "2.0", "method": "subscription", "params": {"channel": "book.ETH-PERPETUAL.none.20.100ms", "data": {"timestamp": 1761664345389, "change_id": 93791787156, "instrument_name": "ETH-PERPETUAL", "bids": [[4135.0, 17087.0], [4134.7, 9935.0], [4134.65, 33284.0], [4134.55, 1619.0], [4134.3, 1000.0], [4134.25, 854.0], [4134.1, 6955.0], [4134.05, 17651.0], [4134.0, 109.0], [4133.95, 6753.0], [4133.9, 21034.0], [4133.85, 938.0], [4133.8, 23823.0], [4133.75, 70840.0], [4133.65, 4177.0], [4133.55, 1499.0], [4133.5, 252.0], [4133.4, 1733.0], [4133.35, 21624.0], [4133.3, 7167.0]], "asks": [[4135.05, 10233.0], [4135.15, 9300.0], [4135.2, 1000.0], [4135.65, 212.0], [4135.8, 1619.0], [4135.85, 4980.0], [4135.9, 16715.0], [4136.0, 3633.0], [4136.15, 8000.0], [4136.2, 17579.0], [4136.3, 3662.0], [4136.35, 36685.0], [4136.4, 10255.0], [4136.45, 17500.0], [4136.55, 16854.0], [4136.6, 2169.0], [4136.7, 5768.0], [4136.9, 1501.0], [4136.95, 4169.0], [4137.1, 30.0]]}}}
{"jsonrpc": "2.0", "method": "subscription", "params": {"channel": "book.ETH-PERPETUAL.none.20.100ms", "data": {"timestamp": 1761664345719, "change_id": 93791787383, "instrument_name": "ETH-PERPETUAL", "bids": [[4135.0, 17087.0], [4134.7, 9935.0], [4134.65, 33284.0], [4134.55, 1619.0], [4134.3, 1000.0], [4134.25, 854.0], [4134.1, 6955.0], [4134.05, 17651.0], [4134.0, 109.0], [4133.95, 6753.0], [4133.9, 21034.0], [4133.85, 938.0], [4133.8, 23823.0], [4133.75, 70840.0], [4133.65, 4177.0], [4133.55, 1499.0], [4133.5, 252.0], [4133.4, 1733.0], [4133.35, 21624.0], [4133.3, 7167.0]], "asks": [[4135.05, 24057.0], [4135.15, 9300.0], [4135.2, 1000.0], [4135.65, 212.0], [4135.8, 1619.0], [4135.85, 4980.0], [4135.9, 16715.0], [4136.0, 3633.0], [4136.15, 8000.0], [4136.2, 17579.0], [4136.3, 3662.0], [4136.35, 36685.0], [4136.4, 10255.0], [4136.45, 17500.0], [4136.55, 16854.0], [4136.6, 2169.0], [4136.7, 5768.0], [4136.9, 1501.0], [4136.95, 4169.0], [4137.1, 30.0]]}}}
{"jsonrpc": "2.0", "method": "subscription", "params": {"channel": "book.ETH-PERPETUAL.none.20.100ms", "data": {"timestamp": 1761664346021, "change_id": 93791788253, "instrument_name": "ETH-PERPETUAL", "bids": [[4135.0, 17087.0], [4134.75, 1000.0], [4134.7, 9935.0], [4134.65, 33284.0], [4134.55, 1619.0], [4134.25, 854.0], [4134.15, 20722.0], [4134.1, 51662.0], [4134.05, 17651.0], [4134.0, 109.0], [4133.95, 6753.0], [4133.9, 21034.0], [4133.85, 938.0], [4133.8, 2837.0], [4133.75, 20840.0], [4133.7, 1499.0], [4133.65, 4177.0], [4133.5, 35115.0], [4133.4, 1733.0], [4133.35, 21624.0]], "asks": [[4135.05, 10536.0], [4135.35, 5000.0], [4135.65, 212.0], [4135.7, 1000.0], [4135.8, 1619.0], [4135.9, 16685.0], [4136.0, 8000.0], [4136.2, 17579.0], [4136.25, 30.0], [4136.3, 3662.0], [4136.35, 36685.0], [4136.4, 15169.0], [4136.45, 21672.0], [4136.55, 16854.0], [4136.6, 2169.0], [4136.7, 5768.0], [4136.9, 1500.0], [4136.95, 4169.0], [4137.1, 30.0], [4137.2, 4152.0]]}}}
{"jsonrpc": "2.0", "method": "subscription", "params": {"channel": "book.ETH-PERPETUAL.none.20.100ms", "data": {"timestamp": 1761664346383, "change_id": 93791788685, "instrument_name": "ETH-PERPETUAL", "bids": [[4135.0, 17087.0], [4134.75, 1000.0], [4134.7, 9935.0], [4134.65, 33284.0], [4134.55, 1619.0], [4134.25, 854.0], [4134.15, 20722.0], [4134.1, 51662.0], [4134.05, 17651.0], [4134.0, 109.0], [4133.95, 6753.0], [4133.9, 21034.0], [4133.85, 938.0], [4133.8, 2837.0], [4133.75, 20840.0], [4133.7, 1499.0], [4133.65, 4177.0], [4133.55, 10482.0], [4133.5, 35115.0], [4133.4, 1733.0]], "asks": [[4135.05, 339.0], [4135.65, 212.0], [4135.7, 1000.0], [4135.9, 16685.0], [4136.0, 8000.0], [4136.2, 4172.0], [4136.25, 30.0], [4136.3, 3662.0], [4136.35, 36685.0], [4136.4, 15169.0], [4136.45, 21672.0], [4136.55, 16854.0], [4136.6, 6425.0], [4136.7, 22453.0], [4136.85, 1244.0], [4136.95, 4169.0], [4137.1, 30.0], [4137.15, 1500.0], [4137.2, 4152.0], [4137.25, 120.0]]}}}
{"jsonrpc": "2.0", "method": "subscription", "params": {"channel": "book.ETH-PERPETUAL.none.20.100ms", "data": {"timestamp": 1761664346704, "change_id": 93791789326, "instrument_name": "ETH-PERPETUAL", "bids": [[4135.6, 2040.0], [4135.3, 21.0], [4135.1, 2152.0], [4135.05, 9300.0], [4135.0, 5.0], [4134.8, 15214.0], [4134.75, 17685.0], [4134.65, 33284.0], [4134.55, 2557.0], [4134.35, 20842.0], [4134.25, 854.0], [4134.2, 4174.0], [4134.15, 20722.0], [4134.1, 51662.0], [4134.05, 966.0], [4134.0, 109.0], [4133.95, 6753.0], [4133.9, 21034.0], [4133.8, 2837.0], [4133.65, 4177.0]], "asks": [[4135.65, 22477.0], [4135.7, 1000.0], [4136.0, 8000.0], [4136.25, 30.0], [4136.3, 12550.0], [4136.35, 36685.0], [4136.4, 15169.0], [4136.45, 21672.0], [4136.55, 16854.0], [4136.6, 2169.0], [4136.65, 1500.0], [4136.7, 5768.0], [4136.85, 1244.0], [4136.9, 18589.0], [4136.95, 4169.0], [4137.1, 30.0], [4137.2, 4152.0], [4137.3, 1600.0], [4137.45, 1239.0], [4137.55, 17787.0]]}}}
{"jsonrpc": "2.0", "method": "subscription", "params": {"channel": "book.ETH-PERPETUAL.none.20.100ms", "data": {"timestamp": 1761664347038, "change_id": 93791790009, "instrument_name": "ETH-PERPETUAL", "bids": [[4135.6, 2040.0], [4135.3, 21.0], [4135.1, 2152.0], [4135.05, 9300.0], [4135.0, 5.0], [4134.8, 15214.0], [4134.75, 17685.0], [4134.65, 33284.0], [4134.55, 2557.0], [4134.35, 20842.0], [4134.25, 854.0], [4134.2, 4174.0], [4134.15, 20722.0], [4134.1, 51662.0], [4134.05, 966.0], [4134.0, 109.0], [4133.95, 6753.0], [4133.9, 21034.0], [4133.8, 2837.0], [4133.65, 4177.0]], "asks": [[4135.65, 32742.0], [4135.7, 1000.0], [4135.95, 9300.0], [4136.0, 8000.0], [4136.25, 30.0], [4136.3, 12550.0], [4136.35, 36685.0], [4136.4, 15169.0], [4136.45, 21672.0], [4136.55, 16854.0], [4136.6, 11832.0], [4136.65, 34799.0], [4136.7, 5768.0], [4136.85, 1244.0], [4136.9, 18589.0], [4136.95, 4169.0], [4137.1, 30.0], [4137.2, 4152.0], [4137.3, 1600.0], [4137.45, 1239.0]]}}}
{"jsonrpc": "2.0", "method": "subscription", "params": {"channel": "book.ETH-PERPETUAL.none.20.100ms", "data": {"timestamp": 1761664347313, "change_id": 93791790201, "instrument_name": "ETH-PERPETUAL", "bids": [[4135.6, 2040.0], [4135.3, 21.0], [4135.1, 2152.0], [4135.05, 9300.0], [4135.0, 5.0], [4134.8, 15214.0], [4134.75, 17685.0], [4134.65, 33284.0], [4134.55, 2557.0], [4134.35, 20842.0], [4134.25, 854.0], [4134.2, 4174.0], [4134.15, 20722.0], [4134.1, 51662.0], [4134.05, 966.0], [4134.0, 109.0], [4133.95, 6753.0], [4133.9, 21034.0], [4133.8, 2837.0], [4133.65, 4177.0]], "asks": [[4135.65, 33000.0], [4135.7, 1000.0], [4135.95, 9300.0], [4136.0, 8000.0], [4136.25, 30.0], [4136.3, 12550.0], [4136.35, 36685.0], [4136.4, 15169.0], [4136.45, 21672.0], [4136.55, 16854.0], [4136.6, 13332.0], [4136.65, 33299.0], [4136.7, 5768.0], [4136.85, 1244.0], [4136.9, 18589.0], [4136.95, 4169.0], [4137.1, 30.0], [4137.2, 4152.0], [4137.3, 1600.0], [4137.45, 1239.0]]}}}
{"jsonrpc": "2.0", "method": "subscription", "params": {"channel": "book.ETH-PERPETUAL.none.20.100ms", "data": {"timestamp": 1761664347681, "change_id": 93791790441, "instrument_name": "ETH-PERPETUAL", "bids": [[4135.6, 2040.0], [4135.3, 21.0], [4135.1, 2152.0], [4135.05, 9300.0], [4135.0, 5.0], [4134.8, 15214.0], [4134.75, 17685.0], [4134.65, 33284.0], [4134.55, 2557.0], [4134.4, 7722.0], [4134.35, 20842.0], [4134.25, 854.0], [4134.2, 4174.0], [4134.15, 20722.0], [4134.1, 51662.0], [4134.05, 966.0], [4134.0, 109.0], [4133.95, 6753.0], [4133.9, 21034.0], [4133.8, 2837.0]], "asks": [[4135.65, 33328.0], [4135.7, 1000.0], [4135.95, 9300.0], [4136.0, 8000.0], [4136.25, 30.0], [4136.3, 12550.0], [4136.35, 36685.0], [4136.4, 15169.0], [4136.45, 21672.0], [4136.55, 16854.0], [4136.6, 11832.0], [4136.65, 34799.0], [4136.7, 5768.0], [4136.85, 1244.0], [4136.9, 18589.0], [4136.95, 4169.0], [4137.1, 30.0], [4137.2, 4152.0], [4137.3, 1600.0], [4137.45, 1239.0]]}}}
{"jsonrpc": "2.0", "method": "subscription", "params": {"channel": "book.ETH-PERPETUAL.none.20.100ms", "data": {"timestamp": 1761664348005, "change_id": 93791791030, "instrument_name": "ETH-PERPETUAL", "bids": [[4135.6, 2040.0], [4135.3, 21.0], [4135.1, 2152.0], [4135.05, 9300.0], [4135.0, 5.0], [4134.8, 15214.0], [4134.75, 17685.0], [4134.65, 33284.0], [4134.55, 2557.0], [4134.4, 7722.0], [4134.35, 20842.0], [4134.25, 854.0], [4134.2, 4174.0], [4134.15, 20722.0], [4134.1, 1662.0], [4134.05, 966.0], [4134.0, 50109.0], [4133.95, 6753.0], [4133.9, 21034.0], [4133.8, 2837.0]], "asks": [[4135.65, 38705.0], [4135.7, 1000.0], [4135.95, 9300.0], [4136.0, 8000.0], [4136.25, 30.0], [4136.3, 12550.0], [4136.35, 36685.0], [4136.4, 15169.0], [4136.45, 21672.0], [4136.55, 18354.0], [4136.6, 11832.0], [4136.65, 33299.0], [4136.7, 5768.0], [4136.85, 1244.0], [4136.9, 18589.0], [4136.95, 4169.0], [4137.1, 30.0], [4137.2, 4152.0], [4137.3, 1600.0], [4137.45, 1239.0]]}}}
{"jsonrpc": "2.0", "method": "subscription", "params": {"channel": "book.ETH-PERPETUAL.none.20.100ms", "data": {"timestamp": 1761664348367, "change_id": 93791791784, "instrument_name": "ETH-PERPETUAL", "bids": [[4135.2, 2040.0], [4135.0, 25.0], [4134.95, 21.0], [4134.8, 4980.0], [4134.75, 16685.0], [4134.55, 938.0], [4134.4, 7722.0], [4134.35, 20842.0], [4134.3, 1000.0], [4134.25, 854.0], [4134.2, 4174.0], [4134.1, 1662.0], [4134.05, 966.0], [4134.0, 109.0], [4133.95, 23438.0], [4133.9, 21034.0], [4133.8, 2837.0], [4133.7, 50000.0], [4133.65, 4177.0], [4133.55, 34495.0]], "asks": [[4135.25, 28082.0], [4135.3, 5000.0], [4135.35, 1000.0], [4135.6, 9300.0], [4135.65, 11464.0], [4135.9, 5173.0], [4135.95, 9300.0], [4136.0, 8030.0], [4136.05, 4980.0], [4136.1, 16685.0], [4136.3, 12550.0], [4136.35, 36685.0], [4136.4, 15169.0], [4136.45, 21672.0], [4136.5, 3564.0], [4136.55, 16854.0], [4136.6, 11832.0], [4136.65, 33299.0], [4136.7, 5768.0], [4136.85, 1244.0]]}}}
{"jsonrpc": "2.0", "method": "subscription", "params": {"channel": "book.ETH-PERPETUAL.none.20.100ms", "data": {"timestamp": 1761664348696, "change_id": 93791792023, "instrument_name": "ETH-PERPETUAL", "bids": [[4135.2, 2040.0], [4135.0, 25.0], [4134.95, 21.0], [4134.8, 4980.0], [4134.75, 16685.0], [4134.55, 938.0], [4134.4, 7722.0], [4134.35, 20842.0], [4134.3, 1000.0], [4134.25, 854.0], [4134.2, 4174.0], [4134.1, 1662.0], [4134.05, 966.0], [4134.0, 109.0], [4133.95, 23438.0], [4133.9, 21034.0], [4133.85, 50000.0], [4133.8, 2837.0], [4133.65, 4177.0], [4133.55, 34495.0]], "asks": [[4135.25, 28263.0], [4135.3, 5000.0], [4135.35, 1000.0], [4135.6, 9300.0], [4135.65, 11756.0], [4135.9, 5173.0], [4135.95, 9300.0], [4136.0, 8030.0], [4136.05, 4980.0], [4136.1, 16685.0], [4136.3, 12550.0], [4136.35, 36685.0], [4136.4, 15169.0], [4136.45, 21672.0], [4136.5, 2064.0], [4136.55, 18354.0], [4136.6, 11832.0], [4136.65, 33299.0], [4136.7, 5768.0], [4136.85, 1244.0]]}}}
{"jsonrpc": "2.0", "method": "subscription", "params": {"channel": "book.ETH-PERPETUAL.none.20.100ms", "data": {"timestamp": 1761664349010, "change_id": 93791793060, "instrument_name": "ETH-PERPETUAL", "bids": [[4135.45, 14984.0], [4135.2, 2222.0], [4135.1, 2784.0], [4135.05, 9300.0], [4135.0, 25.0], [4134.8, 15074.0], [4134.75, 18350.0], [4134.65, 1000.0], [4134.6, 33283.0], [4134.55, 938.0], [4134.4, 7722.0], [4134.35, 20842.0], [4134.25, 854.0], [4134.2, 4174.0], [4134.15, 51499.0], [4134.1, 1662.0], [4134.05, 966.0], [4134.0, 109.0], [4133.95, 6753.0], [4133.9, 21034.0]], "asks": [[4135.5, 29705.0], [4135.6, 9300.0], [4135.65, 212.0], [4135.75, 9300.0], [4135.8, 1000.0], [4136.1, 16685.0], [4136.15, 8000.0], [4136.3, 1600.0], [4136.35, 16685.0], [4136.4, 4944.0], [4136.45, 4172.0], [4136.5, 2064.0], [4136.55, 16854.0], [4136.6, 11832.0], [4136.65, 49984.0], [4136.7, 5768.0], [4136.8, 6468.0], [4136.85, 17500.0], [4136.95, 4169.0], [4137.1, 30.0]]}}}
{"jsonrpc": "2.0", "method": "subscription", "params": {"channel": "book.ETH-PERPETUAL.none.20.100ms", "data": {"timestamp": 1761664349357, "change_id": 93791793478, "instrument_name": "ETH-PERPETUAL", "bids": [[4135.45, 16984.0], [4135.2, 201.0], [4135.1, 2784.0], [4135.05, 9300.0], [4135.0, 25.0], [4134.85, 21.0], [4134.8, 4980.0], [4134.75, 17651.0], [4134.65, 1000.0], [4134.55, 938.0], [4134.4, 7722.0], [4134.35, 20842.0], [4134.25, 854.0], [4134.2, 4174.0], [4134.15, 50000.0], [4134.1, 1662.0], [4134.0, 109.0], [4133.95, 7839.0], [4133.9, 21034.0], [4133.8, 2837.0]], "asks": [[4135.5, 30763.0], [4135.6, 9300.0], [4135.65, 212.0], [4135.75, 9300.0], [4135.8, 1000.0], [4136.1, 16685.0], [4136.15, 8030.0], [4136.3, 11914.0], [4136.35, 16685.0], [4136.4, 31488.0], [4136.45, 4172.0], [4136.5, 2064.0], [4136.55, 16854.0], [4136.6, 23925.0], [4136.65, 16685.0], [4136.7, 5768.0], [4136.9, 1500.0], [4136.95, 4169.0], [4137.1, 30.0], [4137.2, 4152.0]]}}}
{"jsonrpc": "2.0", "method": "subscription", "params": {"channel": "book.ETH-PERPETUAL.none.20.100ms", "data": {"timestamp": 1761664349692, "change_id": 93791793869, "instrument_name": "ETH-PERPETUAL", "bids": [[4135.45, 7732.0], [4135.2, 201.0], [4135.1, 2784.0], [4135.05, 9300.0], [4135.0, 9967.0], [4134.95, 33286.0], [4134.85, 21.0], [4134.8, 4980.0], [4134.75, 17651.0], [4134.65, 1000.0], [4134.55, 2603.0], [4134.45, 5031.0], [4134.4, 24576.0], [4134.35, 20842.0], [4134.25, 854.0], [4134.2, 4174.0], [4134.1, 1662.0], [4134.0, 109.0], [4133.95, 50000.0], [4133.9, 4180.0]], "asks": [[4135.5, 31131.0], [4135.6, 9300.0], [4135.65, 212.0], [4135.75, 9300.0], [4135.8, 1000.0], [4135.9, 30.0], [4136.1, 16685.0], [4136.15, 8000.0], [4136.3, 11914.0], [4136.35, 16685.0], [4136.4, 31488.0], [4136.45, 4172.0], [4136.5, 2064.0], [4136.55, 18354.0], [4136.6, 23925.0], [4136.65, 16685.0], [4136.7, 5768.0], [4136.9, 1244.0], [4136.95, 4169.0], [4137.1, 30.0]]}}}
{"jsonrpc": "2.0", "method": "subscription", "params": {"channel": "book.ETH-PERPETUAL.none.20.100ms", "data": {"timestamp": 1761664350021, "change_id": 93791794486, "instrument_name": "ETH-PERPETUAL", "bids": [[4135.45, 3424.0], [4135.1, 2784.0], [4135.05, 9300.0], [4135.0, 9967.0], [4134.95, 33286.0], [4134.85, 21.0], [4134.8, 4980.0], [4134.75, 17651.0], [4134.65, 1000.0], [4134.55, 2603.0], [4134.45, 5031.0], [4134.4, 24576.0], [4134.35, 20842.0], [4134.25, 854.0], [4134.2, 4174.0], [4134.1, 1662.0], [4134.0, 109.0], [4133.95, 50000.0], [4133.9, 4180.0], [4133.8, 2837.0]], "asks": [[4135.5, 21728.0], [4135.6, 9300.0], [4135.65, 212.0], [4135.75, 9300.0], [4135.8, 1000.0], [4136.05, 16854.0], [4136.1, 16685.0], [4136.15, 8000.0], [4136.3, 11914.0], [4136.35, 16715.0], [4136.4, 26905.0], [4136.45, 5672.0], [4136.5, 2064.0], [4136.6, 23925.0], [4136.65, 16685.0], [4136.7, 5768.0], [4136.9, 1244.0], [4136.95, 4169.0], [4137.1, 30.0], [4137.2, 4152.0]]}}}
{"jsonrpc": "2.0", "method": "subscription", "params": {"channel": "book.ETH-PERPETUAL.none.20.100ms", "data": {"timestamp": 1761664350354, "change_id": 93791794840, "instrument_name": "ETH-PERPETUAL", "bids": [[4135.45, 20000.0], [4135.1, 2784.0], [4135.05, 9300.0], [4135.0, 9967.0], [4134.95, 33286.0], [4134.85, 21.0], [4134.8, 4980.0], [4134.75, 17651.0], [4134.65, 1000.0], [4134.55, 2603.0], [4134.45, 5031.0], [4134.4, 24576.0], [4134.35, 20842.0], [4134.25, 854.0], [4134.2, 4174.0], [4134.1, 1662.0], [4134.0, 109.0], [4133.9, 54180.0], [4133.8, 2837.0], [4133.7, 8276.0]], "asks": [[4135.5, 21736.0], [4135.6, 9300.0], [4135.65, 212.0], [4135.75, 9300.0], [4135.8, 1000.0], [4136.0, 12399.0], [4136.05, 16854.0], [4136.1, 16685.0], [4136.15, 8000.0], [4136.3, 11914.0], [4136.35, 16685.0], [4136.4, 26935.0], [4136.45, 4172.0], [4136.5, 2064.0], [4136.55, 1500.0], [4136.6, 23925.0], [4136.65, 16685.0], [4136.7, 5768.0], [4136.9, 1244.0], [4136.95, 4169.0]]}}}
{"jsonrpc": "2.0", "method": "subscription", "params": {"channel": "book.ETH-PERPETUAL.none.20.100ms", "data": {"timestamp": 1761664350660, "change_id": 93791795568, "instrument_name": "ETH-PERPETUAL", "bids": [[4135.1, 10891.0], [4135.05, 9300.0], [4135.0, 9967.0], [4134.95, 33286.0], [4134.8, 4980.0], [4134.75, 16685.0], [4134.55, 2624.0], [4134.45, 5997.0], [4134.4, 24576.0], [4134.35, 20842.0], [4134.25, 854.0], [4134.2, 4174.0], [4134.1, 1662.0], [4134.0, 109.0], [4133.95, 50000.0], [4133.9, 4180.0], [4133.85, 16685.0], [4133.8, 2837.0], [4133.7, 7190.0], [4133.65, 4177.0]], "asks": [[4135.15, 28037.0], [4135.4, 1000.0], [4135.45, 212.0], [4135.5, 1603.0], [4135.6, 10965.0], [4135.75, 9300.0], [4136.0, 12399.0], [4136.05, 16854.0], [4136.1, 16685.0], [4136.15, 8000.0], [4136.3, 11914.0], [4136.35, 16715.0], [4136.4, 26905.0], [4136.45, 4172.0], [4136.5, 2064.0], [4136.6, 19000.0], [4136.65, 1722.0], [4136.7, 5768.0], [4136.9, 1244.0], [4136.95, 4169.0]]}}}
{"jsonrpc": "2.0", "method": "subscription", "params": {"channel": "book.ETH-PERPETUAL.none.20.100ms", "data": {"timestamp": 1761664351010, "change_id": 93791796147, "instrument_name": "ETH-PERPETUAL", "bids": [[4135.1, 17975.0], [4135.05, 9300.0], [4135.0, 9967.0], [4134.95, 33286.0], [4134.8, 5001.0], [4134.75, 16685.0], [4134.55, 2603.0], [4134.45, 5997.0], [4134.4, 24576.0], [4134.35, 20842.0], [4134.25, 854.0], [4134.2, 4174.0], [4134.1, 1662.0], [4134.0, 109.0], [4133.95, 50000.0], [4133.9, 4180.0], [4133.85, 16685.0], [4133.8, 2837.0], [4133.7, 7190.0], [4133.65, 4177.0]], "asks": [[4135.15, 28037.0], [4135.4, 1000.0], [4135.45, 9512.0], [4135.5, 328.0], [4135.55, 9300.0], [4135.6, 1665.0], [4136.0, 12399.0], [4136.05, 16854.0], [4136.1, 16715.0], [4136.15, 8000.0], [4136.3, 11914.0], [4136.35, 16685.0], [4136.4, 26905.0], [4136.45, 4172.0], [4136.5, 2064.0], [4136.55, 1500.0], [4136.6, 17500.0], [4136.65, 1722.0], [4136.7, 5768.0], [4136.9, 1244.0]]}}}
{"jsonrpc": "2.0", "method": "subscription", "params": {"channel": "book.ETH-PERPETUAL.none.20.100ms", "data": {"timestamp": 1761664351332, "change_id": 93791796431, "instrument_name": "ETH-PERPETUAL", "bids": [[4135.1, 8675.0], [4135.0, 9967.0], [4134.95, 33286.0], [4134.8, 5001.0], [4134.75, 16685.0], [4134.55, 2603.0], [4134.45, 5997.0], [4134.4, 24576.0], [4134.35, 20842.0], [4134.25, 854.0], [4134.2, 4174.0], [4134.1, 1662.0], [4134.0, 109.0], [4133.95, 50000.0], [4133.9, 4180.0], [4133.85, 16685.0], [4133.8, 2837.0], [4133.7, 7190.0], [4133.65, 4177.0], [4133.55, 34141.0]], "asks": [[4135.15, 28157.0], [4135.4, 1000.0], [4135.45, 9512.0], [4135.55, 9300.0], [4135.6, 1665.0], [4135.85, 30.0], [4136.0, 12399.0], [4136.05, 16854.0], [4136.1, 16685.0], [4136.15, 8000.0], [4136.3, 11914.0], [4136.35, 16685.0], [4136.4, 26905.0], [4136.45, 4172.0], [4136.5, 2064.0], [4136.55, 1500.0], [4136.6, 17500.0], [4136.65, 1722.0], [4136.7, 5768.0], [4136.9, 1244.0]]}}}
{"jsonrpc": "2.0", "method": "subscription", "params": {"channel": "book.ETH-PERPETUAL.none.20.100ms", "data": {"timestamp": 1761664351557, "change_id": 93791796611, "instrument_name": "ETH-PERPETUAL", "bids": [[4135.1, 8675.0], [4135.0, 9967.0], [4134.95, 33286.0], [4134.8, 5001.0], [4134.75, 16685.0], [4134.55, 2603.0], [4134.45, 5997.0], [4134.4, 24576.0], [4134.35, 20842.0], [4134.25, 816.0], [4134.2, 4174.0], [4134.1, 1662.0], [4134.0, 21718.0], [4133.95, 50000.0], [4133.9, 4180.0], [4133.85, 16685.0], [4133.8, 2837.0], [4133.7, 7190.0], [4133.65, 4177.0], [4133.55, 34141.0]], "asks": [[4135.15, 28037.0], [4135.4, 1000.0], [4135.45, 9512.0], [4135.55, 9300.0], [4135.6, 1665.0], [4136.0, 12399.0], [4136.05, 16854.0], [4136.1, 16715.0], [4136.15, 8000.0], [4136.3, 11914.0], [4136.35, 16685.0], [4136.4, 26905.0], [4136.45, 4172.0], [4136.5, 2064.0], [4136.55, 1500.0], [4136.6, 17500.0], [4136.65, 1722.0], [4136.7, 5768.0], [4136.9, 1244.0], [4136.95, 4169.0]]}}}
{"jsonrpc": "2.0", "method": "subscription", "params": {"channel": "book.ETH-PERPETUAL.none.20.100ms", "data": {"timestamp": 1761664352005, "change_id": 93791797742, "instrument_name": "ETH-PERPETUAL", "bids": [[4135.45, 31227.0], [4135.15, 15960.0], [4135.1, 12986.0], [4135.05, 9300.0], [4135.0, 9967.0], [4134.95, 33286.0], [4134.8, 4980.0], [4134.75, 16714.0], [4134.55, 2603.0], [4134.45, 5997.0], [4134.4, 24576.0], [4134.35, 20842.0], [4134.25, 2334.0], [4134.2, 4174.0], [4134.15, 50000.0], [4134.1, 1662.0], [4134.0, 90.0], [4133.9, 4180.0], [4133.85, 16685.0], [4133.8, 2837.0]], "asks": [[4135.5, 663.0], [4135.85, 1000.0], [4136.05, 16854.0], [4136.1, 16685.0], [4136.15, 8000.0], [4136.3, 1600.0], [4136.35, 16685.0], [4136.4, 26905.0], [4136.45, 4172.0], [4136.5, 2064.0], [4136.6, 17530.0], [4136.65, 6482.0], [4136.7, 5768.0], [4136.8, 16685.0], [4136.9, 1244.0], [4136.95, 4169.0], [4137.1, 30.0], [4137.2, 4152.0], [4137.25, 1500.0], [4137.3, 1600.0]]}}}
{"jsonrpc": "2.0", "method": "subscription", "params": {"channel": "book.ETH-PERPETUAL.none.20.100ms", "data": {"timestamp": 1761664352330, "change_id": 93791798875, "instrument_name": "ETH-PERPETUAL", "bids": [[4135.45, 26651.0], [4135.15, 15960.0], [4135.1, 9300.0], [4135.05, 9300.0], [4135.0, 9967.0], [4134.95, 33286.0], [4134.85, 1000.0], [4134.8, 4980.0], [4134.75, 16714.0], [4134.55, 1665.0], [4134.5, 5319.0], [4134.45, 966.0], [4134.4, 24576.0], [4134.35, 20842.0], [4134.3, 50000.0], [4134.25, 835.0], [4134.2, 4174.0], [4134.15, 1499.0], [4134.1, 1662.0], [4134.0, 90.0]], "asks": [[4135.5, 14763.0], [4135.95, 1665.0], [4136.15, 8000.0], [4136.45, 16685.0], [4136.7, 11611.0], [4136.75, 16685.0], [4136.8, 16854.0], [4136.85, 2064.0], [4136.9, 1244.0], [4136.95, 4169.0], [4137.1, 30.0], [4137.15, 20000.0], [4137.2, 4152.0], [4137.3, 1600.0], [4137.35, 5224.0], [4137.4, 19000.0], [4137.45, 1239.0], [4137.55, 17787.0], [4137.6, 4152.0], [4137.8, 1743.0]]}}}
{"jsonrpc": "2.0", "method": "subscription", "params": {"channel": "book.ETH-PERPETUAL.none.20.100ms", "data": {"timestamp": 1761664352662, "change_id": 93791799285, "instrument_name": "ETH-PERPETUAL", "bids": [[4135.45, 26672.0], [4135.25, 966.0], [4135.15, 15960.0], [4135.1, 10238.0], [4135.05, 9300.0], [4135.0, 11632.0], [4134.95, 33286.0], [4134.85, 1000.0], [4134.8, 4980.0], [4134.75, 16714.0], [4134.6, 20741.0], [4134.55, 51665.0], [4134.4, 24576.0], [4134.35, 20842.0], [4134.25, 835.0], [4134.2, 4174.0], [4134.15, 2585.0], [4134.1, 1662.0], [4134.0, 90.0], [4133.9, 8313.0]], "asks": [[4135.5, 646.0], [4135.6, 181.0], [4136.15, 8000.0], [4136.45, 16685.0], [4136.7, 11611.0], [4136.75, 16685.0], [4136.8, 24685.0], [4136.85, 22064.0], [4136.95, 4169.0], [4137.0, 11453.0], [4137.05, 34185.0], [4137.1, 30.0], [4137.2, 4152.0], [4137.25, 1500.0], [4137.3, 1600.0], [4137.45, 1239.0], [4137.55, 17787.0], [4137.6, 4152.0], [4137.75, 20016.0], [4137.8, 1743.0]]}}}
{"jsonrpc": "2.0", "method": "subscription", "params": {"channel": "book.ETH-PERPETUAL.none.20.100ms", "data": {"timestamp": 1761664352996, "change_id": 93791800176, "instrument_name": "ETH-PERPETUAL", "bids": [[4135.45, 26651.0], [4135.2, 5840.0], [4135.15, 9300.0], [4135.1, 10238.0], [4135.05, 21.0], [4135.0, 11632.0], [4134.95, 33286.0], [4134.8, 4980.0], [4134.75, 16714.0], [4134.7, 1000.0], [4134.6, 5528.0], [4134.55, 1665.0], [4134.4, 24576.0], [4134.35, 70842.0], [4134.25, 835.0], [4134.2, 4174.0], [4134.15, 2585.0], [4134.1, 1662.0], [4134.0, 90.0], [4133.95, 34592.0]], "asks": [[4135.5, 9307.0], [4135.6, 181.0], [4135.8, 1000.0], [4136.15, 8000.0], [4136.3, 30.0], [4136.4, 4989.0], [4136.45, 16685.0], [4136.7, 11611.0], [4136.75, 16685.0], [4136.8, 24685.0], [4136.85, 22064.0], [4136.95, 4169.0], [4137.05, 17500.0], [4137.1, 30.0], [4137.15, 1500.0], [4137.2, 4152.0], [4137.3, 1600.0], [4137.45, 1239.0], [4137.55, 17787.0], [4137.6, 4152.0]]}}}
{"jsonrpc": "2.0", "method": "subscription", "params": {"channel": "book.ETH-PERPETUAL.none.20.100ms", "data": {"timestamp": 1761664353308, "change_id": 93791800640, "instrument_name": "ETH-PERPETUAL", "bids": [[4135.45, 26672.0], [4135.2, 5840.0], [4135.15, 10266.0], [4135.1, 10238.0], [4135.05, 1000.0], [4135.0, 11632.0], [4134.95, 33286.0], [4134.8, 4980.0], [4134.75, 16714.0], [4134.6, 19746.0], [4134.55, 1665.0], [4134.45, 50000.0], [4134.4, 24576.0], [4134.35, 20842.0], [4134.25, 835.0], [4134.2, 5673.0], [4134.15, 1086.0], [4134.1, 1662.0], [4134.0, 90.0], [4133.95, 34592.0]], "asks": [[4135.5, 9488.0], [4135.8, 1000.0], [4136.15, 8000.0], [4136.3, 30.0], [4136.45, 16685.0], [4136.7, 11611.0], [4136.75, 16685.0], [4136.8, 24685.0], [4136.85, 22064.0], [4136.95, 4169.0], [4137.0, 6472.0], [4137.05, 17500.0], [4137.1, 30.0], [4137.2, 4152.0], [4137.25, 1500.0], [4137.3, 1600.0], [4137.45, 1239.0], [4137.55, 17787.0], [4137.6, 4152.0], [4137.8, 1743.0]]}}}
{"jsonrpc": "2.0", "method": "subscription", "params": {"channel": "book.ETH-PERPETUAL.none.20.100ms", "data": {"timestamp": 1761664353659, "change_id": 93791801052, "instrument_name": "ETH-PERPETUAL", "bids": [[4135.45, 4305.0], [4135.2, 5840.0], [4135.15, 10287.0], [4135.1, 10238.0], [4135.0, 9967.0], [4134.95, 50140.0], [4134.8, 4980.0], [4134.75, 16714.0], [4134.6, 1000.0], [4134.55, 1665.0], [4134.4, 7722.0], [4134.35, 20842.0], [4134.25, 835.0], [4134.2, 54174.0], [4134.15, 1086.0], [4134.1, 1662.0], [4134.0, 13372.0], [4133.95, 34592.0], [4133.9, 4180.0], [4133.8, 2837.0]], "asks": [[4135.5, 23725.0], [4135.8, 1000.0], [4135.95, 1665.0], [4136.3, 8000.0], [4136.4, 4980.0], [4136.45, 16685.0], [4136.7, 11611.0], [4136.75, 18185.0], [4136.8, 24685.0], [4136.85, 22064.0], [4136.95, 4169.0], [4137.0, 6472.0], [4137.05, 17500.0], [4137.1, 30.0], [4137.2, 4152.0], [4137.3, 1600.0], [4137.45, 1239.0], [4137.55, 37803.0], [4137.6, 4152.0], [4137.8, 1743.0]]}}}
{"jsonrpc": "2.0", "method": "subscription", "params": {"channel": "book.ETH-PERPETUAL.none.20.100ms", "data": {"timestamp": 1761664353982, "change_id": 93791801842, "instrument_name": "ETH-PERPETUAL", "bids": [[4135.45, 17873.0], [4135.3, 2776.0], [4135.25, 9300.0], [4135.2, 3849.0], [4135.15, 10266.0], [4135.1, 938.0], [4135.0, 15690.0], [4134.95, 50140.0], [4134.9, 1000.0], [4134.85, 21.0], [4134.8, 4980.0], [4134.75, 16714.0], [4134.55, 1665.0], [4134.4, 7722.0], [4134.35, 20842.0], [4134.25, 50835.0], [4134.2, 4174.0], [4134.15, 1086.0], [4134.1, 1662.0], [4134.05, 1499.0]], "asks": [[4135.5, 9608.0], [4135.8, 1000.0], [4136.3, 8000.0], [4136.35, 16854.0], [4136.4, 4980.0], [4136.45, 16685.0], [4136.7, 6580.0], [4136.75, 16685.0], [4136.8, 7831.0], [4136.85, 22064.0], [4136.95, 4169.0], [4137.0, 6472.0], [4137.05, 17500.0], [4137.1, 30.0], [4137.15, 1500.0], [4137.2, 4152.0], [4137.3, 1600.0], [4137.45, 1239.0], [4137.5, 17787.0], [4137.6, 4152.0]]}}}
{"jsonrpc": "2.0", "method": "subscription", "params": {"channel": "book.ETH-PERPETUAL.none.20.100ms", "data": {"timestamp": 1761664354306, "change_id": 93791802175, "instrument_name": "ETH-PERPETUAL", "bids": [[4135.45, 17873.0], [4135.3, 2776.0], [4135.25, 9300.0], [4135.2, 3849.0], [4135.15, 10266.0], [4135.1, 959.0], [4135.0, 15690.0], [4134.95, 50140.0], [4134.9, 1000.0], [4134.8, 4980.0], [4134.75, 16714.0], [4134.55, 1665.0], [4134.4, 7722.0], [4134.35, 20842.0], [4134.25, 50795.0], [4134.2, 4174.0], [4134.15, 1086.0], [4134.1, 1662.0], [4134.05, 1499.0], [4134.0, 13372.0]], "asks": [[4135.5, 11327.0], [4135.8, 1000.0], [4135.95, 1665.0], [4136.3, 8000.0], [4136.35, 16854.0], [4136.4, 4980.0], [4136.45, 16685.0], [4136.7, 6580.0], [4136.75, 16685.0], [4136.8, 7831.0], [4136.85, 22064.0], [4136.95, 4169.0], [4137.0, 6472.0], [4137.05, 17500.0], [4137.1, 30.0], [4137.15, 1500.0], [4137.2, 4152.0], [4137.3, 1600.0], [4137.45, 1239.0], [4137.5, 17787.0]]}}}
{"jsonrpc": "2.0", "method": "subscription", "params": {"channel": "book.ETH-PERPETUAL.none.20.100ms", "data": {"timestamp": 1761664354647, "change_id": 93791802466, "instrument_name": "ETH-PERPETUAL", "bids": [[4135.45, 17873.0], [4135.3, 2776.0], [4135.25, 9300.0], [4135.2, 1079.0], [4135.15, 966.0], [4135.1, 959.0], [4135.0, 15690.0], [4134.95, 50140.0], [4134.9, 1000.0], [4134.8, 4980.0], [4134.75, 16733.0], [4134.55, 1665.0], [4134.4, 21642.0], [4134.35, 20842.0], [4134.25, 50815.0], [4134.2, 4174.0], [4134.15, 1086.0], [4134.1, 1662.0], [4134.05, 1499.0], [4134.0, 13372.0]], "asks": [[4135.5, 25751.0], [4135.8, 1000.0], [4135.95, 1665.0], [4136.3, 8000.0], [4136.35, 16854.0], [4136.4, 4980.0], [4136.45, 16685.0], [4136.7, 6580.0], [4136.75, 16685.0], [4136.8, 7831.0], [4136.85, 22064.0], [4136.95, 4169.0], [4137.0, 7972.0], [4137.05, 17500.0], [4137.1, 30.0], [4137.2, 4152.0], [4137.3, 1600.0], [4137.45, 6390.0], [4137.5, 17787.0], [4137.6, 4152.0]]}}}
{"jsonrpc": "2.0", "method": "subscription", "params": {"channel": "book.ETH-PERPETUAL.none.20.100ms", "data": {"timestamp": 1761664354954, "change_id": 93791802967, "instrument_name": "ETH-PERPETUAL", "bids": [[4135.45, 4305.0], [4135.15, 966.0], [4135.1, 959.0], [4135.0, 14025.0], [4134.95, 50140.0], [4134.9, 1000.0], [4134.8, 4980.0], [4134.75, 16733.0], [4134.55, 1665.0], [4134.4, 21642.0], [4134.35, 20842.0], [4134.25, 50815.0], [4134.2, 4174.0], [4134.15, 1086.0], [4134.1, 1662.0], [4134.0, 90.0], [4133.9, 4180.0], [4133.8, 2837.0], [4133.75, 39.0], [4133.7, 1499.0]], "asks": [[4135.5, 16169.0], [4135.8, 1000.0], [4135.9, 9300.0], [4135.95, 1665.0], [4136.3, 8000.0], [4136.35, 16854.0], [4136.4, 4980.0], [4136.45, 16685.0], [4136.7, 6580.0], [4136.75, 18185.0], [4136.8, 7831.0], [4136.85, 22064.0], [4136.95, 4169.0], [4137.0, 6472.0], [4137.05, 17500.0], [4137.1, 30.0], [4137.2, 4152.0], [4137.3, 1600.0], [4137.45, 6390.0], [4137.5, 17787.0]]}}}
{"jsonrpc": "2.0", "method": "subscription", "params": {"channel": "book.ETH-PERPETUAL.none.20.100ms", "data": {"timestamp": 1761664355303, "change_id": 93791803553, "instrument_name": "ETH-PERPETUAL", "bids": [[4135.45, 12575.0], [4135.2, 1079.0], [4135.15, 966.0], [4135.1, 938.0], [4135.0, 15690.0], [4134.95, 50140.0], [4134.9, 1000.0], [4134.8, 4980.0], [4134.75, 16733.0], [4134.55, 1665.0], [4134.4, 21642.0], [4134.35, 20842.0], [4134.25, 50815.0], [4134.2, 5673.0], [4134.15, 1086.0], [4134.1, 1662.0], [4134.0, 90.0], [4133.9, 38240.0], [4133.8, 2837.0], [4133.75, 39.0]], "asks": [[4135.5, 2487.0], [4135.8, 1000.0], [4135.9, 9300.0], [4136.3, 8000.0], [4136.35, 16854.0], [4136.45, 16685.0], [4136.7, 6580.0], [4136.75, 16685.0], [4136.8, 7831.0], [4136.85, 22064.0], [4136.95, 4169.0], [4137.0, 6472.0], [4137.05, 17500.0], [4137.1, 30.0], [4137.15, 1500.0], [4137.2, 4152.0], [4137.3, 1600.0], [4137.45, 6390.0], [4137.5, 17787.0], [4137.6, 4152.0]]}}}
{"jsonrpc": "2.0", "method": "subscription", "params": {"channel": "book.ETH-PERPETUAL.none.20.100ms", "data": {"timestamp": 1761664355624, "change_id": 93791803743, "instrument_name": "ETH-PERPETUAL", "bids": [[4135.45, 13865.0], [4135.2, 1079.0], [4135.15, 966.0], [4135.1, 938.0], [4135.0, 15690.0], [4134.95, 50140.0], [4134.9, 1000.0], [4134.8, 4980.0], [4134.75, 16733.0], [4134.55, 1665.0], [4134.4, 21642.0], [4134.35, 20842.0], [4134.25, 50815.0], [4134.2, 4174.0], [4134.15, 1086.0], [4134.1, 1662.0], [4134.0, 1589.0], [4133.95, 11889.0], [4133.9, 38240.0], [4133.8, 2837.0]], "asks": [[4135.5, 2072.0], [4135.8, 1000.0], [4135.9, 9300.0], [4136.3, 8000.0], [4136.35, 16854.0], [4136.45, 16685.0], [4136.7, 6580.0], [4136.75, 16685.0], [4136.8, 7831.0], [4136.85, 22064.0], [4136.95, 4169.0], [4137.0, 7972.0], [4137.05, 17500.0], [4137.1, 30.0], [4137.2, 4152.0], [4137.3, 1600.0], [4137.45, 6390.0], [4137.5, 17787.0], [4137.6, 4152.0], [4137.65, 120.0]]}}}
{"jsonrpc": "2.0", "method": "subscription", "params": {"channel": "book.ETH-PERPETUAL.none.20.100ms", "data": {"timestamp": 1761664355963, "change_id": 93791804304, "instrument_name": "ETH-PERPETUAL", "bids": [[4135.45, 21875.0], [4135.2, 1079.0], [4135.15, 966.0], [4135.1, 938.0], [4135.0, 15690.0], [4134.95, 50140.0], [4134.9, 1000.0], [4134.8, 4980.0], [4134.75, 16733.0], [4134.55, 1665.0], [4134.4, 21642.0], [4134.35, 20842.0], [4134.25, 50815.0], [4134.2, 4174.0], [4134.15, 1086.0], [4134.1, 1662.0], [4134.0, 1589.0], [4133.95, 11889.0], [4133.9, 38240.0], [4133.8, 2837.0]], "asks": [[4135.5, 23744.0], [4135.8, 1000.0], [4135.95, 1665.0], [4136.3, 8000.0], [4136.35, 16854.0], [4136.45, 16685.0], [4136.7, 6580.0], [4136.75, 16685.0], [4136.8, 7831.0], [4136.85, 22064.0], [4136.95, 4169.0], [4137.0, 7972.0], [4137.05, 17500.0], [4137.1, 30.0], [4137.2, 4152.0], [4137.3, 1600.0], [4137.45, 6390.0], [4137.5, 17787.0], [4137.6, 4152.0], [4137.8, 1743.0]]}}}
{"jsonrpc": "2.0", "method": "subscription", "params": {"channel": "book.ETH-PERPETUAL.none.20.100ms", "data": {"timestamp": 1761664356267, "change_id": 93791804734, "instrument_name": "ETH-PERPETUAL", "bids": [[4135.45, 21854.0], [4135.2, 1079.0], [4135.15, 990.0], [4135.1, 938.0], [4135.0, 15690.0], [4134.95, 50140.0], [4134.9, 1000.0], [4134.8, 4980.0], [4134.75, 16733.0], [4134.55, 1665.0], [4134.4, 21642.0], [4134.35, 20842.0], [4134.25, 50815.0], [4134.2, 4174.0], [4134.15, 1086.0], [4134.1, 1662.0], [4134.0, 90.0], [4133.95, 13388.0], [4133.9, 38240.0], [4133.8, 2837.0]], "asks": [[4135.5, 23624.0], [4135.8, 1000.0], [4135.95, 1665.0], [4136.3, 8000.0], [4136.35, 16854.0], [4136.45, 16685.0], [4136.7, 6580.0], [4136.75, 16685.0], [4136.8, 7831.0], [4136.85, 22064.0], [4136.9, 1500.0], [4136.95, 4169.0], [4137.0, 6472.0], [4137.05, 17500.0], [4137.1, 30.0], [4137.2, 4152.0], [4137.3, 1600.0], [4137.45, 6390.0], [4137.5, 17787.0], [4137.6, 4152.0]]}}}
{"jsonrpc": "2.0", "method": "subscription", "params": {"channel": "book.ETH-PERPETUAL.none.20.100ms", "data": {"timestamp": 1761664356627, "change_id": 93791804925, "instrument_name": "ETH-PERPETUAL", "bids": [[4135.45, 21854.0], [4135.2, 1079.0], [4135.15, 990.0], [4135.1, 938.0], [4135.0, 15690.0], [4134.95, 50140.0], [4134.9, 1000.0], [4134.8, 4980.0], [4134.75, 16733.0], [4134.55, 1665.0], [4134.4, 21642.0], [4134.35, 20842.0], [4134.25, 50815.0], [4134.2, 4174.0], [4134.15, 1086.0], [4134.1, 1662.0], [4134.0, 90.0], [4133.95, 13388.0], [4133.9, 38240.0], [4133.8, 2837.0]], "asks": [[4135.5, 23744.0], [4135.7, 5000.0], [4135.8, 1000.0], [4135.95, 1665.0], [4136.35, 16854.0], [4136.4, 7368.0], [4136.45, 16685.0], [4136.5, 8000.0], [4136.7, 6580.0], [4136.75, 16685.0], [4136.8, 7831.0], [4136.85, 22064.0], [4136.9, 1500.0], [4136.95, 4169.0], [4137.0, 6472.0], [4137.05, 17500.0], [4137.1, 30.0], [4137.2, 4152.0], [4137.3, 1600.0], [4137.45, 6390.0]]}}}
{"jsonrpc": "2.0", "method": "subscription", "params": {"channel": "book.ETH-PERPETUAL.none.20.100ms", "data": {"timestamp": 1761664356866, "change_id": 93791805373, "instrument_name": "ETH-PERPETUAL", "bids": [[4135.45, 21854.0], [4135.15, 990.0], [4135.1, 3722.0], [4135.05, 9300.0], [4135.0, 14025.0], [4134.95, 50140.0], [4134.9, 1000.0], [4134.8, 4980.0], [4134.75, 16733.0], [4134.55, 1665.0], [4134.4, 21642.0], [4134.35, 20842.0], [4134.25, 50815.0], [4134.2, 4174.0], [4134.15, 1086.0], [4134.1, 1662.0], [4134.0, 90.0], [4133.95, 13388.0], [4133.9, 38240.0], [4133.8, 2837.0]], "asks": [[4135.5, 25440.0], [4135.8, 1000.0], [4135.9, 9300.0], [4135.95, 1665.0], [4136.35, 16854.0], [4136.4, 7368.0], [4136.45, 16685.0], [4136.5, 8000.0], [4136.7, 6580.0], [4136.75, 16685.0], [4136.8, 7831.0], [4136.85, 22064.0], [4136.9, 1500.0], [4136.95, 4169.0], [4137.0, 6472.0], [4137.05, 17500.0], [4137.1, 30.0], [4137.2, 4152.0], [4137.3, 1600.0], [4137.45, 6390.0]]}}}
{"jsonrpc": "2.0", "method": "subscription", "params": {"channel": "book.ETH-PERPETUAL.none.20.100ms", "data": {"timestamp": 1761664357267, "change_id": 93791805865, "instrument_name": "ETH-PERPETUAL", "bids": [[4135.45, 21854.0], [4135.15, 990.0], [4135.1, 3722.0], [4135.05, 9300.0], [4135.0, 14025.0], [4134.95, 50140.0], [4134.9, 1000.0], [4134.8, 4980.0], [4134.75, 16733.0], [4134.55, 1665.0], [4134.4, 7722.0], [4134.35, 20842.0], [4134.25, 815.0], [4134.2, 4174.0], [4134.15, 1086.0], [4134.1, 1662.0], [4134.0, 90.0], [4133.95, 1499.0], [4133.9, 4180.0], [4133.8, 2837.0]], "asks": [[4135.5, 16560.0], [4135.8, 1000.0], [4135.9, 9300.0], [4135.95, 1665.0], [4136.3, 5031.0], [4136.35, 16854.0], [4136.4, 7368.0], [4136.45, 16685.0], [4136.5, 8000.0], [4136.7, 6580.0], [4136.75, 16685.0], [4136.8, 7831.0], [4136.85, 22064.0], [4136.9, 1500.0], [4136.95, 4169.0], [4137.0, 6472.0], [4137.05, 17500.0], [4137.1, 30.0], [4137.2, 4152.0], [4137.3, 1600.0]]}}}
{"jsonrpc": "2.0", "method": "subscription", "params": {"channel": "book.ETH-PERPETUAL.none.20.100ms", "data": {"timestamp": 1761664357626, "change_id": 93791806671, "instrument_name": "ETH-PERPETUAL", "bids": [[4135.0, 381.0], [4134.75, 48.0], [4134.5, 24.0], [4134.45, 5031.0], [4134.4, 22078.0], [4134.35, 16685.0], [4134.25, 815.0], [4134.1, 1662.0], [4134.0, 90.0], [4133.9, 14896.0], [4133.85, 34309.0], [4133.8, 2837.0], [4133.75, 16724.0], [4133.65, 4177.0], [4133.5, 234.0], [4133.45, 1499.0], [4133.4, 1733.0], [4133.35, 5762.0], [4133.3, 19996.0], [4133.25, 54177.0]], "asks": [[4135.05, 28263.0], [4135.4, 1000.0], [4135.45, 1877.0], [4135.5, 1041.0], [4135.85, 7865.0], [4135.9, 25985.0], [4135.95, 1665.0], [4136.15, 1250.0], [4136.2, 4186.0], [4136.3, 7098.0], [4136.35, 16854.0], [4136.4, 12396.0], [4136.45, 18185.0], [4136.5, 8000.0], [4136.55, 37500.0], [4136.6, 4186.0], [4136.7, 1600.0], [4136.95, 4169.0], [4137.1, 30.0], [4137.15, 17787.0]]}}}
{"jsonrpc": "2.0", "method": "subscription", "params": {"channel": "book.ETH-PERPETUAL.none.20.100ms", "data": {"timestamp": 1761664357951, "change_id": 93791809812, "instrument_name": "ETH-PERPETUAL", "bids": [[4134.0, 90.0], [4133.95, 966.0], [4133.8, 1590.0], [4133.75, 39.0], [4133.7, 2776.0], [4133.65, 9300.0], [4133.5, 234.0], [4133.05, 5039.0], [4133.0, 16880.0], [4132.8, 1988.0], [4132.75, 117.0], [4132.7, 2080.0], [4132.65, 7065.0], [4132.6, 16685.0], [4132.5, 3252.0], [4132.45, 4177.0], [4132.35, 1628.0], [4132.25, 5969.0], [4132.2, 19996.0], [4132.15, 1332.0]], "asks": [[4134.05, 26779.0], [4134.3, 1000.0], [4134.75, 212.0], [4134.8, 11049.0], [4134.9, 16685.0], [4134.95, 2776.0], [4135.0, 9300.0], [4135.05, 1737.0], [4135.1, 4980.0], [4135.15, 16685.0], [4135.2, 4186.0], [4135.3, 2067.0], [4135.35, 5970.0], [4135.4, 40180.0], [4135.45, 5851.0], [4135.5, 2787.0], [4135.6, 15428.0], [4135.85, 1755.0], [4135.95, 5851.0], [4136.0, 30.0]]}}}
{"jsonrpc": "2.0", "method": "subscription", "params": {"channel": "book.ETH-PERPETUAL.none.20.100ms", "data": {"timestamp": 1761664358274, "change_id": 93791812712, "instrument_name": "ETH-PERPETUAL", "bids": [[4134.0, 90.0], [4133.95, 966.0], [4133.8, 1590.0], [4133.75, 39.0], [4133.7, 2776.0], [4133.65, 9300.0], [4133.6, 2000.0], [4133.5, 234.0], [4133.05, 5039.0], [4133.0, 16880.0], [4132.95, 24.0], [4132.8, 13278.0], [4132.75, 16971.0], [4132.7, 2080.0], [4132.65, 2085.0], [4132.6, 16685.0], [4132.5, 16017.0], [4132.45, 54177.0], [4132.35, 1628.0], [4132.2, 7131.0]], "asks": [[4134.05, 32883.0], [4134.3, 1000.0], [4134.45, 30.0], [4134.6, 16854.0], [4134.75, 212.0], [4134.8, 11793.0], [4134.9, 35685.0], [4134.95, 2776.0], [4135.0, 9300.0], [4135.05, 20000.0], [4135.1, 4980.0], [4135.15, 16685.0], [4135.2, 4186.0], [4135.3, 2067.0], [4135.4, 1579.0], [4135.45, 5851.0], [4135.5, 26.0], [4135.85, 16672.0], [4135.9, 67787.0], [4135.95, 5851.0]]}}}
{"jsonrpc": "2.0", "method": "subscription", "params": {"channel": "book.ETH-PERPETUAL.none.20.100ms", "data": {"timestamp": 1761664358607, "change_id": 93791813812, "instrument_name": "ETH-PERPETUAL", "bids": [[4134.0, 2090.0], [4133.8, 1590.0], [4133.75, 39.0], [4133.5, 234.0], [4133.1, 966.0], [4133.05, 5039.0], [4133.0, 16880.0], [4132.95, 24.0], [4132.8, 13278.0], [4132.75, 16971.0], [4132.7, 6267.0], [4132.65, 2085.0], [4132.6, 16685.0], [4132.5, 1252.0], [4132.45, 4177.0], [4132.35, 1628.0], [4132.25, 14925.0], [4132.2, 57455.0], [4132.15, 1085.0], [4132.1, 4373.0]], "asks": [[4134.05, 33000.0], [4134.3, 1000.0], [4134.6, 16854.0], [4134.65, 20000.0], [4134.75, 212.0], [4134.8, 11174.0], [4134.9, 34185.0], [4134.95, 4276.0], [4135.0, 9300.0], [4135.1, 4980.0], [4135.15, 16685.0], [4135.2, 4186.0], [4135.3, 2067.0], [4135.4, 2598.0], [4135.45, 5851.0], [4135.5, 26.0], [4135.85, 16672.0], [4135.9, 67787.0], [4135.95, 5851.0], [4136.1, 1250.0]]}}}
{"jsonrpc": "2.0", "method": "subscription", "params": {"channel": "book.ETH-PERPETUAL.none.20.100ms", "data": {"timestamp": 1761664358945, "change_id": 93791814935, "instrument_name": "ETH-PERPETUAL", "bids": [[4134.0, 2090.0], [4133.8, 1590.0], [4133.75, 39.0], [4133.6, 2846.0], [4133.55, 9300.0], [4133.5, 234.0], [4133.4, 1477.0], [4133.35, 4925.0], [4133.2, 24.0], [4133.1, 966.0], [4133.05, 5039.0], [4133.0, 16880.0], [4132.8, 13278.0], [4132.75, 16971.0], [4132.7, 6267.0], [4132.65, 2085.0], [4132.6, 16685.0], [4132.5, 1252.0], [4132.45, 4177.0], [4132.35, 1628.0]], "asks": [[4134.05, 41573.0], [4134.25, 9300.0], [4134.3, 1000.0], [4134.35, 30.0], [4134.45, 7807.0], [4134.5, 9300.0], [4134.6, 26223.0], [4134.65, 20000.0], [4134.75, 212.0], [4134.8, 11174.0], [4134.85, 13428.0], [4134.9, 34185.0], [4135.05, 1500.0], [4135.1, 4980.0], [4135.15, 16685.0], [4135.2, 4186.0], [4135.3, 2067.0], [4135.4, 3940.0], [4135.45, 5851.0], [4135.5, 8026.0]]}}}
{"jsonrpc": "2.0", "method": "subscription", "params": {"channel": "book.ETH-PERPETUAL.none.20.100ms", "data": {"timestamp": 1761664359282, "change_id": 93791815736, "instrument_name": "ETH-PERPETUAL", "bids": [[4134.0, 33212.0], [4133.8, 1590.0], [4133.75, 39.0], [4133.6, 2846.0], [4133.55, 9300.0], [4133.5, 234.0], [4133.45, 24.0], [4133.35, 1000.0], [4133.1, 966.0], [4133.05, 5039.0], [4133.0, 16880.0], [4132.8, 13278.0], [4132.75, 16971.0], [4132.7, 6267.0], [4132.65, 2085.0], [4132.6, 16685.0], [4132.5, 1252.0], [4132.45, 4177.0], [4132.4, 15411.0], [4132.35, 51628.0]], "asks": [[4134.05, 5919.0], [4134.25, 9300.0], [4134.3, 1000.0], [4134.4, 5000.0], [4134.5, 9300.0], [4134.6, 16854.0], [4134.65, 30.0], [4134.75, 3474.0], [4134.8, 10929.0], [4134.85, 13428.0], [4134.9, 34185.0], [4135.1, 4980.0], [4135.15, 16685.0], [4135.2, 5251.0], [4135.3, 2067.0], [4135.4, 5440.0], [4135.45, 5851.0], [4135.5, 8026.0], [4135.9, 1747.0], [4135.95, 5851.0]]}}}
{"jsonrpc": "2.0", "method": "subscription", "params": {"channel": "book.ETH-PERPETUAL.none.20.100ms", "data": {"timestamp": 1761664359605, "change_id": 93791816632, "instrument_name": "ETH-PERPETUAL", "bids": [[4134.0, 7875.0], [4133.8, 1590.0], [4133.75, 39.0], [4133.6, 2846.0], [4133.55, 10929.0], [4133.5, 234.0], [4133.35, 1000.0], [4133.1, 966.0], [4133.05, 5039.0], [4133.0, 16880.0], [4132.8, 28456.0], [4132.75, 16971.0], [4132.7, 57766.0], [4132.65, 2085.0], [4132.6, 16685.0], [4132.55, 7058.0], [4132.5, 20001.0], [4132.45, 4177.0], [4132.35, 1628.0], [4132.2, 1332.0]], "asks": [[4134.05, 1701.0], [4134.25, 9300.0], [4134.3, 1000.0], [4134.5, 9300.0], [4134.75, 212.0], [4134.8, 27783.0], [4134.9, 16685.0], [4135.15, 1250.0], [4135.2, 4216.0], [4135.25, 10074.0], [4135.3, 19567.0], [4135.4, 20625.0], [4135.45, 5851.0], [4135.5, 8026.0], [4135.65, 1250.0], [4135.7, 4189.0], [4135.85, 1500.0], [4135.9, 1747.0], [4135.95, 5851.0], [4136.15, 1250.0]]}}}
{"jsonrpc": "2.0", "method": "subscription", "params": {"channel": "book.ETH-PERPETUAL.none.20.100ms", "data": {"timestamp": 1761664359941, "change_id": 93791818181, "instrument_name": "ETH-PERPETUAL", "bids": [[4135.45, 6016.0], [4134.85, 1274.0], [4134.8, 12423.0], [4134.75, 8881.0], [4134.6, 16685.0], [4134.55, 10952.0], [4134.5, 25966.0], [4134.4, 9126.0], [4134.25, 201.0], [4134.2, 42829.0], [4134.05, 9300.0], [4134.0, 2114.0], [4133.9, 7440.0], [4133.8, 1590.0], [4133.75, 39.0], [4133.7, 9252.0], [4133.65, 16685.0], [4133.6, 12901.0], [4133.55, 10929.0], [4133.5, 234.0]], "asks": [[4135.5, 18388.0], [4135.8, 16685.0], [4135.95, 1665.0], [4136.4, 1285.0], [4136.45, 120.0], [4136.5, 16685.0], [4136.6, 24143.0], [4136.7, 1600.0], [4136.75, 50000.0], [4136.8, 6066.0], [4136.9, 18753.0], [4136.95, 4169.0], [4137.0, 1625.0], [4137.1, 30.0], [4137.2, 4152.0], [4137.3, 6824.0], [4137.35, 17500.0], [4137.45, 1654.0], [4137.5, 5.0], [4137.6, 19446.0]]}}}
{"jsonrpc": "2.0", "method": "subscription", "params": {"channel": "book.ETH-PERPETUAL.none.20.100ms", "data": {"timestamp": 1761664360271, "change_id": 93791820722, "instrument_name": "ETH-PERPETUAL", "bids": [[4134.25, 557.0], [4134.0, 90.0], [4133.95, 6535.0], [4133.85, 16854.0], [4133.8, 1590.0], [4133.75, 39.0], [4133.7, 5602.0], [4133.65, 16685.0], [4133.6, 7949.0], [4133.55, 10929.0], [4133.5, 234.0], [4133.45, 16685.0], [4133.4, 16016.0], [4133.35, 54189.0], [4133.15, 966.0], [4133.1, 5603.0], [4133.05, 18770.0], [4133.0, 1445.0], [4132.95, 4189.0], [4132.85, 1499.0]], "asks": [[4134.3, 34223.0], [4134.35, 181.0], [4134.6, 9300.0], [4134.9, 212.0], [4135.15, 1629.0], [4135.25, 4980.0], [4135.3, 16685.0], [4135.4, 2784.0], [4135.45, 9300.0], [4135.5, 26.0], [4135.7, 1250.0], [4135.75, 4189.0], [4135.85, 7177.0], [4135.9, 18354.0], [4135.95, 1665.0], [4136.1, 1868.0], [4136.15, 4189.0], [4136.2, 2068.0], [4136.4, 30.0], [4136.45, 120.0]]}}}
{"jsonrpc": "2.0", "method": "subscription", "params": {"channel": "book.ETH-PERPETUAL.none.20.100ms", "data": {"timestamp": 1761664360603, "change_id": 93791821782, "instrument_name": "ETH-PERPETUAL", "bids": [[4134.25, 10077.0], [4134.0, 90.0], [4133.8, 1614.0], [4133.75, 39.0], [4133.7, 5602.0], [4133.65, 16685.0], [4133.6, 12589.0], [4133.55, 11929.0], [4133.5, 17088.0], [4133.4, 17935.0], [4133.35, 4189.0], [4133.25, 1086.0], [4133.2, 20656.0], [4133.15, 966.0], [4133.05, 68770.0], [4133.0, 10711.0], [4132.95, 4189.0], [4132.85, 19996.0], [4132.8, 15795.0], [4132.75, 117.0]], "asks": [[4134.3, 14298.0], [4134.4, 1000.0], [4134.6, 9300.0], [4134.9, 212.0], [4134.95, 930.0], [4135.15, 1629.0], [4135.25, 4980.0], [4135.3, 16685.0], [4135.4, 10152.0], [4135.45, 13489.0], [4135.5, 1774.0], [4135.55, 18783.0], [4135.7, 1250.0], [4135.75, 4189.0], [4135.8, 18222.0], [4135.85, 20000.0], [4135.9, 16854.0], [4135.95, 1665.0], [4136.0, 17500.0], [4136.1, 1250.0]]}}}
{"jsonrpc": "2.0", "method": "subscription", "params": {"channel": "book.ETH-PERPETUAL.none.20.100ms", "data": {"timestamp": 1761664360930, "change_id": 93791822558, "instrument_name": "ETH-PERPETUAL", "bids": [[4134.25, 10077.0], [4134.0, 90.0], [4133.9, 3258.0], [4133.85, 9300.0], [4133.8, 1614.0], [4133.75, 39.0], [4133.7, 14485.0], [4133.65, 16685.0], [4133.6, 46830.0], [4133.55, 11929.0], [4133.5, 17088.0], [4133.4, 17935.0], [4133.35, 4189.0], [4133.2, 6571.0], [4133.05, 18770.0], [4133.0, 19514.0], [4132.95, 54189.0], [4132.9, 859.0], [4132.85, 1499.0], [4132.8, 14741.0]], "asks": [[4134.3, 14298.0], [4134.4, 1000.0], [4134.9, 212.0], [4135.15, 1629.0], [4135.25, 5010.0], [4135.3, 16685.0], [4135.4, 10152.0], [4135.45, 13489.0], [4135.5, 8026.0], [4135.55, 18753.0], [4135.7, 6762.0], [4135.75, 21689.0], [4135.8, 11498.0], [4135.85, 21500.0], [4135.9, 16854.0], [4135.95, 1665.0], [4136.05, 1263.0], [4136.1, 1250.0], [4136.15, 4189.0], [4136.45, 120.0]]}}}
{"jsonrpc": "2.0", "method": "subscription", "params": {"channel": "book.ETH-PERPETUAL.none.20.100ms", "data": {"timestamp": 1761664361265, "change_id": 93791823809, "instrument_name": "ETH-PERPETUAL", "bids": [[4134.25, 34345.0], [4134.0, 90.0], [4133.9, 3258.0], [4133.85, 9300.0], [4133.8, 1614.0], [4133.75, 39.0], [4133.7, 14485.0], [4133.65, 16685.0], [4133.6, 46830.0], [4133.55, 11929.0], [4133.5, 17088.0], [4133.4, 17935.0], [4133.35, 4189.0], [4133.2, 20367.0], [4133.1, 50000.0], [4133.05, 18770.0], [4133.0, 4121.0], [4132.95, 4189.0], [4132.9, 859.0], [4132.85, 19996.0]], "asks": [[4134.3, 6182.0], [4134.4, 1000.0], [4134.9, 212.0], [4135.15, 1629.0], [4135.25, 5010.0], [4135.3, 16685.0], [4135.4, 10152.0], [4135.45, 13489.0], [4135.5, 8026.0], [4135.55, 38753.0], [4135.7, 6762.0], [4135.75, 21689.0], [4135.8, 1500.0], [4135.9, 16854.0], [4135.95, 1665.0], [4136.1, 1250.0], [4136.15, 4189.0], [4136.45, 120.0], [4136.55, 1250.0], [4136.6, 4186.0]]}}}
{"jsonrpc": "2.0", "method": "subscription", "params": {"channel": "book.ETH-PERPETUAL.none.20.100ms", "data": {"timestamp": 1761664361593, "change_id": 93791824176, "instrument_name": "ETH-PERPETUAL", "bids": [[4134.25, 45557.0], [4134.0, 90.0], [4133.9, 3258.0], [4133.85, 9300.0], [4133.8, 1590.0], [4133.75, 39.0], [4133.7, 14485.0], [4133.65, 16685.0], [4133.6, 46830.0], [4133.55, 11929.0], [4133.5, 17088.0], [4133.4, 17935.0], [4133.35, 4189.0], [4133.2, 20367.0], [4133.15, 50000.0], [4133.05, 18770.0], [4133.0, 10558.0], [4132.95, 4189.0], [4132.9, 2358.0], [4132.85, 19996.0]], "asks": [[4134.3, 6182.0], [4134.85, 1000.0], [4134.9, 212.0], [4135.15, 1629.0], [4135.25, 5010.0], [4135.3, 16685.0], [4135.4, 10152.0], [4135.45, 13489.0], [4135.5, 8026.0], [4135.55, 38753.0], [4135.7, 6762.0], [4135.75, 21689.0], [4135.85, 1500.0], [4135.9, 16854.0], [4135.95, 1665.0], [4136.1, 1250.0], [4136.15, 4189.0], [4136.45, 120.0], [4136.55, 1250.0], [4136.6, 4186.0]]}}}
{"jsonrpc": "2.0", "method": "subscription", "params": {"channel": "book.ETH-PERPETUAL.none.20.100ms", "data": {"timestamp": 1761664361904, "change_id": 93791824766, "instrument_name": "ETH-PERPETUAL", "bids": [[4134.25, 23669.0], [4134.0, 8893.0], [4133.95, 9300.0], [4133.85, 10300.0], [4133.8, 10890.0], [4133.75, 39.0], [4133.7, 14485.0], [4133.65, 16685.0], [4133.6, 46830.0], [4133.55, 10929.0], [4133.5, 17088.0], [4133.4, 17935.0], [4133.35, 4189.0], [4133.2, 20367.0], [4133.15, 50000.0], [4133.05, 18770.0], [4133.0, 10558.0], [4132.95, 5688.0], [4132.9, 859.0], [4132.85, 19996.0]], "asks": [[4134.3, 9481.0], [4134.75, 5000.0], [4134.85, 1000.0], [4134.9, 212.0], [4135.15, 1629.0], [4135.25, 5010.0], [4135.3, 16685.0], [4135.4, 10152.0], [4135.45, 13489.0], [4135.5, 8026.0], [4135.55, 38753.0], [4135.7, 6762.0], [4135.75, 21689.0], [4135.9, 18354.0], [4135.95, 1665.0], [4136.1, 1250.0], [4136.15, 4189.0], [4136.45, 120.0], [4136.55, 1250.0], [4136.6, 4186.0]]}}}
{"jsonrpc": "2.0", "method": "subscription", "params": {"channel": "book.ETH-PERPETUAL.none.20.100ms", "data": {"timestamp": 1761664362214, "change_id": 93791825590, "instrument_name": "ETH-PERPETUAL", "bids": [[4134.25, 5464.0], [4134.0, 6415.0], [4133.95, 9324.0], [4133.85, 10300.0], [4133.8, 1590.0], [4133.75, 39.0], [4133.7, 14485.0], [4133.65, 16685.0], [4133.6, 46830.0], [4133.55, 10929.0], [4133.5, 17088.0], [4133.4, 17935.0], [4133.35, 4189.0], [4133.2, 6571.0], [4133.05, 18770.0], [4133.0, 19066.0], [4132.95, 4189.0], [4132.9, 859.0], [4132.85, 50000.0], [4132.8, 14937.0]], "asks": [[4134.3, 29719.0], [4134.85, 1000.0], [4134.9, 212.0], [4135.0, 30.0], [4135.15, 4017.0], [4135.2, 8000.0], [4135.25, 4980.0], [4135.3, 16685.0], [4135.4, 14304.0], [4135.45, 13489.0], [4135.5, 26.0], [4135.55, 38753.0], [4135.7, 8262.0], [4135.75, 21689.0], [4135.85, 5528.0], [4135.9, 16854.0], [4135.95, 1665.0], [4136.1, 1250.0], [4136.15, 4189.0], [4136.55, 1250.0]]}}}
{"jsonrpc": "2.0", "method": "subscription", "params": {"channel": "book.ETH-PERPETUAL.none.20.100ms", "data": {"timestamp": 1761664362586, "change_id": 93791826290, "instrument_name": "ETH-PERPETUAL", "bids": [[4134.25, 5464.0], [4134.0, 6415.0], [4133.95, 9324.0], [4133.85, 9300.0], [4133.8, 1590.0], [4133.75, 39.0], [4133.7, 14485.0], [4133.65, 17685.0], [4133.6, 46830.0], [4133.55, 10929.0], [4133.5, 17088.0], [4133.4, 17935.0], [4133.35, 4189.0], [4133.2, 6571.0], [4133.05, 18770.0], [4133.0, 19066.0], [4132.95, 4189.0], [4132.9, 859.0], [4132.85, 69996.0], [4132.8, 14937.0]], "asks": [[4134.3, 29418.0], [4134.4, 1000.0], [4134.9, 212.0], [4135.15, 4017.0], [4135.2, 8000.0], [4135.25, 4980.0], [4135.3, 16685.0], [4135.4, 14334.0], [4135.45, 13489.0], [4135.5, 17519.0], [4135.55, 38753.0], [4135.7, 1250.0], [4135.75, 4189.0], [4135.8, 1500.0], [4135.85, 5528.0], [4135.9, 16854.0], [4135.95, 1665.0], [4136.1, 1250.0], [4136.15, 4189.0], [4136.55, 1250.0]]}}}
{"jsonrpc": "2.0", "method": "subscription", "params": {"channel": "book.ETH-PERPETUAL.none.20.100ms", "data": {"timestamp": 1761664362859, "change_id": 93791826926, "instrument_name": "ETH-PERPETUAL", "bids": [[4134.25, 9761.0], [4134.1, 2803.0], [4134.05, 9300.0], [4134.0, 3348.0], [4133.95, 24.0], [4133.85, 9300.0], [4133.8, 1590.0], [4133.75, 39.0], [4133.7, 14485.0], [4133.65, 17685.0], [4133.6, 46830.0], [4133.55, 10929.0], [4133.5, 17088.0], [4133.4, 17935.0], [4133.35, 4189.0], [4133.2, 20367.0], [4133.05, 68770.0], [4133.0, 10110.0], [4132.95, 4189.0], [4132.9, 859.0]], "asks": [[4134.3, 29599.0], [4134.35, 9300.0], [4134.4, 1000.0], [4134.7, 9300.0], [4134.75, 17.0], [4134.9, 212.0], [4135.15, 4047.0], [4135.2, 8000.0], [4135.25, 4980.0], [4135.3, 16685.0], [4135.4, 14304.0], [4135.45, 13489.0], [4135.5, 17557.0], [4135.55, 38753.0], [4135.7, 1250.0], [4135.75, 4189.0], [4135.8, 1500.0], [4135.85, 5528.0], [4135.9, 16854.0], [4135.95, 1665.0]]}}}
{"jsonrpc": "2.0", "method": "subscription", "params": {"channel": "book.ETH-PERPETUAL.none.20.100ms", "data": {"timestamp": 1761664363249, "change_id": 93791827709, "instrument_name": "ETH-PERPETUAL", "bids": [[4134.25, 4241.0], [4134.0, 3348.0], [4133.85, 9300.0], [4133.8, 1590.0], [4133.75, 39.0], [4133.7, 9803.0], [4133.65, 1024.0], [4133.6, 45864.0], [4133.55, 10929.0], [4133.5, 17088.0], [4133.4, 17935.0], [4133.35, 4189.0], [4133.2, 6571.0], [4133.05, 18770.0], [4133.0, 4121.0], [4132.95, 4189.0], [4132.9, 859.0], [4132.8, 14937.0], [4132.75, 50117.0], [4132.7, 4187.0]], "asks": [[4134.3, 29719.0], [4134.35, 9300.0], [4134.4, 1000.0], [4134.7, 9300.0], [4134.75, 17.0], [4134.9, 242.0], [4135.15, 4017.0], [4135.2, 8000.0], [4135.25, 4980.0], [4135.3, 16685.0], [4135.4, 14304.0], [4135.45, 13489.0], [4135.5, 17557.0], [4135.55, 38753.0], [4135.65, 1500.0], [4135.7, 1250.0], [4135.75, 4189.0], [4135.85, 5528.0], [4135.9, 16854.0], [4135.95, 1665.0]]}}}
{"jsonrpc": "2.0", "method": "subscription", "params": {"channel": "book.ETH-PERPETUAL.none.20.100ms", "data": {"timestamp": 1761664363583, "change_id": 93791828483, "instrument_name": "ETH-PERPETUAL", "bids": [[4134.25, 4000.0], [4134.0, 90.0], [4133.8, 1590.0], [4133.75, 39.0], [4133.7, 9803.0], [4133.65, 24.0], [4133.6, 36121.0], [4133.55, 9300.0], [4133.5, 234.0], [4133.4, 6122.0], [4133.35, 21043.0], [4133.25, 966.0], [4133.2, 6571.0], [4133.1, 1000.0], [4133.05, 18770.0], [4133.0, 4121.0], [4132.95, 4189.0], [4132.9, 859.0], [4132.8, 64937.0], [4132.75, 117.0]], "asks": [[4134.3, 29719.0], [4134.35, 9300.0], [4134.4, 1000.0], [4134.65, 30.0], [4134.7, 9300.0], [4134.75, 17.0], [4134.9, 212.0], [4135.15, 4017.0], [4135.2, 18950.0], [4135.25, 20000.0], [4135.3, 16685.0], [4135.4, 15804.0], [4135.45, 13489.0], [4135.5, 17557.0], [4135.55, 18753.0], [4135.7, 1250.0], [4135.75, 4189.0], [4135.85, 5528.0], [4135.9, 16854.0], [4135.95, 1665.0]]}}}
{"jsonrpc": "2.0", "method": "subscription", "params": {"channel": "book.ETH-PERPETUAL.none.20.100ms", "data": {"timestamp": 1761664363907, "change_id": 93791829859, "instrument_name": "ETH-PERPETUAL", "bids": [[4134.25, 4040.0], [4134.0, 90.0], [4133.9, 3251.0], [4133.85, 9300.0], [4133.8, 1590.0], [4133.75, 39.0], [4133.65, 24.0], [4133.6, 7474.0], [4133.55, 9300.0], [4133.5, 234.0], [4133.45, 1000.0], [4133.4, 22845.0], [4133.35, 22672.0], [4133.2, 6571.0], [4133.05, 18770.0], [4133.0, 4121.0], [4132.95, 4189.0], [4132.9, 859.0], [4132.8, 64937.0], [4132.75, 117.0]], "asks": [[4134.3, 30026.0], [4134.35, 9300.0], [4134.4, 1000.0], [4134.6, 9300.0], [4134.65, 30.0], [4134.7, 9300.0], [4134.75, 17.0], [4134.9, 212.0], [4135.15, 4017.0], [4135.2, 18950.0], [4135.25, 20000.0], [4135.3, 16685.0], [4135.4, 14304.0], [4135.45, 5689.0], [4135.5, 17557.0], [4135.55, 18753.0], [4135.7, 1250.0], [4135.75, 4189.0], [4135.85, 5528.0], [4135.9, 16854.0]]}}}
{"jsonrpc": "2.0", "method": "subscription", "params": {"channel": "book.ETH-PERPETUAL.none.20.100ms", "data": {"timestamp": 1761664364244, "change_id": 93791830441, "instrument_name": "ETH-PERPETUAL", "bids": [[4134.25, 4000.0], [4134.0, 90.0], [4133.8, 1590.0], [4133.75, 39.0], [4133.65, 24.0], [4133.6, 7474.0], [4133.55, 9300.0], [4133.5, 234.0], [4133.45, 1000.0], [4133.4, 32640.0], [4133.35, 55945.0], [4133.2, 6571.0], [4133.15, 966.0], [4133.05, 18770.0], [4133.0, 4121.0], [4132.95, 4189.0], [4132.9, 859.0], [4132.8, 14937.0], [4132.75, 50117.0], [4132.7, 4187.0]], "asks": [[4134.3, 30026.0], [4134.35, 9300.0], [4134.4, 1000.0], [4134.6, 9300.0], [4134.65, 30.0], [4134.7, 9300.0], [4134.75, 17.0], [4134.9, 212.0], [4135.15, 4017.0], [4135.2, 23222.0], [4135.25, 37500.0], [4135.3, 16685.0], [4135.4, 6782.0], [4135.45, 5689.0], [4135.5, 57.0], [4135.55, 18753.0], [4135.7, 1250.0], [4135.75, 4189.0], [4135.85, 5528.0], [4135.9, 16854.0]]}}}
{"jsonrpc": "2.0", "method": "subscription", "params": {"channel": "book.ETH-PERPETUAL.none.20.100ms", "data": {"timestamp": 1761664364575, "change_id": 93791831753, "instrument_name": "ETH-PERPETUAL", "bids": [[4134.0, 90.0], [4133.8, 1590.0], [4133.75, 39.0], [4133.4, 9940.0], [4133.35, 33273.0], [4133.05, 27.0], [4133.0, 2160.0], [4132.95, 1000.0], [4132.8, 14937.0], [4132.75, 16723.0], [4132.7, 4187.0], [4132.6, 37577.0], [4132.55, 1248.0], [4132.5, 18811.0], [4132.45, 4177.0], [4132.35, 17639.0], [4132.3, 50000.0], [4132.2, 1332.0], [4132.1, 4373.0], [4132.0, 90.0]], "asks": [[4134.05, 35570.0], [4134.1, 9300.0], [4134.15, 9300.0], [4134.25, 1841.0], [4134.3, 309.0], [4134.35, 9300.0], [4134.4, 7807.0], [4134.45, 16854.0], [4134.6, 9300.0], [4134.65, 2781.0], [4134.7, 9300.0], [4134.75, 17.0], [4134.85, 14961.0], [4134.9, 16723.0], [4134.95, 20000.0], [4135.0, 17500.0], [4135.05, 4127.0], [4135.1, 9500.0], [4135.15, 1629.0], [4135.2, 8470.0]]}}}
{"jsonrpc": "2.0", "method": "subscription", "params": {"channel": "book.ETH-PERPETUAL.none.20.100ms", "data": {"timestamp": 1761664364905, "change_id": 93791832736, "instrument_name": "ETH-PERPETUAL", "bids": [[4134.0, 4090.0], [4133.8, 1590.0], [4133.75, 39.0], [4133.3, 27.0], [4133.0, 2160.0], [4132.95, 1000.0], [4132.8, 14937.0], [4132.75, 18812.0], [4132.7, 4187.0], [4132.6, 37577.0], [4132.55, 1248.0], [4132.5, 5.0], [4132.45, 21031.0], [4132.35, 52594.0], [4132.2, 1332.0], [4132.1, 4373.0], [4132.0, 90.0], [4131.85, 21495.0], [4131.8, 4167.0], [4131.7, 40.0]], "asks": [[4134.05, 41554.0], [4134.1, 9300.0], [4134.25, 1841.0], [4134.35, 9300.0], [4134.4, 17107.0], [4134.45, 16854.0], [4134.6, 23275.0], [4134.65, 20000.0], [4134.75, 17517.0], [4134.85, 6940.0], [4134.9, 16723.0], [4135.05, 4127.0], [4135.1, 8000.0], [4135.15, 1629.0], [4135.2, 8470.0], [4135.3, 18758.0], [4135.45, 4189.0], [4135.5, 57.0], [4135.7, 1250.0], [4135.75, 4189.0]]}}}
{"jsonrpc": "2.0", "method": "subscription", "params": {"channel": "book.ETH-PERPETUAL.none.20.100ms", "data": {"timestamp": 1761664365230, "change_id": 93791834652, "instrument_name": "ETH-PERPETUAL", "bids": [[4134.7, 14353.0], [4134.55, 5949.0], [4134.5, 20000.0], [4134.15, 27.0], [4134.1, 3077.0], [4134.05, 9512.0], [4134.0, 795.0], [4133.95, 5506.0], [4133.9, 16854.0], [4133.8, 1590.0], [4133.75, 227.0], [4133.7, 5289.0], [4133.65, 17717.0], [4133.6, 1110.0], [4133.55, 1629.0], [4133.45, 4177.0], [4133.4, 50000.0], [4133.35, 4198.0], [4133.25, 16834.0], [4133.0, 1694.0]], "asks": [[4134.75, 19489.0], [4135.1, 8000.0], [4135.15, 1629.0], [4135.35, 16854.0], [4135.5, 38.0], [4135.7, 6081.0], [4135.75, 4189.0], [4135.8, 16717.0], [4135.95, 6655.0], [4136.0, 18790.0], [4136.1, 2750.0], [4136.15, 4189.0], [4136.2, 20000.0], [4136.4, 17500.0], [4136.55, 1250.0], [4136.6, 4186.0], [4136.7, 1600.0], [4136.8, 27866.0], [4136.85, 72500.0], [4136.9, 17788.0]]}}}
{"jsonrpc": "2.0", "method": "subscription", "params": {"channel": "book.ETH-PERPETUAL.none.20.100ms", "data": {"timestamp": 1761664365564, "change_id": 93791835325, "instrument_name": "ETH-PERPETUAL", "bids": [[4134.7, 14353.0], [4134.55, 5949.0], [4134.5, 20000.0], [4134.1, 3077.0], [4134.05, 9512.0], [4134.0, 291.0], [4133.95, 5506.0], [4133.9, 16854.0], [4133.8, 1590.0], [4133.75, 227.0], [4133.7, 5289.0], [4133.65, 17717.0], [4133.6, 1110.0], [4133.55, 1629.0], [4133.45, 4177.0], [4133.4, 50000.0], [4133.35, 4198.0], [4133.25, 16834.0], [4133.0, 195.0], [4132.95, 11532.0]], "asks": [[4134.75, 22334.0], [4135.1, 8000.0], [4135.15, 1629.0], [4135.3, 5031.0], [4135.35, 16854.0], [4135.5, 38.0], [4135.7, 6081.0], [4135.75, 4189.0], [4135.8, 16717.0], [4135.85, 18800.0], [4135.9, 37500.0], [4135.95, 1665.0], [4136.0, 18790.0], [4136.1, 1250.0], [4136.15, 4189.0], [4136.55, 1250.0], [4136.6, 4186.0], [4136.7, 1600.0], [4136.8, 27866.0], [4136.85, 72500.0]]}}}
{"jsonrpc": "2.0", "method": "subscription", "params": {"channel": "book.ETH-PERPETUAL.none.20.100ms", "data": {"timestamp": 1761664365883, "change_id": 93791836335, "instrument_name": "ETH-PERPETUAL", "bids": [[4134.7, 4040.0], [4134.1, 3077.0], [4134.05, 9512.0], [4134.0, 291.0], [4133.95, 5506.0], [4133.9, 16854.0], [4133.8, 1590.0], [4133.75, 227.0], [4133.7, 5289.0], [4133.65, 18683.0], [4133.6, 1110.0], [4133.55, 1629.0], [4133.45, 4177.0], [4133.35, 4198.0], [4133.25, 16834.0], [4133.15, 50000.0], [4133.0, 195.0], [4132.95, 4198.0], [4132.9, 1086.0], [4132.85, 1499.0]], "asks": [[4134.75, 31536.0], [4135.05, 9300.0], [4135.1, 8000.0], [4135.15, 1629.0], [4135.3, 5031.0], [4135.35, 16854.0], [4135.5, 78.0], [4135.6, 11912.0], [4135.65, 17500.0], [4135.75, 4189.0], [4135.8, 16717.0], [4135.85, 1500.0], [4135.9, 20000.0], [4135.95, 1665.0], [4136.0, 18790.0], [4136.1, 1250.0], [4136.15, 4189.0], [4136.55, 1250.0], [4136.6, 4186.0], [4136.7, 1600.0]]}}}
{"jsonrpc": "2.0", "method": "subscription", "params": {"channel": "book.ETH-PERPETUAL.none.20.100ms", "data": {"timestamp": 1761664366221, "change_id": 93791837438, "instrument_name": "ETH-PERPETUAL", "bids": [[4134.0, 647.0], [4133.8, 1590.0], [4133.75, 227.0], [4133.65, 1000.0], [4133.6, 6622.0], [4133.55, 16854.0], [4133.35, 1629.0], [4133.3, 5025.0], [4133.25, 16834.0], [4133.05, 5049.0], [4133.0, 16913.0], [4132.95, 4198.0], [4132.8, 51988.0], [4132.75, 16718.0], [4132.7, 6275.0], [4132.6, 2089.0], [4132.55, 1248.0], [4132.5, 21500.0], [4132.45, 4177.0], [4132.35, 1628.0]], "asks": [[4134.05, 54144.0], [4134.55, 9300.0], [4134.6, 9300.0], [4134.65, 1629.0], [4134.7, 212.0], [4134.75, 202.0], [4134.85, 4990.0], [4134.9, 16718.0], [4135.0, 5650.0], [4135.05, 9300.0], [4135.1, 8000.0], [4135.15, 1629.0], [4135.2, 4198.0], [4135.25, 10640.0], [4135.3, 18791.0], [4135.35, 16854.0], [4135.4, 17500.0], [4135.5, 78.0], [4135.55, 1500.0], [4135.75, 4189.0]]}}}
{"jsonrpc": "2.0", "method": "subscription", "params": {"channel": "book.ETH-PERPETUAL.none.20.100ms", "data": {"timestamp": 1761664366556, "change_id": 93791838220, "instrument_name": "ETH-PERPETUAL", "bids": [[4134.0, 331.0], [4133.8, 1590.0], [4133.75, 227.0], [4133.6, 6622.0], [4133.55, 16854.0], [4133.5, 27.0], [4133.35, 1629.0], [4133.3, 5025.0], [4133.25, 16834.0], [4133.2, 1000.0], [4133.05, 6015.0], [4133.0, 16913.0], [4132.95, 4198.0], [4132.85, 50000.0], [4132.8, 1988.0], [4132.75, 16718.0], [4132.7, 6275.0], [4132.6, 2089.0], [4132.55, 2747.0], [4132.5, 20001.0]], "asks": [[4134.05, 34264.0], [4134.5, 1000.0], [4134.55, 9300.0], [4134.6, 9300.0], [4134.65, 1629.0], [4134.7, 212.0], [4134.75, 1832.0], [4134.85, 4990.0], [4134.9, 16718.0], [4135.0, 5650.0], [4135.05, 9300.0], [4135.1, 8000.0], [4135.15, 1629.0], [4135.2, 4198.0], [4135.25, 10640.0], [4135.3, 18791.0], [4135.35, 16854.0], [4135.4, 17500.0], [4135.5, 78.0], [4135.7, 1500.0]]}}}
{"jsonrpc": "2.0", "method": "subscription", "params": {"channel": "book.ETH-PERPETUAL.none.20.100ms", "data": {"timestamp": 1761664366840, "change_id": 93791838816, "instrument_name": "ETH-PERPETUAL", "bids": [[4134.0, 30146.0], [4133.8, 1590.0], [4133.75, 227.0], [4133.7, 2776.0], [4133.65, 9300.0], [4133.6, 6622.0], [4133.55, 16854.0], [4133.4, 15742.0], [4133.35, 34902.0], [4133.25, 16834.0], [4133.2, 1966.0], [4133.0, 195.0], [4132.95, 4198.0], [4132.9, 15518.0], [4132.85, 50000.0], [4132.8, 1988.0], [4132.75, 18807.0], [4132.7, 6275.0], [4132.55, 1248.0], [4132.5, 20001.0]], "asks": [[4134.05, 34144.0], [4134.5, 1000.0], [4134.55, 9300.0], [4134.6, 9300.0], [4134.65, 1629.0], [4134.7, 212.0], [4134.75, 82.0], [4134.85, 4990.0], [4134.9, 16718.0], [4135.0, 4127.0], [4135.1, 8000.0], [4135.15, 1629.0], [4135.2, 4198.0], [4135.25, 20473.0], [4135.3, 38791.0], [4135.35, 16854.0], [4135.4, 17500.0], [4135.5, 78.0], [4135.7, 1500.0], [4135.75, 4189.0]]}}}
{"jsonrpc": "2.0", "method": "subscription", "params": {"channel": "book.ETH-PERPETUAL.none.20.100ms", "data": {"timestamp": 1761664367221, "change_id": 93791839687, "instrument_name": "ETH-PERPETUAL", "bids": [[4134.0, 4090.0], [4133.8, 1590.0], [4133.75, 227.0], [4133.4, 10562.0], [4133.35, 33273.0], [4133.25, 144.0], [4133.2, 1000.0], [4133.05, 9427.0], [4133.0, 35609.0], [4132.95, 4198.0], [4132.8, 1988.0], [4132.75, 18807.0], [4132.7, 6275.0], [4132.55, 1248.0], [4132.5, 5.0], [4132.45, 4177.0], [4132.4, 50000.0], [4132.35, 1628.0], [4132.25, 1499.0], [4132.2, 37848.0]], "asks": [[4134.05, 35452.0], [4134.2, 1000.0], [4134.5, 5552.0], [4134.55, 9300.0], [4134.6, 9300.0], [4134.65, 1629.0], [4134.7, 212.0], [4134.75, 82.0], [4134.85, 4990.0], [4134.9, 16718.0], [4135.0, 4127.0], [4135.1, 8000.0], [4135.15, 1629.0], [4135.2, 4198.0], [4135.25, 20473.0], [4135.3, 38791.0], [4135.35, 18354.0], [4135.4, 17500.0], [4135.5, 78.0], [4135.75, 4189.0]]}}}
{"jsonrpc": "2.0", "method": "subscription", "params": {"channel": "book.ETH-PERPETUAL.none.20.100ms", "data": {"timestamp": 1761664367536, "change_id": 93791840207, "instrument_name": "ETH-PERPETUAL", "bids": [[4134.0, 4090.0], [4133.8, 1590.0], [4133.75, 227.0], [4133.4, 10562.0], [4133.35, 33273.0], [4133.25, 144.0], [4133.2, 1000.0], [4133.05, 9427.0], [4133.0, 35609.0], [4132.95, 4198.0], [4132.8, 1988.0], [4132.75, 18802.0], [4132.7, 6275.0], [4132.6, 50000.0], [4132.55, 1248.0], [4132.5, 20001.0], [4132.45, 4177.0], [4132.4, 1499.0], [4132.35, 1628.0], [4132.3, 966.0]], "asks": [[4134.05, 34737.0], [4134.1, 5000.0], [4134.2, 1000.0], [4134.5, 5552.0], [4134.55, 9300.0], [4134.6, 9300.0], [4134.65, 1629.0], [4134.7, 212.0], [4134.75, 82.0], [4134.85, 4990.0], [4134.9, 16718.0], [4135.0, 4127.0], [4135.1, 8000.0], [4135.15, 1629.0], [4135.2, 4198.0], [4135.25, 20473.0], [4135.3, 38791.0], [4135.35, 18354.0], [4135.4, 17500.0], [4135.5, 78.0]]}}}
{"jsonrpc": "2.0", "method": "subscription", "params": {"channel": "book.ETH-PERPETUAL.none.20.100ms", "data": {"timestamp": 1761664367860, "change_id": 93791840800, "instrument_name": "ETH-PERPETUAL", "bids": [[4134.0, 4170.0], [4133.8, 1590.0], [4133.75, 227.0], [4133.6, 2784.0], [4133.55, 9300.0], [4133.5, 27.0], [4133.4, 10562.0], [4133.35, 33273.0], [4133.25, 117.0], [4133.2, 1000.0], [4133.05, 9427.0], [4133.0, 35609.0], [4132.95, 4198.0], [4132.8, 24398.0], [4132.75, 18802.0], [4132.7, 6275.0], [4132.6, 50000.0], [4132.55, 1248.0], [4132.5, 20001.0], [4132.45, 4177.0]], "asks": [[4134.05, 34462.0], [4134.1, 5000.0], [4134.15, 9300.0], [4134.2, 1000.0], [4134.45, 9300.0], [4134.6, 9300.0], [4134.65, 1629.0], [4134.7, 212.0], [4134.75, 82.0], [4134.85, 4990.0], [4134.9, 16718.0], [4135.0, 4127.0], [4135.1, 8000.0], [4135.15, 1629.0], [4135.2, 4198.0], [4135.25, 20473.0], [4135.3, 38791.0], [4135.35, 18354.0], [4135.4, 17500.0], [4135.5, 78.0]]}}}
