{"jsonrpc": "2.0", "id": 1, "result": ["book.ETH-PERPETUAL.none.20.100ms"], "usIn": 1756601024482066, "usOut": 1756601024482233, "usDiff": 167, "testnet": false}
{"jsonrpc": "2.0", "method": "subscription", "params": {"channel": "book.ETH-PERPETUAL.none.20.100ms", "data": {"timestamp": 1756601024481, "change_id": 84459637802, "instrument_name": "ETH-PERPETUAL", "bids": [[4408.05, 131994.0], [4408.0, 36552.0], [4407.95, 120570.0], [4407.75, 58332.0], [4407.7, 194440.0], [4407.5, 1052.0], [4407.45, 3507.0], [4407.25, 13.0], [4406.95, 8471.0], [4406.9, 17761.0], [4406.8, 10475.0], [4406.75, 7257.0], [4406.7, 19895.0], [4406.6, 2850.0], [4406.55, 9500.0], [4406.5, 36920.0], [4406.3, 9500.0], [4406.2, 23324.0], [4406.15, 9849.0], [4406.05, 70318.0]], "asks": [[4408.1, 8856.0], [4408.25, 60.0], [4408.8, 60000.0], [4409.0, 32.0], [4409.1, 40.0], [4409.15, 1418.0], [4409.2, 42499.0], [4409.25, 238448.0], [4409.3, 3000.0], [4409.35, 4738.0], [4409.4, 6000.0], [4409.6, 11165.0], [4409.65, 9485.0], [4409.7, 18000.0], [4409.75, 13020.0], [4409.95, 9485.0], [4410.0, 2775.0], [4410.1, 2846.0], [4410.15, 9485.0], [4410.2, 7536.0]]}}}
{"jsonrpc": "2.0", "method": "subscription", "params": {"channel": "book.ETH-PERPETUAL.none.20.100ms", "data": {"timestamp": 1756601024503, "change_id": 84459637908, "instrument_name": "ETH-PERPETUAL", "bids": [[4408.05, 131996.0], [4408.0, 36552.0], [4407.95, 120570.0], [4407.75, 58332.0], [4407.7, 194440.0], [4407.5, 1052.0], [4407.45, 3507.0], [4407.25, 13.0], [4406.95, 8471.0], [4406.9, 17761.0], [4406.8, 10475.0], [4406.75, 7257.0], [4406.7, 19895.0], [4406.6, 13570.0], [4406.55, 9500.0], [4406.5, 36920.0], [4406.3, 9500.0], [4406.2, 23324.0], [4406.15, 9849.0], [4406.05, 70318.0]], "asks": [[4408.1, 8856.0], [4408.25, 60.0], [4408.8, 60000.0], [4409.0, 32.0], [4409.1, 40.0], [4409.15, 1418.0], [4409.2, 42499.0], [4409.25, 238448.0], [4409.3, 3000.0], [4409.35, 4738.0], [4409.4, 6000.0], [4409.6, 11165.0], [4409.65, 9485.0], [4409.7, 18000.0], [4409.75, 13020.0], [4409.9, 3678.0], [4409.95, 9485.0], [4410.0, 2775.0], [4410.1, 2846.0], [4410.15, 9485.0]]}}}
{"jsonrpc": "2.0", "method": "subscription", "params": {"channel": "book.ETH-PERPETUAL.none.20.100ms", "data": {"timestamp": 1756601024756, "change_id": 84459638380, "instrument_name": "ETH-PERPETUAL", "bids": [[4408.05, 131528.0], [4408.0, 36552.0], [4407.95, 120570.0], [4407.75, 58332.0], [4407.7, 194440.0], [4407.5, 1052.0], [4407.45, 3507.0], [4407.25, 13.0], [4406.95, 8471.0], [4406.9, 17761.0], [4406.8, 10475.0], [4406.75, 7257.0], [4406.7, 19895.0], [4406.6, 13570.0], [4406.55, 9500.0], [4406.5, 36920.0], [4406.3, 9500.0], [4406.2, 23324.0], [4406.15, 9849.0], [4406.05, 70318.0]], "asks": [[4408.1, 8856.0], [4408.25, 60.0], [4408.8, 60000.0], [4409.0, 32.0], [4409.1, 40.0], [4409.15, 1418.0], [4409.2, 42499.0], [4409.25, 238448.0], [4409.35, 4738.0], [4409.55, 1800.0], [4409.6, 14252.0], [4409.65, 9485.0], [4409.7, 18000.0], [4409.75, 20.0], [4409.9, 3678.0], [4409.95, 9485.0], [4410.0, 2775.0], [4410.1, 2846.0], [4410.15, 9485.0], [4410.2, 7536.0]]}}}
{"jsonrpc": "2.0", "method": "subscription", "params": {"channel": "book.ETH-PERPETUAL.none.20.100ms", "data": {"timestamp": 1756601025145, "change_id": 84459639136, "instrument_name": "ETH-PERPETUAL", "bids": [[4408.05, 131528.0], [4408.0, 36552.0], [4407.95, 120570.0], [4407.75, 58332.0], [4407.7, 194440.0], [4407.5, 1052.0], [4407.45, 3507.0], [4407.25, 13.0], [4407.0, 18.0], [4406.95, 8471.0], [4406.9, 17761.0], [4406.8, 10475.0], [4406.75, 7257.0], [4406.7, 19895.0], [4406.6, 13570.0], [4406.55, 9500.0], [4406.5, 36943.0], [4406.3, 9500.0], [4406.2, 23324.0], [4406.15, 9849.0]], "asks": [[4408.1, 8856.0], [4408.25, 60.0], [4408.8, 60000.0], [4409.0, 32.0], [4409.1, 40.0], [4409.15, 1418.0], [4409.2, 72959.0], [4409.25, 238448.0], [4409.35, 4738.0], [4409.5, 1800.0], [4409.55, 6000.0], [4409.6, 8252.0], [4409.65, 9485.0], [4409.7, 18000.0], [4409.75, 20.0], [4409.9, 3678.0], [4409.95, 9485.0], [4410.0, 2775.0], [4410.1, 2846.0], [4410.15, 9485.0]]}}}
{"jsonrpc": "2.0", "method": "subscription", "params": {"channel": "book.ETH-PERPETUAL.none.20.100ms", "data": {"timestamp": 1756601025383, "change_id": 84459639407, "instrument_name": "ETH-PERPETUAL", "bids": [[4408.05, 132777.0], [4408.0, 36552.0], [4407.95, 120570.0], [4407.75, 58332.0], [4407.7, 194440.0], [4407.5, 1052.0], [4407.45, 3507.0], [4407.25, 13.0], [4407.0, 18.0], [4406.95, 8471.0], [4406.9, 17761.0], [4406.8, 10475.0], [4406.75, 7257.0], [4406.7, 19895.0], [4406.6, 13570.0], [4406.55, 9500.0], [4406.5, 36943.0], [4406.3, 9500.0], [4406.2, 5807.0], [4406.15, 9849.0]], "asks": [[4408.1, 8856.0], [4408.25, 60.0], [4408.8, 60000.0], [4409.0, 32.0], [4409.1, 40.0], [4409.15, 1418.0], [4409.2, 72959.0], [4409.25, 238448.0], [4409.35, 4738.0], [4409.5, 1800.0], [4409.55, 6000.0], [4409.6, 8252.0], [4409.65, 9485.0], [4409.7, 18000.0], [4409.75, 20.0], [4409.9, 3678.0], [4409.95, 9485.0], [4410.0, 2775.0], [4410.1, 2846.0], [4410.15, 9485.0]]}}}
{"jsonrpc": "2.0", "method": "subscription", "params": {"channel": "book.ETH-PERPETUAL.none.20.100ms", "data": {"timestamp": 1756601025761, "change_id": 84459640017, "instrument_name": "ETH-PERPETUAL", "bids": [[4408.05, 132777.0], [4408.0, 36552.0], [4407.95, 120570.0], [4407.75, 58332.0], [4407.7, 194440.0], [4407.5, 1052.0], [4407.45, 3507.0], [4407.25, 13.0], [4407.0, 18.0], [4406.95, 8471.0], [4406.9, 17761.0], [4406.8, 10475.0], [4406.75, 7257.0], [4406.7, 19895.0], [4406.6, 13570.0], [4406.55, 9500.0], [4406.5, 36943.0], [4406.35, 2850.0], [4406.3, 9500.0], [4406.2, 5807.0]], "asks": [[4408.1, 8856.0], [4408.25, 60.0], [4408.8, 60000.0], [4409.0, 32.0], [4409.1, 40.0], [4409.15, 1418.0], [4409.2, 72959.0], [4409.25, 238448.0], [4409.35, 7738.0], [4409.5, 1800.0], [4409.55, 6000.0], [4409.6, 8252.0], [4409.65, 9485.0], [4409.7, 18000.0], [4409.75, 20.0], [4409.8, 7578.0], [4409.85, 13000.0], [4409.95, 9485.0], [4410.0, 2775.0], [4410.1, 2846.0]]}}}
{"jsonrpc": "2.0", "method": "subscription", "params": {"channel": "book.ETH-PERPETUAL.none.20.100ms", "data": {"timestamp": 1756601026123, "change_id": 84459640378, "instrument_name": "ETH-PERPETUAL", "bids": [[4408.05, 132536.0], [4408.0, 36552.0], [4407.95, 120570.0], [4407.75, 58332.0], [4407.7, 194440.0], [4407.5, 1052.0], [4407.45, 3507.0], [4407.25, 13.0], [4407.0, 18.0], [4406.95, 8471.0], [4406.9, 17761.0], [4406.8, 10475.0], [4406.75, 7257.0], [4406.7, 19895.0], [4406.6, 13570.0], [4406.55, 9500.0], [4406.5, 36943.0], [4406.35, 2850.0], [4406.3, 9500.0], [4406.2, 5807.0]], "asks": [[4408.1, 8816.0], [4408.25, 60.0], [4408.8, 60000.0], [4409.0, 32.0], [4409.1, 40.0], [4409.15, 1418.0], [4409.2, 72959.0], [4409.25, 238448.0], [4409.35, 7738.0], [4409.5, 1800.0], [4409.55, 6000.0], [4409.6, 8252.0], [4409.65, 9485.0], [4409.7, 18000.0], [4409.75, 20.0], [4409.8, 7578.0], [4409.85, 13000.0], [4409.95, 9485.0], [4410.0, 2775.0], [4410.1, 2846.0]]}}}
{"jsonrpc": "2.0", "method": "subscription", "params": {"channel": "book.ETH-PERPETUAL.none.20.100ms", "data": {"timestamp": 1756601026482, "change_id": 84459640898, "instrument_name": "ETH-PERPETUAL", "bids": [[4408.05, 132540.0], [4408.0, 36552.0], [4407.95, 120570.0], [4407.75, 58332.0], [4407.7, 194440.0], [4407.5, 1052.0], [4407.45, 3507.0], [4407.25, 13.0], [4407.0, 18.0], [4406.95, 8471.0], [4406.9, 17761.0], [4406.8, 10475.0], [4406.75, 7257.0], [4406.7, 19895.0], [4406.6, 13570.0], [4406.55, 9500.0], [4406.5, 36943.0], [4406.35, 2850.0], [4406.3, 9500.0], [4406.2, 5807.0]], "asks": [[4408.1, 18706.0], [4408.25, 60.0], [4408.8, 60000.0], [4409.0, 32.0], [4409.1, 40.0], [4409.15, 1418.0], [4409.2, 72959.0], [4409.25, 238448.0], [4409.35, 4738.0], [4409.45, 3000.0], [4409.6, 8252.0], [4409.65, 9485.0], [4409.7, 24000.0], [4409.75, 20.0], [4409.95, 9485.0], [4410.0, 2775.0], [4410.05, 13000.0], [4410.1, 2846.0], [4410.15, 9485.0], [4410.2, 7536.0]]}}}
{"jsonrpc": "2.0", "method": "subscription", "params": {"channel": "book.ETH-PERPETUAL.none.20.100ms", "data": {"timestamp": 1756601026777, "change_id": 84459641338, "instrument_name": "ETH-PERPETUAL", "bids": [[4408.05, 104163.0], [4408.0, 56541.0], [4407.95, 120570.0], [4407.75, 58332.0], [4407.7, 201940.0], [4407.5, 1052.0], [4407.45, 3507.0], [4407.25, 13.0], [4407.0, 18.0], [4406.95, 8471.0], [4406.9, 17761.0], [4406.8, 10475.0], [4406.75, 7257.0], [4406.7, 19895.0], [4406.6, 13570.0], [4406.55, 9500.0], [4406.5, 36943.0], [4406.35, 2850.0], [4406.3, 9500.0], [4406.2, 22816.0]], "asks": [[4408.1, 18706.0], [4408.25, 60.0], [4408.8, 60000.0], [4409.0, 32.0], [4409.1, 40.0], [4409.15, 1418.0], [4409.2, 72959.0], [4409.25, 238448.0], [4409.35, 4738.0], [4409.6, 8252.0], [4409.65, 9485.0], [4409.7, 18000.0], [4409.75, 20.0], [4409.95, 9485.0], [4410.0, 2775.0], [4410.1, 2846.0], [4410.15, 9485.0], [4410.2, 7536.0], [4410.25, 15145.0], [4410.35, 8860.0]]}}}
{"jsonrpc": "2.0", "method": "subscription", "params": {"channel": "book.ETH-PERPETUAL.none.20.100ms", "data": {"timestamp": 1756601027149, "change_id": 84459641990, "instrument_name": "ETH-PERPETUAL", "bids": [[4408.05, 139495.0], [4408.0, 36552.0], [4407.95, 120570.0], [4407.75, 58332.0], [4407.7, 194440.0], [4407.5, 1052.0], [4407.45, 3507.0], [4407.25, 13.0], [4407.0, 18.0], [4406.95, 8471.0], [4406.9, 17761.0], [4406.8, 10475.0], [4406.75, 7257.0], [4406.7, 19895.0], [4406.6, 13570.0], [4406.55, 9500.0], [4406.5, 36943.0], [4406.35, 2850.0], [4406.3, 9500.0], [4406.2, 22816.0]], "asks": [[4408.1, 18666.0], [4408.25, 60.0], [4409.0, 32.0], [4409.2, 4725.0], [4409.25, 247535.0], [4409.35, 4738.0], [4409.45, 40.0], [4409.6, 8252.0], [4409.65, 9485.0], [4409.7, 18000.0], [4409.75, 20.0], [4409.9, 3678.0], [4409.95, 9485.0], [4410.0, 2775.0], [4410.1, 2846.0], [4410.15, 9485.0], [4410.2, 153.0], [4410.25, 15145.0], [4410.35, 8860.0], [4410.4, 9426.0]]}}}
{"jsonrpc": "2.0", "method": "subscription", "params": {"channel": "book.ETH-PERPETUAL.none.20.100ms", "data": {"timestamp": 1756601027469, "change_id": 84459642282, "instrument_name": "ETH-PERPETUAL", "bids": [[4408.05, 139230.0], [4408.0, 36552.0], [4407.95, 120570.0], [4407.75, 58332.0], [4407.7, 194440.0], [4407.5, 1052.0], [4407.45, 3507.0], [4407.25, 13.0], [4407.0, 18.0], [4406.95, 8471.0], [4406.9, 17761.0], [4406.8, 10475.0], [4406.75, 7257.0], [4406.7, 19895.0], [4406.6, 13570.0], [4406.55, 9500.0], [4406.5, 36943.0], [4406.35, 2850.0], [4406.3, 9500.0], [4406.2, 22816.0]], "asks": [[4408.1, 18666.0], [4408.25, 60.0], [4409.0, 32.0], [4409.2, 4725.0], [4409.25, 190922.0], [4409.35, 4738.0], [4409.45, 40.0], [4409.6, 8252.0], [4409.65, 9485.0], [4409.7, 18000.0], [4409.75, 20.0], [4409.9, 3678.0], [4409.95, 9485.0], [4410.0, 2775.0], [4410.1, 2846.0], [4410.15, 9485.0], [4410.2, 153.0], [4410.25, 15145.0], [4410.35, 8860.0], [4410.4, 9426.0]]}}}
{"jsonrpc": "2.0", "method": "subscription", "params": {"channel": "book.ETH-PERPETUAL.none.20.100ms", "data": {"timestamp": 1756601027785, "change_id": 84459642776, "instrument_name": "ETH-PERPETUAL", "bids": [[4408.05, 134024.0], [4408.0, 36552.0], [4407.95, 120570.0], [4407.75, 58332.0], [4407.7, 194440.0], [4407.5, 1052.0], [4407.45, 3507.0], [4407.25, 13.0], [4407.0, 18.0], [4406.95, 8471.0], [4406.9, 17761.0], [4406.8, 10475.0], [4406.75, 7257.0], [4406.7, 19895.0], [4406.6, 13570.0], [4406.55, 9500.0], [4406.5, 36943.0], [4406.35, 2850.0], [4406.3, 9500.0], [4406.2, 22816.0]], "asks": [[4408.1, 18666.0], [4408.25, 60.0], [4409.0, 32.0], [4409.2, 4725.0], [4409.25, 190922.0], [4409.3, 17792.0], [4409.35, 4738.0], [4409.45, 40.0], [4409.6, 8252.0], [4409.65, 9485.0], [4409.7, 24000.0], [4409.75, 20.0], [4409.9, 3678.0], [4409.95, 9485.0], [4410.0, 2775.0], [4410.1, 2846.0], [4410.15, 9485.0], [4410.2, 10182.0], [4410.25, 15145.0], [4410.35, 8860.0]]}}}
{"jsonrpc": "2.0", "method": "subscription", "params": {"channel": "book.ETH-PERPETUAL.none.20.100ms", "data": {"timestamp": 1756601028124, "change_id": 84459643089, "instrument_name": "ETH-PERPETUAL", "bids": [[4408.05, 134019.0], [4408.0, 36552.0], [4407.95, 120570.0], [4407.75, 58332.0], [4407.7, 194440.0], [4407.5, 1052.0], [4407.45, 3507.0], [4407.25, 13.0], [4407.0, 18.0], [4406.95, 8471.0], [4406.9, 17761.0], [4406.8, 10475.0], [4406.75, 7257.0], [4406.7, 19895.0], [4406.6, 13570.0], [4406.55, 9500.0], [4406.5, 36943.0], [4406.35, 2850.0], [4406.3, 9500.0], [4406.2, 22816.0]], "asks": [[4408.1, 18666.0], [4408.25, 60.0], [4409.0, 32.0], [4409.15, 40.0], [4409.2, 4725.0], [4409.25, 190922.0], [4409.3, 17792.0], [4409.35, 4738.0], [4409.6, 11252.0], [4409.65, 9485.0], [4409.7, 24000.0], [4409.75, 20.0], [4409.9, 3678.0], [4409.95, 9485.0], [4410.0, 2775.0], [4410.05, 13000.0], [4410.1, 2846.0], [4410.15, 9485.0], [4410.2, 10182.0], [4410.25, 15145.0]]}}}
{"jsonrpc": "2.0", "method": "subscription", "params": {"channel": "book.ETH-PERPETUAL.none.20.100ms", "data": {"timestamp": 1756601028476, "change_id": 84459644548, "instrument_name": "ETH-PERPETUAL", "bids": [[4409.95, 18319.0], [4409.9, 61831.0], [4409.7, 31548.0], [4409.15, 11945.0], [4409.1, 11945.0], [4409.05, 8860.0], [4409.0, 34821.0], [4408.95, 47295.0], [4408.75, 53081.0], [4408.35, 181440.0], [4408.2, 22765.0], [4408.1, 12653.0], [4408.05, 89267.0], [4407.85, 2838.0], [4407.8, 9461.0], [4407.75, 1418.0], [4407.7, 4728.0], [4407.55, 9219.0], [4407.45, 3507.0], [4407.4, 9461.0]], "asks": [[4411.65, 1296.0], [4411.7, 70100.0], [4412.0, 160.0], [4412.1, 20347.0], [4412.15, 88338.0], [4412.4, 14148.0], [4412.45, 2.0], [4412.55, 7350.0], [4412.6, 70100.0], [4412.8, 5863.0], [4412.95, 9541.0], [4413.0, 29495.0], [4413.05, 78974.0], [4413.1, 9797.0], [4413.2, 37321.0], [4413.45, 40262.0], [4413.5, 115978.0], [4413.6, 9901.0], [4413.7, 14759.0], [4413.75, 69070.0]]}}}
{"jsonrpc": "2.0", "method": "subscription", "params": {"channel": "book.ETH-PERPETUAL.none.20.100ms", "data": {"timestamp": 1756601028806, "change_id": 84459649981, "instrument_name": "ETH-PERPETUAL", "bids": [[4412.25, 18435.0], [4412.2, 39295.0], [4412.15, 54964.0], [4412.0, 17991.0], [4411.95, 39979.0], [4411.75, 54432.0], [4411.7, 181440.0], [4411.35, 9457.0], [4411.2, 11110.0], [4411.15, 7500.0], [4410.8, 29876.0], [4410.75, 8860.0], [4410.45, 9457.0], [4410.05, 9457.0], [4409.65, 2837.0], [4409.6, 9457.0], [4409.5, 36888.0], [4409.45, 3000.0], [4409.25, 2837.0], [4409.2, 9457.0]], "asks": [[4412.3, 28897.0], [4412.4, 18419.0], [4412.45, 18419.0], [4412.6, 20901.0], [4412.7, 95.0], [4412.9, 9940.0], [4413.0, 1.0], [4413.15, 8860.0], [4413.45, 2970.0], [4413.6, 9901.0], [4413.65, 1517.0], [4413.8, 12002.0], [4413.85, 9919.0], [4413.9, 42.0], [4414.0, 92.0], [4414.05, 2781.0], [4414.1, 9714.0], [4414.15, 42.0], [4414.2, 50105.0], [4414.25, 42.0]]}}}
{"jsonrpc": "2.0", "method": "subscription", "params": {"channel": "book.ETH-PERPETUAL.none.20.100ms", "data": {"timestamp": 1756601029137, "change_id": 84459652616, "instrument_name": "ETH-PERPETUAL", "bids": [[4412.15, 134562.0], [4411.75, 74422.0], [4411.7, 181440.0], [4411.55, 5997.0], [4411.5, 19989.0], [4411.35, 9457.0], [4411.2, 8860.0], [4411.1, 9457.0], [4411.0, 12228.0], [4410.85, 2040.0], [4410.8, 9457.0], [4410.75, 8860.0], [4410.55, 8765.0], [4410.5, 17761.0], [4410.45, 9457.0], [4410.4, 1999.0], [4410.1, 2837.0], [4410.05, 9457.0], [4409.6, 9457.0], [4409.3, 6998.0]], "asks": [[4412.2, 36573.0], [4412.55, 95.0], [4413.0, 1.0], [4413.15, 8860.0], [4413.3, 2837.0], [4413.35, 9457.0], [4413.55, 32979.0], [4413.6, 9901.0], [4413.65, 181440.0], [4413.8, 8902.0], [4413.85, 9877.0], [4414.0, 15195.0], [4414.1, 9546.0], [4414.25, 90500.0], [4414.3, 9538.0], [4414.4, 8605.0], [4414.55, 9546.0], [4414.75, 9526.0], [4414.85, 8605.0], [4414.95, 7344.0]]}}}
{"jsonrpc": "2.0", "method": "subscription", "params": {"channel": "book.ETH-PERPETUAL.none.20.100ms", "data": {"timestamp": 1756601029465, "change_id": 84459654192, "instrument_name": "ETH-PERPETUAL", "bids": [[4412.4, 55220.0], [4412.2, 1000.0], [4412.15, 19990.0], [4411.8, 5997.0], [4411.75, 19989.0], [4411.4, 59240.0], [4411.35, 190897.0], [4411.3, 7500.0], [4411.2, 24005.0], [4411.15, 11234.0], [4411.1, 9457.0], [4410.85, 2040.0], [4410.8, 17111.0], [4410.75, 8860.0], [4410.6, 17761.0], [4410.55, 2837.0], [4410.45, 9457.0], [4410.1, 2837.0], [4410.05, 9457.0], [4409.95, 1999.0]], "asks": [[4412.45, 30195.0], [4412.5, 9940.0], [4413.0, 1.0], [4413.1, 2658.0], [4413.15, 8860.0], [4413.2, 2837.0], [4413.35, 9457.0], [4413.5, 9637.0], [4413.55, 9424.0], [4413.6, 79892.0], [4413.65, 181440.0], [4413.8, 16424.0], [4413.85, 9877.0], [4413.9, 18000.0], [4414.0, 50.0], [4414.05, 2864.0], [4414.1, 9546.0], [4414.2, 32593.0], [4414.25, 72500.0], [4414.3, 9538.0]]}}}
{"jsonrpc": "2.0", "method": "subscription", "params": {"channel": "book.ETH-PERPETUAL.none.20.100ms", "data": {"timestamp": 1756601029797, "change_id": 84459655864, "instrument_name": "ETH-PERPETUAL", "bids": [[4412.4, 43816.0], [4412.35, 113543.0], [4412.3, 6000.0], [4412.1, 19990.0], [4412.05, 54432.0], [4412.0, 181440.0], [4411.7, 5997.0], [4411.65, 19989.0], [4411.4, 11602.0], [4411.35, 9457.0], [4411.3, 7500.0], [4411.2, 28261.0], [4411.15, 4728.0], [4411.1, 9457.0], [4410.95, 8165.0], [4410.9, 17761.0], [4410.8, 12115.0], [4410.75, 8860.0], [4410.55, 2837.0], [4410.45, 9457.0]], "asks": [[4412.45, 19649.0], [4413.0, 1.0], [4413.1, 2658.0], [4413.15, 8860.0], [4413.2, 17266.0], [4413.35, 9457.0], [4413.4, 49277.0], [4413.5, 10493.0], [4413.55, 27424.0], [4413.6, 64747.0], [4413.65, 181440.0], [4413.7, 15145.0], [4413.8, 11880.0], [4413.85, 9835.0], [4413.95, 153.0], [4414.0, 50.0], [4414.05, 2864.0], [4414.1, 9586.0], [4414.2, 32593.0], [4414.25, 72500.0]]}}}
{"jsonrpc": "2.0", "method": "subscription", "params": {"channel": "book.ETH-PERPETUAL.none.20.100ms", "data": {"timestamp": 1756601030128, "change_id": 84459657429, "instrument_name": "ETH-PERPETUAL", "bids": [[4412.4, 48474.0], [4412.35, 115343.0], [4412.3, 6000.0], [4412.1, 13000.0], [4412.05, 54432.0], [4412.0, 181440.0], [4411.6, 11243.0], [4411.55, 19989.0], [4411.45, 19988.0], [4411.4, 11602.0], [4411.35, 9457.0], [4411.3, 7500.0], [4411.2, 28261.0], [4411.15, 4728.0], [4411.1, 9457.0], [4410.9, 8165.0], [4410.85, 17761.0], [4410.8, 12115.0], [4410.75, 8860.0], [4410.55, 5438.0]], "asks": [[4412.45, 29106.0], [4413.0, 1.0], [4413.1, 2658.0], [4413.15, 8860.0], [4413.2, 17266.0], [4413.35, 9457.0], [4413.4, 49277.0], [4413.5, 5673.0], [4413.55, 9424.0], [4413.6, 64747.0], [4413.65, 181440.0], [4413.7, 15145.0], [4413.75, 16000.0], [4413.8, 15399.0], [4413.85, 9835.0], [4413.9, 13000.0], [4413.95, 153.0], [4414.0, 50.0], [4414.05, 2864.0], [4414.1, 9546.0]]}}}
{"jsonrpc": "2.0", "method": "subscription", "params": {"channel": "book.ETH-PERPETUAL.none.20.100ms", "data": {"timestamp": 1756601030458, "change_id": 84459658151, "instrument_name": "ETH-PERPETUAL", "bids": [[4412.4, 47197.0], [4412.35, 115343.0], [4412.3, 6000.0], [4412.1, 13000.0], [4412.05, 54432.0], [4412.0, 181440.0], [4411.75, 11244.0], [4411.7, 19990.0], [4411.6, 19988.0], [4411.4, 11602.0], [4411.35, 9457.0], [4411.3, 7500.0], [4411.2, 28261.0], [4411.15, 4728.0], [4411.1, 9457.0], [4410.9, 8165.0], [4410.85, 17761.0], [4410.8, 12115.0], [4410.75, 8860.0], [4410.55, 5438.0]], "asks": [[4412.45, 24202.0], [4413.0, 1.0], [4413.1, 2658.0], [4413.15, 8860.0], [4413.2, 17266.0], [4413.35, 9457.0], [4413.4, 58987.0], [4413.45, 13000.0], [4413.5, 40.0], [4413.55, 9424.0], [4413.6, 64747.0], [4413.65, 181440.0], [4413.7, 15145.0], [4413.75, 16000.0], [4413.8, 11838.0], [4413.85, 9835.0], [4413.95, 153.0], [4414.0, 50.0], [4414.05, 2864.0], [4414.1, 9546.0]]}}}
{"jsonrpc": "2.0", "method": "subscription", "params": {"channel": "book.ETH-PERPETUAL.none.20.100ms", "data": {"timestamp": 1756601030777, "change_id": 84459659091, "instrument_name": "ETH-PERPETUAL", "bids": [[4412.4, 47197.0], [4412.35, 115343.0], [4412.3, 6000.0], [4412.1, 13000.0], [4412.05, 54432.0], [4412.0, 181440.0], [4411.7, 10998.0], [4411.65, 39978.0], [4411.4, 11602.0], [4411.35, 9457.0], [4411.2, 28261.0], [4411.15, 4728.0], [4411.1, 9457.0], [4410.9, 8165.0], [4410.85, 17761.0], [4410.8, 12115.0], [4410.75, 8860.0], [4410.55, 5438.0], [4410.45, 9457.0], [4410.4, 9851.0]], "asks": [[4412.45, 28265.0], [4413.0, 1.0], [4413.1, 2658.0], [4413.15, 8860.0], [4413.2, 17266.0], [4413.35, 9457.0], [4413.4, 71087.0], [4413.5, 40.0], [4413.55, 9424.0], [4413.6, 64747.0], [4413.65, 181440.0], [4413.7, 15145.0], [4413.8, 11838.0], [4413.85, 9835.0], [4413.95, 153.0], [4414.0, 50.0], [4414.05, 2864.0], [4414.1, 9546.0], [4414.2, 32593.0], [4414.25, 72500.0]]}}}
{"jsonrpc": "2.0", "method": "subscription", "params": {"channel": "book.ETH-PERPETUAL.none.20.100ms", "data": {"timestamp": 1756601031122, "change_id": 84459660075, "instrument_name": "ETH-PERPETUAL", "bids": [[4412.95, 30380.0], [4412.4, 46976.0], [4412.35, 113543.0], [4412.15, 19990.0], [4412.05, 54432.0], [4412.0, 181440.0], [4411.8, 9459.0], [4411.75, 1419.0], [4411.7, 4729.0], [4411.6, 7500.0], [4411.4, 16167.0], [4411.35, 9457.0], [4411.25, 17761.0], [4411.2, 26842.0], [4411.1, 9457.0], [4410.85, 2837.0], [4410.8, 15609.0], [4410.75, 8860.0], [4410.65, 1289.0], [4410.55, 5438.0]], "asks": [[4413.0, 22007.0], [4413.6, 9901.0], [4413.65, 181440.0], [4413.8, 8900.0], [4413.85, 9835.0], [4413.95, 16153.0], [4414.0, 50.0], [4414.1, 9546.0], [4414.25, 81927.0], [4414.3, 9538.0], [4414.4, 8605.0], [4414.45, 2864.0], [4414.55, 9546.0], [4414.7, 2858.0], [4414.75, 9526.0], [4414.8, 25215.0], [4414.85, 78705.0], [4415.05, 2843.0], [4415.1, 9478.0], [4415.25, 23289.0]]}}}
{"jsonrpc": "2.0", "method": "subscription", "params": {"channel": "book.ETH-PERPETUAL.none.20.100ms", "data": {"timestamp": 1756601031452, "change_id": 84459661226, "instrument_name": "ETH-PERPETUAL", "bids": [[4412.95, 165177.0], [4412.9, 3000.0], [4412.85, 6000.0], [4412.6, 194440.0], [4412.1, 39978.0], [4411.9, 7500.0], [4411.8, 9459.0], [4411.75, 1419.0], [4411.7, 4729.0], [4411.5, 5328.0], [4411.45, 17761.0], [4411.4, 11602.0], [4411.35, 9457.0], [4411.2, 26842.0], [4411.1, 9457.0], [4410.85, 2837.0], [4410.8, 15609.0], [4410.75, 8860.0], [4410.65, 1289.0], [4410.55, 16179.0]], "asks": [[4413.0, 11202.0], [4413.6, 47989.0], [4413.65, 181440.0], [4413.8, 8860.0], [4413.85, 289.0], [4413.9, 40.0], [4414.0, 50.0], [4414.05, 36605.0], [4414.1, 9546.0], [4414.2, 125456.0], [4414.25, 25427.0], [4414.3, 9538.0], [4414.4, 23750.0], [4414.45, 2864.0], [4414.55, 9546.0], [4414.7, 2858.0], [4414.75, 9526.0], [4414.8, 2582.0], [4414.85, 8605.0], [4415.05, 2843.0]]}}}
{"jsonrpc": "2.0", "method": "subscription", "params": {"channel": "book.ETH-PERPETUAL.none.20.100ms", "data": {"timestamp": 1756601031763, "change_id": 84459662218, "instrument_name": "ETH-PERPETUAL", "bids": [[4412.95, 165156.0], [4412.9, 4800.0], [4412.85, 6000.0], [4412.65, 58332.0], [4412.6, 194440.0], [4412.4, 5997.0], [4412.25, 19990.0], [4412.2, 5996.0], [4412.15, 19988.0], [4411.95, 5088.0], [4411.9, 7500.0], [4411.8, 9459.0], [4411.75, 1419.0], [4411.7, 4729.0], [4411.5, 5328.0], [4411.45, 17761.0], [4411.4, 11602.0], [4411.35, 9457.0], [4411.2, 26842.0], [4411.1, 9457.0]], "asks": [[4413.0, 11202.0], [4413.6, 47989.0], [4413.65, 181440.0], [4413.8, 8860.0], [4413.85, 289.0], [4414.0, 50.0], [4414.05, 36605.0], [4414.1, 9706.0], [4414.2, 125456.0], [4414.25, 25427.0], [4414.3, 9538.0], [4414.4, 8605.0], [4414.45, 2864.0], [4414.55, 9546.0], [4414.7, 2858.0], [4414.75, 9526.0], [4414.8, 2582.0], [4414.85, 8605.0], [4415.05, 2843.0], [4415.1, 9478.0]]}}}
{"jsonrpc": "2.0", "method": "subscription", "params": {"channel": "book.ETH-PERPETUAL.none.20.100ms", "data": {"timestamp": 1756601032113, "change_id": 84459662922, "instrument_name": "ETH-PERPETUAL", "bids": [[4412.95, 146721.0], [4412.9, 3000.0], [4412.65, 58332.0], [4412.6, 181440.0], [4412.45, 5997.0], [4412.05, 5996.0], [4412.0, 19988.0], [4411.95, 5088.0], [4411.9, 7500.0], [4411.8, 9459.0], [4411.7, 4729.0], [4411.5, 5328.0], [4411.45, 17761.0], [4411.35, 9457.0], [4411.2, 8860.0], [4411.1, 9457.0], [4410.8, 15609.0], [4410.75, 8860.0], [4410.65, 1289.0], [4410.5, 36888.0]], "asks": [[4413.0, 33145.0], [4413.55, 160.0], [4413.6, 47989.0], [4413.65, 181440.0], [4413.8, 8860.0], [4413.85, 289.0], [4414.0, 50.0], [4414.05, 36605.0], [4414.1, 9546.0], [4414.2, 125456.0], [4414.25, 25427.0], [4414.3, 24683.0], [4414.4, 8605.0], [4414.45, 2864.0], [4414.55, 9546.0], [4414.7, 2858.0], [4414.75, 9526.0], [4414.8, 2582.0], [4414.85, 8605.0], [4415.05, 2843.0]]}}}
{"jsonrpc": "2.0", "method": "subscription", "params": {"channel": "book.ETH-PERPETUAL.none.20.100ms", "data": {"timestamp": 1756601032421, "change_id": 84459663831, "instrument_name": "ETH-PERPETUAL", "bids": [[4412.95, 934.0], [4412.65, 171929.0], [4412.6, 181440.0], [4412.45, 5513.0], [4412.4, 20000.0], [4412.3, 200.0], [4412.05, 5997.0], [4412.0, 28824.0], [4411.9, 19988.0], [4411.8, 9459.0], [4411.75, 15145.0], [4411.7, 4729.0], [4411.45, 7500.0], [4411.35, 9457.0], [4411.2, 8860.0], [4411.1, 9457.0], [4410.85, 17761.0], [4410.8, 15609.0], [4410.75, 8860.0], [4410.65, 1289.0]], "asks": [[4413.0, 33145.0], [4413.2, 3000.0], [4413.3, 1800.0], [4413.35, 6000.0], [4413.6, 48149.0], [4413.65, 194440.0], [4413.8, 8860.0], [4413.85, 289.0], [4413.9, 16000.0], [4413.95, 21765.0], [4414.0, 72550.0], [4414.05, 36605.0], [4414.1, 9546.0], [4414.2, 125456.0], [4414.25, 9427.0], [4414.3, 24683.0], [4414.4, 8605.0], [4414.45, 2864.0], [4414.55, 9546.0], [4414.7, 4240.0]]}}}
{"jsonrpc": "2.0", "method": "subscription", "params": {"channel": "book.ETH-PERPETUAL.none.20.100ms", "data": {"timestamp": 1756601032774, "change_id": 84459665017, "instrument_name": "ETH-PERPETUAL", "bids": [[4412.6, 181440.0], [4411.85, 6663.0], [4411.8, 36863.0], [4411.75, 19990.0], [4411.7, 4729.0], [4411.35, 9457.0], [4411.3, 8860.0], [4411.1, 9457.0], [4410.85, 17761.0], [4410.8, 23109.0], [4410.75, 8860.0], [4410.65, 1289.0], [4410.45, 9457.0], [4410.1, 2837.0], [4410.05, 9457.0], [4409.95, 1999.0], [4409.85, 9464.0], [4409.65, 2837.0], [4409.6, 16955.0], [4409.5, 36888.0]], "asks": [[4412.65, 75936.0], [4412.8, 3389.0], [4412.9, 1201.0], [4412.95, 95.0], [4413.0, 10000.0], [4413.3, 5958.0], [4413.35, 19860.0], [4413.4, 37586.0], [4413.6, 161586.0], [4413.65, 181440.0], [4413.8, 8860.0], [4413.85, 9753.0], [4413.9, 25428.0], [4413.95, 21765.0], [4414.0, 72550.0], [4414.05, 2864.0], [4414.1, 9546.0], [4414.2, 11793.0], [4414.25, 9580.0], [4414.3, 24683.0]]}}}
{"jsonrpc": "2.0", "method": "subscription", "params": {"channel": "book.ETH-PERPETUAL.none.20.100ms", "data": {"timestamp": 1756601033103, "change_id": 84459666151, "instrument_name": "ETH-PERPETUAL", "bids": [[4412.6, 154943.0], [4412.35, 34090.0], [4412.3, 113632.0], [4411.8, 6000.0], [4411.75, 20000.0], [4411.6, 15220.0], [4411.5, 19990.0], [4411.45, 29453.0], [4411.4, 15145.0], [4411.35, 4732.0], [4411.1, 9457.0], [4410.8, 23109.0], [4410.75, 8860.0], [4410.65, 1289.0], [4410.5, 17761.0], [4410.45, 9457.0], [4410.1, 2837.0], [4410.05, 9457.0], [4409.95, 1999.0], [4409.85, 9464.0]], "asks": [[4412.65, 80297.0], [4412.8, 35367.0], [4412.95, 19795.0], [4413.0, 70000.0], [4413.05, 2658.0], [4413.1, 8860.0], [4413.3, 5958.0], [4413.35, 19700.0], [4413.4, 37586.0], [4413.45, 16000.0], [4413.6, 161586.0], [4413.65, 181440.0], [4413.8, 8860.0], [4413.85, 9753.0], [4413.9, 9428.0], [4413.95, 21765.0], [4414.0, 72550.0], [4414.05, 2864.0], [4414.1, 9546.0], [4414.2, 11793.0]]}}}
{"jsonrpc": "2.0", "method": "subscription", "params": {"channel": "book.ETH-PERPETUAL.none.20.100ms", "data": {"timestamp": 1756601033435, "change_id": 84459666919, "instrument_name": "ETH-PERPETUAL", "bids": [[4412.35, 11471.0], [4412.3, 113632.0], [4411.8, 59682.0], [4411.75, 181440.0], [4411.6, 4680.0], [4411.5, 19989.0], [4411.45, 29453.0], [4411.4, 4078.0], [4411.35, 4732.0], [4411.25, 8860.0], [4411.1, 16957.0], [4410.8, 15609.0], [4410.75, 8860.0], [4410.65, 1289.0], [4410.5, 17761.0], [4410.45, 9457.0], [4410.1, 2837.0], [4410.05, 9457.0], [4409.95, 1999.0], [4409.85, 9464.0]], "asks": [[4412.4, 48678.0], [4412.6, 2303.0], [4412.8, 79016.0], [4413.0, 251440.0], [4413.05, 7126.0], [4413.1, 24860.0], [4413.4, 2947.0], [4413.55, 9464.0], [4413.6, 4103.0], [4413.65, 9430.0], [4413.8, 8860.0], [4413.85, 9753.0], [4413.95, 21765.0], [4414.0, 72550.0], [4414.05, 2864.0], [4414.1, 9546.0], [4414.2, 11793.0], [4414.25, 153.0], [4414.3, 24683.0], [4414.4, 8605.0]]}}}
{"jsonrpc": "2.0", "method": "subscription", "params": {"channel": "book.ETH-PERPETUAL.none.20.100ms", "data": {"timestamp": 1756601033766, "change_id": 84459667751, "instrument_name": "ETH-PERPETUAL", "bids": [[4412.35, 44115.0], [4412.3, 113632.0], [4411.8, 59682.0], [4411.75, 181440.0], [4411.55, 8836.0], [4411.5, 19989.0], [4411.45, 9464.0], [4411.35, 4732.0], [4411.3, 7202.0], [4411.25, 8860.0], [4411.2, 15145.0], [4411.1, 9457.0], [4411.05, 7500.0], [4410.8, 15609.0], [4410.75, 8860.0], [4410.65, 1289.0], [4410.55, 8165.0], [4410.5, 17761.0], [4410.45, 9457.0], [4410.1, 2837.0]], "asks": [[4412.4, 48678.0], [4412.6, 2303.0], [4412.8, 79016.0], [4413.0, 286878.0], [4413.05, 113601.0], [4413.1, 37860.0], [4413.4, 2947.0], [4413.55, 9464.0], [4413.6, 4103.0], [4413.65, 9430.0], [4413.8, 8860.0], [4413.85, 9753.0], [4413.95, 21765.0], [4414.0, 72550.0], [4414.05, 2864.0], [4414.1, 9546.0], [4414.2, 11793.0], [4414.25, 153.0], [4414.3, 24683.0], [4414.4, 8605.0]]}}}
{"jsonrpc": "2.0", "method": "subscription", "params": {"channel": "book.ETH-PERPETUAL.none.20.100ms", "data": {"timestamp": 1756601034096, "change_id": 84459668220, "instrument_name": "ETH-PERPETUAL", "bids": [[4412.35, 44115.0], [4412.3, 113632.0], [4412.1, 6000.0], [4411.8, 59682.0], [4411.75, 194440.0], [4411.55, 28470.0], [4411.5, 19990.0], [4411.45, 9464.0], [4411.35, 4732.0], [4411.3, 7202.0], [4411.25, 8860.0], [4411.2, 15145.0], [4411.1, 9457.0], [4411.05, 7500.0], [4410.8, 15609.0], [4410.75, 8860.0], [4410.65, 1289.0], [4410.55, 8165.0], [4410.5, 17761.0], [4410.45, 9457.0]], "asks": [[4412.4, 48678.0], [4412.6, 2303.0], [4412.8, 79016.0], [4413.0, 286878.0], [4413.05, 113601.0], [4413.1, 37860.0], [4413.4, 2947.0], [4413.55, 9464.0], [4413.6, 4103.0], [4413.65, 9430.0], [4413.8, 8860.0], [4413.85, 9753.0], [4413.95, 21765.0], [4414.0, 72550.0], [4414.05, 2864.0], [4414.1, 9546.0], [4414.2, 11793.0], [4414.25, 153.0], [4414.3, 24683.0], [4414.4, 8605.0]]}}}
{"jsonrpc": "2.0", "method": "subscription", "params": {"channel": "book.ETH-PERPETUAL.none.20.100ms", "data": {"timestamp": 1756601034389, "change_id": 84459668627, "instrument_name": "ETH-PERPETUAL", "bids": [[4412.35, 32170.0], [4412.3, 113632.0], [4412.15, 3000.0], [4412.1, 6000.0], [4411.8, 59682.0], [4411.75, 194440.0], [4411.55, 13728.0], [4411.5, 39979.0], [4411.45, 9464.0], [4411.35, 4732.0], [4411.3, 7202.0], [4411.25, 8860.0], [4411.2, 15145.0], [4411.1, 9457.0], [4411.05, 7500.0], [4411.0, 44.0], [4410.8, 15609.0], [4410.75, 8860.0], [4410.65, 1289.0], [4410.5, 17761.0]], "asks": [[4412.4, 48678.0], [4412.6, 2303.0], [4412.65, 3000.0], [4412.8, 79016.0], [4413.0, 286878.0], [4413.05, 113601.0], [4413.1, 37860.0], [4413.4, 2947.0], [4413.55, 9464.0], [4413.6, 4103.0], [4413.65, 9430.0], [4413.8, 8860.0], [4413.85, 9753.0], [4413.95, 21765.0], [4414.0, 72550.0], [4414.05, 2864.0], [4414.1, 9546.0], [4414.2, 11793.0], [4414.25, 153.0], [4414.3, 24683.0]]}}}
{"jsonrpc": "2.0", "method": "subscription", "params": {"channel": "book.ETH-PERPETUAL.none.20.100ms", "data": {"timestamp": 1756601034747, "change_id": 84459669612, "instrument_name": "ETH-PERPETUAL", "bids": [[4412.35, 1699.0], [4412.1, 34055.0], [4412.05, 113518.0], [4411.9, 6000.0], [4411.85, 20000.0], [4411.8, 53682.0], [4411.75, 181440.0], [4411.4, 7460.0], [4411.35, 19989.0], [4411.2, 15145.0], [4411.15, 19989.0], [4411.1, 9457.0], [4411.0, 4778.0], [4410.8, 15609.0], [4410.75, 8860.0], [4410.7, 7500.0], [4410.65, 1289.0], [4410.5, 56.0], [4410.45, 9457.0], [4410.15, 17761.0]], "asks": [[4412.4, 67678.0], [4412.6, 95.0], [4412.8, 73016.0], [4412.95, 13000.0], [4413.0, 286878.0], [4413.05, 113601.0], [4413.1, 8860.0], [4413.4, 2947.0], [4413.55, 9464.0], [4413.6, 4103.0], [4413.65, 9430.0], [4413.8, 8860.0], [4413.85, 9753.0], [4413.95, 21765.0], [4414.0, 72550.0], [4414.05, 2864.0], [4414.1, 9546.0], [4414.2, 29588.0], [4414.25, 153.0], [4414.3, 24683.0]]}}}
{"jsonrpc": "2.0", "method": "subscription", "params": {"channel": "book.ETH-PERPETUAL.none.20.100ms", "data": {"timestamp": 1756601035071, "change_id": 84459670081, "instrument_name": "ETH-PERPETUAL", "bids": [[4412.35, 1699.0], [4411.9, 6000.0], [4411.85, 26000.0], [4411.8, 53682.0], [4411.75, 181440.0], [4411.55, 3900.0], [4411.5, 13000.0], [4411.35, 10541.0], [4411.3, 19990.0], [4411.2, 15145.0], [4411.15, 10267.0], [4411.1, 9457.0], [4411.05, 19989.0], [4411.0, 4778.0], [4410.8, 15609.0], [4410.75, 8860.0], [4410.7, 7500.0], [4410.65, 1289.0], [4410.5, 56.0], [4410.45, 9457.0]], "asks": [[4412.4, 64678.0], [4412.6, 95.0], [4412.7, 5910.0], [4412.75, 19700.0], [4412.8, 73016.0], [4412.95, 13000.0], [4413.0, 286878.0], [4413.05, 113601.0], [4413.1, 8860.0], [4413.4, 2947.0], [4413.55, 9464.0], [4413.6, 4103.0], [4413.65, 9430.0], [4413.8, 8860.0], [4413.85, 9753.0], [4413.9, 1382.0], [4413.95, 21765.0], [4414.0, 72550.0], [4414.05, 2864.0], [4414.1, 9546.0]]}}}
{"jsonrpc": "2.0", "method": "subscription", "params": {"channel": "book.ETH-PERPETUAL.none.20.100ms", "data": {"timestamp": 1756601035418, "change_id": 84459670775, "instrument_name": "ETH-PERPETUAL", "bids": [[4412.35, 1699.0], [4412.1, 6000.0], [4411.8, 33000.0], [4411.75, 294957.0], [4411.45, 2835.0], [4411.4, 19990.0], [4411.35, 10540.0], [4411.3, 19989.0], [4411.2, 15145.0], [4411.1, 9457.0], [4411.0, 12278.0], [4410.8, 15609.0], [4410.75, 8860.0], [4410.65, 1289.0], [4410.5, 56.0], [4410.45, 9457.0], [4410.15, 17761.0], [4410.1, 2837.0], [4410.05, 9457.0], [4409.85, 9464.0]], "asks": [[4412.4, 38924.0], [4412.6, 95.0], [4412.75, 180.0], [4412.8, 73016.0], [4413.0, 286878.0], [4413.05, 113601.0], [4413.1, 8860.0], [4413.2, 4544.0], [4413.25, 15145.0], [4413.4, 7379.0], [4413.45, 16000.0], [4413.55, 9464.0], [4413.6, 4103.0], [4413.65, 9430.0], [4413.8, 8860.0], [4413.85, 9753.0], [4413.9, 1382.0], [4413.95, 21765.0], [4414.0, 72550.0], [4414.05, 2864.0]]}}}
{"jsonrpc": "2.0", "method": "subscription", "params": {"channel": "book.ETH-PERPETUAL.none.20.100ms", "data": {"timestamp": 1756601035746, "change_id": 84459671821, "instrument_name": "ETH-PERPETUAL", "bids": [[4412.35, 33644.0], [4412.2, 6000.0], [4412.0, 113496.0], [4411.75, 181440.0], [4411.55, 39978.0], [4411.35, 7500.0], [4411.25, 4544.0], [4411.2, 15145.0], [4411.1, 9457.0], [4411.0, 4778.0], [4410.8, 15609.0], [4410.75, 8860.0], [4410.65, 1289.0], [4410.5, 17817.0], [4410.45, 9457.0], [4410.3, 8846.0], [4410.1, 2837.0], [4410.05, 9457.0], [4410.0, 56.0], [4409.85, 9464.0]], "asks": [[4412.4, 10026.0], [4412.6, 95.0], [4412.8, 73016.0], [4413.0, 277815.0], [4413.1, 122356.0], [4413.4, 2947.0], [4413.55, 9464.0], [4413.6, 10103.0], [4413.65, 9430.0], [4413.7, 15145.0], [4413.8, 8860.0], [4413.85, 9753.0], [4413.9, 1382.0], [4413.95, 37765.0], [4414.0, 72550.0], [4414.05, 2864.0], [4414.1, 9546.0], [4414.2, 29588.0], [4414.25, 153.0], [4414.3, 9538.0]]}}}
{"jsonrpc": "2.0", "method": "subscription", "params": {"channel": "book.ETH-PERPETUAL.none.20.100ms", "data": {"timestamp": 1756601036062, "change_id": 84459672405, "instrument_name": "ETH-PERPETUAL", "bids": [[4412.35, 37644.0], [4412.2, 6000.0], [4412.0, 113496.0], [4411.75, 181440.0], [4411.65, 19990.0], [4411.55, 22643.0], [4411.45, 8846.0], [4411.35, 12044.0], [4411.2, 15145.0], [4411.1, 9457.0], [4411.0, 4778.0], [4410.8, 15609.0], [4410.75, 8860.0], [4410.65, 1289.0], [4410.5, 17817.0], [4410.45, 9457.0], [4410.3, 8846.0], [4410.1, 2837.0], [4410.05, 9457.0], [4410.0, 36944.0]], "asks": [[4412.4, 10026.0], [4412.6, 95.0], [4412.8, 73016.0], [4413.0, 357573.0], [4413.1, 11860.0], [4413.35, 180.0], [4413.4, 10837.0], [4413.55, 9464.0], [4413.6, 38923.0], [4413.65, 9430.0], [4413.7, 15145.0], [4413.8, 8860.0], [4413.85, 9753.0], [4413.9, 1382.0], [4413.95, 21765.0], [4414.0, 72550.0], [4414.05, 2864.0], [4414.1, 9546.0], [4414.25, 153.0], [4414.3, 9538.0]]}}}
{"jsonrpc": "2.0", "method": "subscription", "params": {"channel": "book.ETH-PERPETUAL.none.20.100ms", "data": {"timestamp": 1756601036384, "change_id": 84459672955, "instrument_name": "ETH-PERPETUAL", "bids": [[4412.35, 34644.0], [4412.25, 3000.0], [4412.2, 6000.0], [4412.0, 113496.0], [4411.9, 13000.0], [4411.75, 181440.0], [4411.65, 39979.0], [4411.55, 2654.0], [4411.45, 8846.0], [4411.35, 12044.0], [4411.2, 15145.0], [4411.1, 9457.0], [4411.0, 4778.0], [4410.8, 15609.0], [4410.75, 8860.0], [4410.65, 1289.0], [4410.5, 17817.0], [4410.45, 9457.0], [4410.3, 8846.0], [4410.1, 2837.0]], "asks": [[4412.4, 10094.0], [4412.6, 95.0], [4412.8, 73016.0], [4413.0, 357573.0], [4413.1, 9040.0], [4413.4, 7747.0], [4413.55, 9464.0], [4413.6, 25923.0], [4413.65, 9430.0], [4413.7, 15145.0], [4413.8, 8860.0], [4413.85, 9753.0], [4413.9, 1382.0], [4413.95, 21765.0], [4414.0, 72550.0], [4414.05, 2864.0], [4414.1, 9546.0], [4414.25, 153.0], [4414.3, 9538.0], [4414.4, 8605.0]]}}}
{"jsonrpc": "2.0", "method": "subscription", "params": {"channel": "book.ETH-PERPETUAL.none.20.100ms", "data": {"timestamp": 1756601036735, "change_id": 84459673634, "instrument_name": "ETH-PERPETUAL", "bids": [[4412.35, 34644.0], [4412.25, 3000.0], [4412.05, 34049.0], [4412.0, 113496.0], [4411.8, 66426.0], [4411.75, 194440.0], [4411.65, 19990.0], [4411.6, 19989.0], [4411.55, 2654.0], [4411.45, 8846.0], [4411.35, 12044.0], [4411.2, 15145.0], [4411.1, 9457.0], [4411.0, 4778.0], [4410.8, 15609.0], [4410.75, 8860.0], [4410.65, 1289.0], [4410.5, 17817.0], [4410.45, 9457.0], [4410.3, 8846.0]], "asks": [[4412.4, 10114.0], [4412.6, 95.0], [4412.8, 73016.0], [4412.95, 113460.0], [4413.0, 244098.0], [4413.1, 9040.0], [4413.4, 7747.0], [4413.55, 9464.0], [4413.6, 25923.0], [4413.65, 9430.0], [4413.7, 15145.0], [4413.8, 8860.0], [4413.85, 9753.0], [4413.9, 1382.0], [4413.95, 21765.0], [4414.0, 72550.0], [4414.05, 2864.0], [4414.1, 9546.0], [4414.25, 153.0], [4414.3, 9538.0]]}}}
{"jsonrpc": "2.0", "method": "subscription", "params": {"channel": "book.ETH-PERPETUAL.none.20.100ms", "data": {"timestamp": 1756601037069, "change_id": 84459674026, "instrument_name": "ETH-PERPETUAL", "bids": [[4412.35, 34644.0], [4412.25, 3000.0], [4412.15, 6000.0], [4412.05, 34049.0], [4412.0, 113496.0], [4411.85, 5997.0], [4411.8, 86415.0], [4411.75, 194440.0], [4411.65, 19990.0], [4411.35, 12044.0], [4411.2, 15145.0], [4411.1, 9457.0], [4411.0, 4778.0], [4410.8, 33370.0], [4410.75, 8860.0], [4410.65, 1289.0], [4410.5, 56.0], [4410.45, 9457.0], [4410.3, 8846.0], [4410.1, 2837.0]], "asks": [[4412.4, 13605.0], [4412.6, 2849.0], [4412.65, 3000.0], [4412.8, 79196.0], [4412.95, 113460.0], [4413.0, 247666.0], [4413.1, 8860.0], [4413.15, 13000.0], [4413.2, 4800.0], [4413.25, 16000.0], [4413.5, 2947.0], [4413.55, 9464.0], [4413.6, 9923.0], [4413.65, 9430.0], [4413.7, 15145.0], [4413.8, 8860.0], [4413.85, 9753.0], [4413.9, 1382.0], [4413.95, 21765.0], [4414.0, 72550.0]]}}}
{"jsonrpc": "2.0", "method": "subscription", "params": {"channel": "book.ETH-PERPETUAL.none.20.100ms", "data": {"timestamp": 1756601037383, "change_id": 84459674597, "instrument_name": "ETH-PERPETUAL", "bids": [[4412.35, 34644.0], [4412.15, 6000.0], [4412.05, 34049.0], [4412.0, 113496.0], [4411.85, 5997.0], [4411.8, 86415.0], [4411.75, 194440.0], [4411.55, 5997.0], [4411.5, 19990.0], [4411.35, 12044.0], [4411.2, 15145.0], [4411.1, 9457.0], [4411.0, 4778.0], [4410.8, 15609.0], [4410.75, 8860.0], [4410.65, 1289.0], [4410.5, 17817.0], [4410.45, 9457.0], [4410.3, 8846.0], [4410.1, 2837.0]], "asks": [[4412.4, 10294.0], [4412.6, 95.0], [4412.8, 101243.0], [4412.95, 113460.0], [4413.0, 244098.0], [4413.1, 8860.0], [4413.2, 4800.0], [4413.25, 16000.0], [4413.5, 2947.0], [4413.55, 9464.0], [4413.6, 9923.0], [4413.65, 9430.0], [4413.7, 15145.0], [4413.8, 8860.0], [4413.85, 9753.0], [4413.9, 1382.0], [4413.95, 21765.0], [4414.0, 72550.0], [4414.05, 2864.0], [4414.1, 9546.0]]}}}
{"jsonrpc": "2.0", "method": "subscription", "params": {"channel": "book.ETH-PERPETUAL.none.20.100ms", "data": {"timestamp": 1756601037672, "change_id": 84459675210, "instrument_name": "ETH-PERPETUAL", "bids": [[4412.35, 34644.0], [4412.05, 37049.0], [4412.0, 113496.0], [4411.8, 66426.0], [4411.75, 181440.0], [4411.6, 38987.0], [4411.55, 19989.0], [4411.35, 4544.0], [4411.2, 15145.0], [4411.15, 11481.0], [4411.1, 9457.0], [4411.0, 4778.0], [4410.95, 10000.0], [4410.8, 15609.0], [4410.75, 8860.0], [4410.65, 1289.0], [4410.5, 17817.0], [4410.45, 9457.0], [4410.3, 8846.0], [4410.1, 2837.0]], "asks": [[4412.4, 18232.0], [4412.6, 95.0], [4412.8, 101243.0], [4412.95, 113460.0], [4413.0, 244098.0], [4413.1, 8860.0], [4413.2, 4800.0], [4413.25, 16000.0], [4413.5, 2947.0], [4413.55, 9464.0], [4413.6, 9923.0], [4413.65, 9430.0], [4413.7, 15145.0], [4413.8, 8860.0], [4413.85, 9753.0], [4413.9, 1382.0], [4413.95, 21765.0], [4414.0, 72550.0], [4414.05, 2864.0], [4414.1, 9546.0]]}}}
{"jsonrpc": "2.0", "method": "subscription", "params": {"channel": "book.ETH-PERPETUAL.none.20.100ms", "data": {"timestamp": 1756601038056, "change_id": 84459675950, "instrument_name": "ETH-PERPETUAL", "bids": [[4412.35, 1699.0], [4412.0, 40013.0], [4411.95, 113378.0], [4411.85, 20000.0], [4411.8, 66426.0], [4411.75, 181440.0], [4411.55, 11244.0], [4411.5, 19989.0], [4411.4, 19989.0], [4411.35, 4544.0], [4411.2, 15145.0], [4411.1, 9457.0], [4411.0, 4778.0], [4410.8, 25609.0], [4410.75, 8860.0], [4410.6, 17761.0], [4410.5, 56.0], [4410.45, 9457.0], [4410.3, 8846.0], [4410.2, 1289.0]], "asks": [[4412.4, 51926.0], [4412.6, 95.0], [4412.8, 101243.0], [4412.85, 8846.0], [4412.95, 113460.0], [4413.0, 241440.0], [4413.2, 6854.0], [4413.25, 16000.0], [4413.3, 8846.0], [4413.5, 2947.0], [4413.55, 9464.0], [4413.6, 9923.0], [4413.65, 9430.0], [4413.7, 15145.0], [4413.8, 8860.0], [4413.85, 9753.0], [4413.9, 1382.0], [4413.95, 21765.0], [4414.0, 72550.0], [4414.05, 2864.0]]}}}
{"jsonrpc": "2.0", "method": "subscription", "params": {"channel": "book.ETH-PERPETUAL.none.20.100ms", "data": {"timestamp": 1756601038390, "change_id": 84459676526, "instrument_name": "ETH-PERPETUAL", "bids": [[4412.35, 2378.0], [4411.95, 23292.0], [4411.9, 113361.0], [4411.85, 20000.0], [4411.8, 66426.0], [4411.75, 181440.0], [4411.4, 16537.0], [4411.3, 19990.0], [4411.25, 19989.0], [4411.2, 15145.0], [4411.1, 9457.0], [4411.0, 4778.0], [4410.8, 25609.0], [4410.75, 8860.0], [4410.5, 56.0], [4410.45, 9457.0], [4410.3, 8846.0], [4410.2, 1289.0], [4410.15, 17761.0], [4410.1, 2837.0]], "asks": [[4412.4, 67926.0], [4412.45, 3000.0], [4412.5, 1829.0], [4412.55, 6000.0], [4412.6, 95.0], [4412.8, 101243.0], [4412.85, 8846.0], [4412.95, 113460.0], [4413.0, 241440.0], [4413.2, 2054.0], [4413.3, 8846.0], [4413.5, 2947.0], [4413.55, 9464.0], [4413.6, 9923.0], [4413.65, 9430.0], [4413.7, 15145.0], [4413.8, 8860.0], [4413.85, 9753.0], [4413.9, 1382.0], [4413.95, 21765.0]]}}}
{"jsonrpc": "2.0", "method": "subscription", "params": {"channel": "book.ETH-PERPETUAL.none.20.100ms", "data": {"timestamp": 1756601038722, "change_id": 84459677238, "instrument_name": "ETH-PERPETUAL", "bids": [[4412.35, 2378.0], [4411.9, 113361.0], [4411.8, 66426.0], [4411.75, 184440.0], [4411.5, 6000.0], [4411.45, 20000.0], [4411.4, 10540.0], [4411.2, 45401.0], [4411.15, 19989.0], [4411.1, 9457.0], [4411.0, 4778.0], [4410.8, 15609.0], [4410.75, 8860.0], [4410.5, 56.0], [4410.45, 9457.0], [4410.4, 10000.0], [4410.3, 8846.0], [4410.2, 1289.0], [4410.15, 17761.0], [4410.1, 2837.0]], "asks": [[4412.4, 86572.0], [4412.45, 3000.0], [4412.5, 1829.0], [4412.55, 6000.0], [4412.6, 95.0], [4412.65, 3900.0], [4412.7, 13000.0], [4412.8, 101243.0], [4412.85, 8846.0], [4412.95, 113460.0], [4413.0, 241440.0], [4413.2, 2054.0], [4413.3, 8846.0], [4413.5, 2947.0], [4413.55, 9464.0], [4413.6, 9923.0], [4413.65, 9430.0], [4413.7, 15145.0], [4413.8, 8860.0], [4413.85, 9753.0]]}}}
{"jsonrpc": "2.0", "method": "subscription", "params": {"channel": "book.ETH-PERPETUAL.none.20.100ms", "data": {"timestamp": 1756601039038, "change_id": 84459677669, "instrument_name": "ETH-PERPETUAL", "bids": [[4411.9, 187886.0], [4411.85, 3000.0], [4411.8, 66426.0], [4411.75, 181440.0], [4411.7, 6000.0], [4411.4, 15219.0], [4411.3, 19990.0], [4411.25, 19989.0], [4411.2, 19416.0], [4411.1, 9457.0], [4411.0, 4778.0], [4410.85, 3885.0], [4410.8, 18277.0], [4410.75, 8860.0], [4410.7, 10000.0], [4410.5, 2837.0], [4410.45, 9457.0], [4410.35, 3041.0], [4410.3, 8846.0], [4410.2, 9454.0]], "asks": [[4411.95, 69631.0], [4412.3, 13759.0], [4412.35, 19795.0], [4412.4, 25888.0], [4412.6, 14494.0], [4412.65, 19700.0], [4412.75, 19700.0], [4412.8, 101243.0], [4412.85, 21846.0], [4412.95, 113460.0], [4413.0, 241440.0], [4413.05, 5324.0], [4413.1, 9485.0], [4413.2, 11503.0], [4413.3, 8846.0], [4413.5, 2947.0], [4413.55, 9464.0], [4413.6, 9923.0], [4413.7, 15145.0], [4413.8, 8860.0]]}}}
{"jsonrpc": "2.0", "method": "subscription", "params": {"channel": "book.ETH-PERPETUAL.none.20.100ms", "data": {"timestamp": 1756601039375, "change_id": 84459678384, "instrument_name": "ETH-PERPETUAL", "bids": [[4411.9, 189051.0], [4411.85, 3000.0], [4411.8, 72426.0], [4411.75, 181440.0], [4411.4, 15220.0], [4411.3, 19990.0], [4411.25, 19989.0], [4411.2, 19416.0], [4411.1, 9457.0], [4411.0, 4734.0], [4410.85, 5382.0], [4410.8, 18277.0], [4410.75, 8860.0], [4410.7, 10000.0], [4410.5, 2837.0], [4410.45, 9457.0], [4410.35, 3041.0], [4410.3, 8846.0], [4410.2, 9454.0], [4410.15, 17761.0]], "asks": [[4411.95, 69631.0], [4412.35, 95.0], [4412.4, 25888.0], [4412.6, 4684.0], [4412.65, 19700.0], [4412.8, 101243.0], [4412.85, 21846.0], [4412.95, 113460.0], [4413.0, 241440.0], [4413.05, 5324.0], [4413.1, 9485.0], [4413.2, 11503.0], [4413.3, 8846.0], [4413.5, 2947.0], [4413.55, 9464.0], [4413.6, 9923.0], [4413.7, 15145.0], [4413.8, 8860.0], [4413.85, 9753.0], [4413.9, 1382.0]]}}}
{"jsonrpc": "2.0", "method": "subscription", "params": {"channel": "book.ETH-PERPETUAL.none.20.100ms", "data": {"timestamp": 1756601039714, "change_id": 84459678992, "instrument_name": "ETH-PERPETUAL", "bids": [[4411.9, 190051.0], [4411.8, 66426.0], [4411.75, 181440.0], [4411.7, 3000.0], [4411.65, 6000.0], [4411.5, 180.0], [4411.4, 15220.0], [4411.25, 19989.0], [4411.2, 21868.0], [4411.1, 9457.0], [4411.0, 14734.0], [4410.85, 5382.0], [4410.8, 18790.0], [4410.75, 8860.0], [4410.6, 10602.0], [4410.5, 2837.0], [4410.45, 9457.0], [4410.35, 3041.0], [4410.3, 8846.0], [4410.2, 9454.0]], "asks": [[4411.95, 80632.0], [4412.35, 95.0], [4412.4, 16088.0], [4412.6, 9225.0], [4412.65, 19700.0], [4412.7, 13000.0], [4412.8, 101243.0], [4412.85, 8846.0], [4412.95, 113460.0], [4413.0, 241440.0], [4413.05, 5324.0], [4413.1, 9485.0], [4413.2, 11503.0], [4413.3, 8846.0], [4413.5, 2947.0], [4413.55, 9464.0], [4413.6, 9923.0], [4413.7, 15145.0], [4413.8, 8860.0], [4413.85, 9753.0]]}}}
{"jsonrpc": "2.0", "method": "subscription", "params": {"channel": "book.ETH-PERPETUAL.none.20.100ms", "data": {"timestamp": 1756601040042, "change_id": 84459679715, "instrument_name": "ETH-PERPETUAL", "bids": [[4411.9, 41165.0], [4411.75, 181440.0], [4411.5, 180.0], [4411.45, 20000.0], [4410.95, 15118.0], [4410.85, 21486.0], [4410.8, 37022.0], [4410.75, 8860.0], [4410.65, 4744.0], [4410.6, 2837.0], [4410.45, 9457.0], [4410.35, 5709.0], [4410.3, 8846.0], [4410.2, 11289.0], [4410.1, 2837.0], [4410.05, 9457.0], [4409.9, 8168.0], [4409.85, 9464.0], [4409.8, 17761.0], [4409.75, 1999.0]], "asks": [[4411.95, 72033.0], [4412.35, 6675.0], [4412.4, 106095.0], [4412.45, 294692.0], [4412.5, 180.0], [4412.6, 4684.0], [4412.65, 19700.0], [4412.8, 20654.0], [4412.85, 8846.0], [4413.0, 60000.0], [4413.05, 5324.0], [4413.1, 9485.0], [4413.2, 11503.0], [4413.3, 8846.0], [4413.5, 2947.0], [4413.55, 9464.0], [4413.6, 9923.0], [4413.7, 15145.0], [4413.8, 8860.0], [4413.85, 9753.0]]}}}
{"jsonrpc": "2.0", "method": "subscription", "params": {"channel": "book.ETH-PERPETUAL.none.20.100ms", "data": {"timestamp": 1756601040372, "change_id": 84459680782, "instrument_name": "ETH-PERPETUAL", "bids": [[4411.9, 73110.0], [4411.75, 181440.0], [4411.65, 1497.0], [4411.55, 3000.0], [4411.5, 6180.0], [4411.45, 113265.0], [4411.2, 14657.0], [4411.1, 32990.0], [4411.0, 19989.0], [4410.95, 8429.0], [4410.8, 32177.0], [4410.75, 8860.0], [4410.65, 4744.0], [4410.6, 5482.0], [4410.5, 10000.0], [4410.45, 9457.0], [4410.35, 2654.0], [4410.3, 8846.0], [4410.2, 9454.0], [4410.15, 17761.0]], "asks": [[4411.95, 15559.0], [4412.3, 6000.0], [4412.35, 95.0], [4412.4, 81743.0], [4412.45, 294705.0], [4412.6, 13000.0], [4412.8, 20654.0], [4412.85, 8846.0], [4413.0, 60000.0], [4413.05, 9558.0], [4413.1, 9485.0], [4413.2, 26648.0], [4413.3, 8846.0], [4413.5, 2947.0], [4413.55, 9464.0], [4413.6, 3018.0], [4413.8, 8860.0], [4413.85, 9753.0], [4413.9, 1382.0], [4413.95, 21765.0]]}}}
{"jsonrpc": "2.0", "method": "subscription", "params": {"channel": "book.ETH-PERPETUAL.none.20.100ms", "data": {"timestamp": 1756601040705, "change_id": 84459682500, "instrument_name": "ETH-PERPETUAL", "bids": [[4411.5, 16975.0], [4411.0, 19990.0], [4410.75, 54432.0], [4410.7, 314675.0], [4410.6, 14846.0], [4410.55, 20000.0], [4410.2, 1289.0], [4410.1, 4127.0], [4410.05, 9457.0], [4410.0, 4747.0], [4409.9, 5493.0], [4409.85, 18310.0], [4409.65, 2837.0], [4409.6, 17785.0], [4409.55, 10000.0], [4409.4, 17761.0], [4409.35, 3437.0], [4409.2, 9457.0], [4409.1, 6427.0], [4409.05, 10859.0]], "asks": [[4411.55, 70743.0], [4411.7, 60040.0], [4411.8, 54486.0], [4411.85, 181440.0], [4411.95, 180.0], [4412.35, 2680.0], [4412.4, 8934.0], [4412.45, 16000.0], [4412.65, 5329.0], [4412.7, 9495.0], [4412.8, 12111.0], [4412.85, 8846.0], [4413.05, 9558.0], [4413.1, 9485.0], [4413.2, 21934.0], [4413.3, 8846.0], [4413.45, 23977.0], [4413.5, 70100.0], [4413.55, 9464.0], [4413.6, 3018.0]]}}}
{"jsonrpc": "2.0", "method": "subscription", "params": {"channel": "book.ETH-PERPETUAL.none.20.100ms", "data": {"timestamp": 1756601041022, "change_id": 84459683336, "instrument_name": "ETH-PERPETUAL", "bids": [[4411.5, 38155.0], [4411.45, 5700.0], [4411.4, 3000.0], [4411.25, 6000.0], [4411.2, 5997.0], [4411.05, 19990.0], [4411.0, 37874.0], [4410.95, 113246.0], [4410.9, 19990.0], [4410.85, 13000.0], [4410.75, 54432.0], [4410.7, 181440.0], [4410.6, 8846.0], [4410.45, 1497.0], [4410.4, 8282.0], [4410.35, 9495.0], [4410.25, 4747.0], [4410.2, 20982.0], [4410.15, 10000.0], [4410.05, 9457.0]], "asks": [[4411.55, 58798.0], [4411.7, 60040.0], [4411.8, 167732.0], [4411.85, 181440.0], [4411.95, 180.0], [4412.0, 6000.0], [4412.25, 3926.0], [4412.3, 13000.0], [4412.4, 8832.0], [4412.45, 31145.0], [4412.65, 5329.0], [4412.7, 9495.0], [4412.8, 12111.0], [4412.85, 8846.0], [4413.05, 2846.0], [4413.1, 9485.0], [4413.2, 2054.0], [4413.3, 8846.0], [4413.45, 2947.0], [4413.55, 9464.0]]}}}
{"jsonrpc": "2.0", "method": "subscription", "params": {"channel": "book.ETH-PERPETUAL.none.20.100ms", "data": {"timestamp": 1756601041355, "change_id": 84459684600, "instrument_name": "ETH-PERPETUAL", "bids": [[4411.5, 38430.0], [4411.45, 3000.0], [4411.35, 39975.0], [4411.3, 113250.0], [4411.2, 8651.0], [4411.15, 19990.0], [4411.05, 8846.0], [4410.85, 5997.0], [4410.8, 19990.0], [4410.75, 64432.0], [4410.7, 181440.0], [4410.6, 10237.0], [4410.5, 56.0], [4410.4, 8816.0], [4410.35, 9495.0], [4410.25, 4747.0], [4410.2, 23310.0], [4410.15, 17761.0], [4410.05, 9457.0], [4409.9, 5493.0]], "asks": [[4411.55, 8823.0], [4411.7, 60000.0], [4411.85, 181440.0], [4412.3, 33998.0], [4412.35, 113237.0], [4412.4, 88.0], [4412.5, 3900.0], [4412.55, 13000.0], [4412.65, 4443.0], [4412.7, 9495.0], [4412.8, 9457.0], [4413.0, 1381.0], [4413.05, 2846.0], [4413.1, 9485.0], [4413.2, 6941.0], [4413.3, 23991.0], [4413.45, 2947.0], [4413.55, 9464.0], [4413.6, 3018.0], [4413.8, 8860.0]]}}}
{"jsonrpc": "2.0", "method": "subscription", "params": {"channel": "book.ETH-PERPETUAL.none.20.100ms", "data": {"timestamp": 1756601041696, "change_id": 84459685693, "instrument_name": "ETH-PERPETUAL", "bids": [[4411.5, 16503.0], [4411.45, 3000.0], [4411.35, 33971.0], [4411.3, 113237.0], [4410.95, 5997.0], [4410.8, 19990.0], [4410.75, 54432.0], [4410.7, 181440.0], [4410.65, 19990.0], [4410.6, 10237.0], [4410.5, 56.0], [4410.45, 1289.0], [4410.4, 8816.0], [4410.35, 9495.0], [4410.25, 4747.0], [4410.2, 15145.0], [4410.15, 5837.0], [4410.1, 10000.0], [4410.05, 9457.0], [4409.9, 5493.0]], "asks": [[4411.55, 51578.0], [4411.65, 18000.0], [4411.7, 60000.0], [4411.8, 54432.0], [4411.85, 181620.0], [4412.3, 33998.0], [4412.35, 113237.0], [4412.4, 88.0], [4412.65, 4263.0], [4412.7, 9495.0], [4412.8, 9457.0], [4413.05, 2846.0], [4413.1, 9485.0], [4413.2, 6941.0], [4413.3, 23991.0], [4413.45, 7379.0], [4413.55, 25464.0], [4413.6, 3018.0], [4413.8, 8860.0], [4413.85, 9753.0]]}}}
{"jsonrpc": "2.0", "method": "subscription", "params": {"channel": "book.ETH-PERPETUAL.none.20.100ms", "data": {"timestamp": 1756601042027, "change_id": 84459686321, "instrument_name": "ETH-PERPETUAL", "bids": [[4411.5, 9462.0], [4411.05, 33993.0], [4411.0, 113309.0], [4410.85, 25990.0], [4410.8, 20000.0], [4410.75, 54432.0], [4410.7, 181440.0], [4410.6, 8846.0], [4410.55, 6014.0], [4410.5, 56.0], [4410.45, 19990.0], [4410.4, 8816.0], [4410.35, 9495.0], [4410.25, 4747.0], [4410.2, 15145.0], [4410.15, 5837.0], [4410.1, 10000.0], [4410.05, 9457.0], [4410.0, 50.0], [4409.9, 5493.0]], "asks": [[4411.55, 52631.0], [4411.6, 3000.0], [4411.65, 18000.0], [4411.7, 60000.0], [4411.8, 81613.0], [4411.85, 294722.0], [4412.0, 16000.0], [4412.4, 2722.0], [4412.45, 8846.0], [4412.65, 4263.0], [4412.7, 9495.0], [4412.8, 9457.0], [4413.05, 2846.0], [4413.1, 9485.0], [4413.2, 6941.0], [4413.3, 23991.0], [4413.35, 1381.0], [4413.45, 2947.0], [4413.55, 9464.0], [4413.6, 3018.0]]}}}
{"jsonrpc": "2.0", "method": "subscription", "params": {"channel": "book.ETH-PERPETUAL.none.20.100ms", "data": {"timestamp": 1756601042356, "change_id": 84459687024, "instrument_name": "ETH-PERPETUAL", "bids": [[4411.5, 35480.0], [4411.45, 3000.0], [4411.35, 1800.0], [4411.3, 6000.0], [4411.05, 42839.0], [4411.0, 133299.0], [4410.9, 5997.0], [4410.85, 19990.0], [4410.75, 54432.0], [4410.7, 181440.0], [4410.6, 8846.0], [4410.5, 56.0], [4410.45, 3000.0], [4410.4, 18816.0], [4410.35, 9495.0], [4410.25, 4747.0], [4410.2, 15145.0], [4410.05, 10848.0], [4410.0, 50.0], [4409.9, 5493.0]], "asks": [[4411.55, 10983.0], [4411.65, 18000.0], [4411.7, 60000.0], [4411.8, 88419.0], [4411.85, 294731.0], [4411.95, 180.0], [4412.0, 1800.0], [4412.05, 6000.0], [4412.25, 3920.0], [4412.3, 13000.0], [4412.4, 68.0], [4412.65, 4263.0], [4412.7, 25495.0], [4412.8, 9457.0], [4413.05, 2846.0], [4413.1, 9485.0], [4413.2, 6941.0], [4413.3, 23991.0], [4413.35, 1381.0], [4413.45, 2947.0]]}}}
{"jsonrpc": "2.0", "method": "subscription", "params": {"channel": "book.ETH-PERPETUAL.none.20.100ms", "data": {"timestamp": 1756601042686, "change_id": 84459687664, "instrument_name": "ETH-PERPETUAL", "bids": [[4411.5, 8526.0], [4411.05, 42839.0], [4411.0, 128081.0], [4410.8, 39980.0], [4410.75, 54432.0], [4410.7, 181440.0], [4410.6, 8846.0], [4410.5, 56.0], [4410.4, 8816.0], [4410.35, 9495.0], [4410.25, 4747.0], [4410.2, 15145.0], [4410.05, 10848.0], [4410.0, 50.0], [4409.9, 5493.0], [4409.85, 18310.0], [4409.75, 3886.0], [4409.7, 13495.0], [4409.65, 1289.0], [4409.6, 9457.0]], "asks": [[4411.55, 14099.0], [4411.65, 18000.0], [4411.7, 60000.0], [4411.8, 88419.0], [4411.85, 294731.0], [4412.15, 3900.0], [4412.2, 13000.0], [4412.25, 3920.0], [4412.35, 16000.0], [4412.4, 68.0], [4412.65, 4263.0], [4412.7, 9495.0], [4412.8, 9457.0], [4413.05, 2846.0], [4413.1, 9485.0], [4413.2, 6941.0], [4413.3, 23991.0], [4413.35, 1381.0], [4413.45, 2947.0], [4413.55, 9464.0]]}}}
{"jsonrpc": "2.0", "method": "subscription", "params": {"channel": "book.ETH-PERPETUAL.none.20.100ms", "data": {"timestamp": 1756601043013, "change_id": 84459688786, "instrument_name": "ETH-PERPETUAL", "bids": [[4411.0, 1429.0], [4410.75, 54432.0], [4410.7, 181440.0], [4410.55, 113268.0], [4410.5, 56.0], [4410.2, 6029.0], [4410.1, 19990.0], [4410.0, 22139.0], [4409.95, 20000.0], [4409.9, 19990.0], [4409.85, 18310.0], [4409.8, 15145.0], [4409.75, 8637.0], [4409.7, 3495.0], [4409.6, 9457.0], [4409.35, 5441.0], [4409.25, 112.0], [4409.2, 19457.0], [4409.1, 6427.0], [4409.05, 8860.0]], "asks": [[4411.05, 68617.0], [4411.35, 33980.0], [4411.4, 113268.0], [4411.45, 4991.0], [4411.55, 17778.0], [4411.65, 18000.0], [4411.7, 60000.0], [4411.8, 60986.0], [4411.85, 181440.0], [4412.0, 8846.0], [4412.15, 2851.0], [4412.2, 9503.0], [4412.25, 1437.0], [4412.3, 4722.0], [4412.4, 2722.0], [4412.45, 8846.0], [4412.65, 4263.0], [4412.7, 9495.0], [4412.8, 9457.0], [4413.05, 2846.0]]}}}
{"jsonrpc": "2.0", "method": "subscription", "params": {"channel": "book.ETH-PERPETUAL.none.20.100ms", "data": {"timestamp": 1756601043347, "change_id": 84459689763, "instrument_name": "ETH-PERPETUAL", "bids": [[4411.0, 3103.0], [4410.75, 16791.0], [4410.7, 181440.0], [4410.5, 56.0], [4410.1, 6029.0], [4410.05, 19990.0], [4410.0, 18785.0], [4409.9, 20000.0], [4409.85, 18310.0], [4409.8, 35134.0], [4409.75, 8637.0], [4409.7, 3495.0], [4409.6, 9457.0], [4409.35, 3437.0], [4409.25, 112.0], [4409.2, 9457.0], [4409.1, 6427.0], [4409.05, 8860.0], [4409.0, 9563.0], [4408.95, 9053.0]], "asks": [[4411.05, 87817.0], [4411.15, 6000.0], [4411.3, 181440.0], [4411.35, 33980.0], [4411.4, 126268.0], [4411.45, 2897.0], [4411.5, 8846.0], [4411.55, 809.0], [4411.65, 18000.0], [4411.7, 60000.0], [4411.8, 2654.0], [4412.0, 8846.0], [4412.15, 2851.0], [4412.2, 9503.0], [4412.25, 2681.0], [4412.3, 9467.0], [4412.4, 2722.0], [4412.45, 8846.0], [4412.6, 1381.0], [4412.65, 2849.0]]}}}
{"jsonrpc": "2.0", "method": "subscription", "params": {"channel": "book.ETH-PERPETUAL.none.20.100ms", "data": {"timestamp": 1756601043676, "change_id": 84459690674, "instrument_name": "ETH-PERPETUAL", "bids": [[4411.0, 429.0], [4410.5, 56.0], [4410.3, 446.0], [4410.05, 54464.0], [4410.0, 207242.0], [4409.95, 19990.0], [4409.9, 33000.0], [4409.85, 8846.0], [4409.8, 39397.0], [4409.75, 4751.0], [4409.6, 9457.0], [4409.35, 5441.0], [4409.25, 112.0], [4409.2, 19457.0], [4409.1, 6427.0], [4409.05, 8860.0], [4409.0, 9563.0], [4408.95, 1391.0], [4408.8, 10058.0], [4408.75, 9457.0]], "asks": [[4411.05, 78995.0], [4411.15, 6000.0], [4411.25, 92312.0], [4411.3, 181440.0], [4411.4, 126268.0], [4411.45, 2897.0], [4411.5, 8846.0], [4411.65, 18000.0], [4411.7, 60000.0], [4411.8, 2654.0], [4412.0, 8846.0], [4412.15, 2851.0], [4412.2, 9503.0], [4412.25, 2681.0], [4412.3, 9467.0], [4412.4, 2722.0], [4412.45, 8846.0], [4412.6, 1381.0], [4412.65, 2849.0], [4412.7, 9495.0]]}}}
{"jsonrpc": "2.0", "method": "subscription", "params": {"channel": "book.ETH-PERPETUAL.none.20.100ms", "data": {"timestamp": 1756601043998, "change_id": 84459691663, "instrument_name": "ETH-PERPETUAL", "bids": [[4411.0, 21.0], [4410.5, 56.0], [4410.1, 48816.0], [4410.05, 54464.0], [4410.0, 207242.0], [4409.95, 446.0], [4409.9, 20000.0], [4409.85, 9506.0], [4409.8, 21525.0], [4409.75, 4751.0], [4409.65, 8835.0], [4409.6, 9457.0], [4409.55, 3000.0], [4409.5, 10000.0], [4409.35, 10519.0], [4409.25, 17873.0], [4409.2, 9457.0], [4409.1, 6427.0], [4409.05, 8860.0], [4409.0, 9563.0]], "asks": [[4411.05, 127272.0], [4411.3, 181440.0], [4411.7, 60000.0], [4411.9, 2651.0], [4411.95, 8835.0], [4412.15, 2851.0], [4412.2, 9503.0], [4412.25, 2861.0], [4412.3, 9467.0], [4412.4, 3136.0], [4412.45, 8846.0], [4412.6, 1381.0], [4412.65, 2849.0], [4412.7, 9495.0], [4413.0, 2846.0], [4413.1, 9485.0], [4413.2, 2054.0], [4413.3, 8846.0], [4413.45, 23609.0], [4413.5, 70100.0]]}}}
{"jsonrpc": "2.0", "method": "subscription", "params": {"channel": "book.ETH-PERPETUAL.none.20.100ms", "data": {"timestamp": 1756601044336, "change_id": 84459692945, "instrument_name": "ETH-PERPETUAL", "bids": [[4410.5, 56.0], [4410.05, 35795.0], [4410.0, 181546.0], [4409.95, 6000.0], [4409.9, 20000.0], [4409.7, 1391.0], [4409.4, 9364.0], [4409.35, 19990.0], [4409.3, 15145.0], [4409.25, 20102.0], [4409.2, 10746.0], [4409.15, 12950.0], [4409.05, 13613.0], [4409.0, 9563.0], [4408.95, 3000.0], [4408.9, 10000.0], [4408.8, 6091.0], [4408.75, 9457.0], [4408.6, 8846.0], [4408.5, 1049.0]], "asks": [[4410.55, 65498.0], [4410.6, 3000.0], [4410.7, 6000.0], [4410.9, 13000.0], [4411.0, 34915.0], [4411.05, 115520.0], [4411.2, 16000.0], [4411.25, 51982.0], [4411.3, 181440.0], [4411.45, 2651.0], [4411.5, 8835.0], [4411.65, 18000.0], [4411.7, 69506.0], [4411.8, 9471.0], [4411.85, 2651.0], [4411.95, 8835.0], [4412.1, 2851.0], [4412.2, 9503.0], [4412.25, 4206.0], [4412.3, 15145.0]]}}}
{"jsonrpc": "2.0", "method": "subscription", "params": {"channel": "book.ETH-PERPETUAL.none.20.100ms", "data": {"timestamp": 1756601044645, "change_id": 84459693867, "instrument_name": "ETH-PERPETUAL", "bids": [[4410.5, 56.0], [4410.0, 106.0], [4409.95, 6000.0], [4409.9, 23000.0], [4409.8, 1800.0], [4409.75, 6000.0], [4409.6, 5997.0], [4409.4, 86663.0], [4409.3, 209585.0], [4409.25, 20102.0], [4409.2, 9457.0], [4409.05, 13613.0], [4409.0, 9563.0], [4408.95, 3000.0], [4408.9, 10000.0], [4408.8, 6091.0], [4408.75, 10848.0], [4408.6, 8846.0], [4408.5, 1049.0], [4408.45, 3495.0]], "asks": [[4410.55, 204849.0], [4410.6, 3000.0], [4410.7, 187440.0], [4410.9, 13000.0], [4411.0, 8835.0], [4411.05, 855.0], [4411.45, 24069.0], [4411.5, 8835.0], [4411.6, 72500.0], [4411.65, 18000.0], [4411.7, 69506.0], [4411.8, 9471.0], [4411.85, 2651.0], [4411.95, 8835.0], [4412.1, 2851.0], [4412.2, 9503.0], [4412.25, 4206.0], [4412.3, 15145.0], [4412.4, 23783.0], [4412.45, 8846.0]]}}}
{"jsonrpc": "2.0", "method": "subscription", "params": {"channel": "book.ETH-PERPETUAL.none.20.100ms", "data": {"timestamp": 1756601044997, "change_id": 84459694546, "instrument_name": "ETH-PERPETUAL", "bids": [[4410.5, 56.0], [4410.0, 106.0], [4409.95, 6000.0], [4409.9, 20000.0], [4409.55, 13301.0], [4409.5, 24348.0], [4409.45, 19990.0], [4409.4, 66673.0], [4409.3, 196585.0], [4409.25, 20102.0], [4409.2, 16410.0], [4409.05, 13613.0], [4409.0, 9563.0], [4408.95, 3000.0], [4408.9, 10000.0], [4408.8, 6091.0], [4408.75, 10848.0], [4408.6, 8846.0], [4408.5, 1049.0], [4408.45, 3495.0]], "asks": [[4410.55, 209342.0], [4410.6, 3000.0], [4410.65, 20.0], [4410.7, 187440.0], [4410.9, 13000.0], [4411.0, 8835.0], [4411.45, 24069.0], [4411.5, 8835.0], [4411.6, 72500.0], [4411.65, 18000.0], [4411.7, 69506.0], [4411.8, 10852.0], [4411.85, 2651.0], [4411.95, 8835.0], [4412.1, 2851.0], [4412.2, 9503.0], [4412.25, 4206.0], [4412.3, 15145.0], [4412.4, 23783.0], [4412.45, 8846.0]]}}}
{"jsonrpc": "2.0", "method": "subscription", "params": {"channel": "book.ETH-PERPETUAL.none.20.100ms", "data": {"timestamp": 1756601045329, "change_id": 84459695556, "instrument_name": "ETH-PERPETUAL", "bids": [[4410.5, 43585.0], [4410.1, 8344.0], [4410.05, 8835.0], [4410.0, 106.0], [4409.95, 31238.0], [4409.9, 20000.0], [4409.8, 28638.0], [4409.65, 2651.0], [4409.6, 16139.0], [4409.4, 66673.0], [4409.3, 15145.0], [4409.25, 4869.0], [4409.2, 26410.0], [4409.1, 17761.0], [4409.05, 8860.0], [4409.0, 9563.0], [4408.9, 5328.0], [4408.8, 6091.0], [4408.75, 9457.0], [4408.6, 8846.0]], "asks": [[4410.55, 15333.0], [4410.65, 20.0], [4411.25, 200.0], [4411.7, 60000.0], [4411.8, 1381.0], [4412.4, 68.0], [4412.65, 2849.0], [4413.0, 23520.0], [4413.05, 70100.0], [4413.1, 9485.0], [4413.2, 5506.0], [4413.3, 18352.0], [4413.45, 23977.0], [4413.5, 70100.0], [4413.55, 9464.0], [4413.6, 3018.0], [4413.8, 8860.0], [4413.85, 9753.0], [4413.9, 45409.0], [4413.95, 70100.0]]}}}
{"jsonrpc": "2.0", "method": "subscription", "params": {"channel": "book.ETH-PERPETUAL.none.20.100ms", "data": {"timestamp": 1756601045652, "change_id": 84459697700, "instrument_name": "ETH-PERPETUAL", "bids": [[4411.65, 65284.0], [4411.35, 33991.0], [4411.3, 113303.0], [4411.2, 60429.0], [4411.15, 181440.0], [4411.1, 21676.0], [4411.05, 19990.0], [4411.0, 2651.0], [4410.9, 2205.0], [4410.85, 8835.0], [4410.6, 12357.0], [4410.55, 19795.0], [4410.5, 19612.0], [4410.4, 4757.0], [4410.15, 14086.0], [4410.1, 9514.0], [4410.05, 39264.0], [4410.0, 5434.0], [4409.95, 17761.0], [4409.75, 5922.0]], "asks": [[4411.7, 73146.0], [4412.15, 200.0], [4412.4, 38913.0], [4412.45, 181440.0], [4412.85, 46345.0], [4412.9, 113311.0], [4412.95, 9473.0], [4413.2, 5175.0], [4413.25, 9510.0], [4413.3, 8846.0], [4413.5, 1532.0], [4413.55, 4745.0], [4413.6, 5539.0], [4413.65, 9510.0], [4413.8, 8860.0], [4413.85, 289.0], [4413.9, 21765.0], [4414.0, 75414.0], [4414.1, 9546.0], [4414.15, 4745.0]]}}}
{"jsonrpc": "2.0", "method": "subscription", "params": {"channel": "book.ETH-PERPETUAL.none.20.100ms", "data": {"timestamp": 1756601045988, "change_id": 84459699229, "instrument_name": "ETH-PERPETUAL", "bids": [[4411.65, 31329.0], [4411.35, 33991.0], [4411.3, 113303.0], [4411.2, 80419.0], [4411.15, 181440.0], [4411.0, 12730.0], [4410.95, 19990.0], [4410.9, 17350.0], [4410.85, 8835.0], [4410.6, 7339.0], [4410.55, 95.0], [4410.5, 19612.0], [4410.4, 4757.0], [4410.35, 1391.0], [4410.15, 14086.0], [4410.1, 9514.0], [4410.05, 39264.0], [4410.0, 106.0], [4409.8, 11250.0], [4409.75, 17761.0]], "asks": [[4411.7, 73226.0], [4412.25, 35814.0], [4412.3, 113311.0], [4412.4, 44913.0], [4412.45, 181440.0], [4412.6, 4800.0], [4412.8, 21695.0], [4412.85, 9510.0], [4412.95, 9473.0], [4413.2, 9362.0], [4413.25, 9510.0], [4413.3, 8846.0], [4413.35, 15145.0], [4413.6, 5539.0], [4413.65, 9510.0], [4413.8, 8860.0], [4413.85, 289.0], [4413.9, 21765.0], [4414.0, 75414.0], [4414.1, 9546.0]]}}}
{"jsonrpc": "2.0", "method": "subscription", "params": {"channel": "book.ETH-PERPETUAL.none.20.100ms", "data": {"timestamp": 1756601046320, "change_id": 84459699887, "instrument_name": "ETH-PERPETUAL", "bids": [[4411.65, 64269.0], [4411.6, 3000.0], [4411.55, 1800.0], [4411.5, 6000.0], [4411.35, 53981.0], [4411.3, 126303.0], [4411.2, 60429.0], [4411.15, 181440.0], [4411.05, 19990.0], [4411.0, 7856.0], [4410.9, 17350.0], [4410.85, 8835.0], [4410.6, 7339.0], [4410.55, 95.0], [4410.5, 19570.0], [4410.4, 4757.0], [4410.35, 1391.0], [4410.15, 14086.0], [4410.1, 27275.0], [4410.05, 39264.0]], "asks": [[4411.7, 61281.0], [4412.0, 180.0], [4412.25, 35814.0], [4412.3, 113311.0], [4412.4, 54444.0], [4412.45, 200440.0], [4412.8, 5695.0], [4412.85, 9510.0], [4412.9, 13000.0], [4412.95, 9473.0], [4413.2, 9362.0], [4413.25, 9510.0], [4413.3, 8846.0], [4413.35, 15145.0], [4413.6, 5539.0], [4413.65, 9510.0], [4413.75, 1293.0], [4413.8, 8860.0], [4413.85, 289.0], [4413.9, 21765.0]]}}}
{"jsonrpc": "2.0", "method": "subscription", "params": {"channel": "book.ETH-PERPETUAL.none.20.100ms", "data": {"timestamp": 1756601046640, "change_id": 84459700755, "instrument_name": "ETH-PERPETUAL", "bids": [[4411.65, 77025.0], [4411.6, 3000.0], [4411.55, 12848.0], [4411.5, 6000.0], [4411.4, 39980.0], [4411.35, 33991.0], [4411.3, 126303.0], [4411.2, 60429.0], [4411.15, 181440.0], [4411.0, 7856.0], [4410.9, 17350.0], [4410.85, 8835.0], [4410.8, 10000.0], [4410.6, 4327.0], [4410.55, 95.0], [4410.5, 9570.0], [4410.4, 4757.0], [4410.35, 1391.0], [4410.15, 14086.0], [4410.1, 27275.0]], "asks": [[4411.7, 60000.0], [4412.4, 54444.0], [4412.45, 181440.0], [4412.7, 180.0], [4412.8, 8883.0], [4412.85, 9510.0], [4412.95, 9473.0], [4413.0, 13000.0], [4413.2, 9362.0], [4413.25, 9510.0], [4413.35, 15145.0], [4413.6, 5539.0], [4413.65, 9510.0], [4413.75, 1293.0], [4413.8, 8860.0], [4413.85, 289.0], [4413.9, 21765.0], [4414.0, 75414.0], [4414.05, 80.0], [4414.1, 9546.0]]}}}
{"jsonrpc": "2.0", "method": "subscription", "params": {"channel": "book.ETH-PERPETUAL.none.20.100ms", "data": {"timestamp": 1756601046971, "change_id": 84459701499, "instrument_name": "ETH-PERPETUAL", "bids": [[4411.65, 78025.0], [4411.6, 30787.0], [4411.5, 6000.0], [4411.4, 19990.0], [4411.35, 33991.0], [4411.3, 126303.0], [4411.2, 60429.0], [4411.15, 181440.0], [4411.0, 7856.0], [4410.9, 17350.0], [4410.85, 8835.0], [4410.8, 10000.0], [4410.6, 4327.0], [4410.55, 95.0], [4410.5, 9570.0], [4410.4, 4757.0], [4410.35, 1391.0], [4410.15, 14086.0], [4410.1, 27275.0], [4410.05, 39264.0]], "asks": [[4411.7, 60080.0], [4412.15, 33973.0], [4412.2, 113242.0], [4412.4, 54624.0], [4412.45, 181440.0], [4412.8, 13285.0], [4412.85, 9510.0], [4412.95, 9473.0], [4413.0, 16000.0], [4413.2, 9362.0], [4413.25, 9510.0], [4413.35, 15145.0], [4413.6, 5539.0], [4413.65, 9510.0], [4413.75, 1293.0], [4413.8, 8860.0], [4413.85, 289.0], [4413.9, 21765.0], [4414.0, 75430.0], [4414.1, 9546.0]]}}}
{"jsonrpc": "2.0", "method": "subscription", "params": {"channel": "book.ETH-PERPETUAL.none.20.100ms", "data": {"timestamp": 1756601047310, "change_id": 84459702187, "instrument_name": "ETH-PERPETUAL", "bids": [[4411.65, 78025.0], [4411.6, 10797.0], [4411.5, 6000.0], [4411.4, 19990.0], [4411.35, 53981.0], [4411.3, 126303.0], [4411.2, 60429.0], [4411.15, 181440.0], [4411.0, 7856.0], [4410.9, 17350.0], [4410.85, 8835.0], [4410.8, 10000.0], [4410.6, 4327.0], [4410.55, 95.0], [4410.5, 9570.0], [4410.4, 4757.0], [4410.35, 1391.0], [4410.15, 4636.0], [4410.1, 27275.0], [4410.05, 8835.0]], "asks": [[4411.7, 60080.0], [4412.4, 81850.0], [4412.45, 294664.0], [4412.5, 6000.0], [4412.75, 3900.0], [4412.8, 26285.0], [4412.85, 9510.0], [4412.95, 9473.0], [4413.0, 16000.0], [4413.2, 9362.0], [4413.25, 9510.0], [4413.35, 15145.0], [4413.6, 5539.0], [4413.65, 9510.0], [4413.75, 1293.0], [4413.8, 8860.0], [4413.85, 289.0], [4413.9, 21765.0], [4414.0, 75430.0], [4414.1, 9546.0]]}}}
{"jsonrpc": "2.0", "method": "subscription", "params": {"channel": "book.ETH-PERPETUAL.none.20.100ms", "data": {"timestamp": 1756601047639, "change_id": 84459703118, "instrument_name": "ETH-PERPETUAL", "bids": [[4411.65, 118126.0], [4411.6, 3000.0], [4411.55, 1800.0], [4411.5, 6000.0], [4411.35, 33991.0], [4411.3, 126303.0], [4411.2, 60429.0], [4411.15, 181440.0], [4411.1, 10000.0], [4411.0, 7856.0], [4410.9, 17350.0], [4410.85, 8835.0], [4410.75, 6423.0], [4410.7, 21410.0], [4410.6, 4327.0], [4410.55, 95.0], [4410.5, 9570.0], [4410.45, 17761.0], [4410.4, 4757.0], [4410.35, 1391.0]], "asks": [[4411.7, 68823.0], [4412.4, 54444.0], [4412.45, 181440.0], [4412.65, 35758.0], [4412.7, 113194.0], [4412.75, 6000.0], [4412.8, 4097.0], [4412.85, 9519.0], [4412.95, 9478.0], [4413.1, 1425.0], [4413.15, 4750.0], [4413.2, 2853.0], [4413.25, 9510.0], [4413.6, 18163.0], [4413.65, 9510.0], [4413.75, 1473.0], [4413.85, 289.0], [4413.9, 21765.0], [4414.0, 75430.0], [4414.1, 9546.0]]}}}
{"jsonrpc": "2.0", "method": "subscription", "params": {"channel": "book.ETH-PERPETUAL.none.20.100ms", "data": {"timestamp": 1756601047971, "change_id": 84459703835, "instrument_name": "ETH-PERPETUAL", "bids": [[4411.65, 128211.0], [4411.6, 3000.0], [4411.55, 1800.0], [4411.5, 6000.0], [4411.35, 33991.0], [4411.3, 126303.0], [4411.2, 60429.0], [4411.15, 181440.0], [4411.0, 7856.0], [4410.9, 17350.0], [4410.85, 8835.0], [4410.8, 11751.0], [4410.75, 17761.0], [4410.7, 21410.0], [4410.6, 4327.0], [4410.55, 95.0], [4410.5, 9570.0], [4410.4, 4757.0], [4410.35, 1391.0], [4410.15, 4636.0]], "asks": [[4411.7, 68823.0], [4412.4, 54444.0], [4412.45, 181440.0], [4412.65, 35758.0], [4412.7, 113194.0], [4412.8, 2720.0], [4412.85, 9699.0], [4412.95, 9478.0], [4413.2, 7653.0], [4413.25, 9510.0], [4413.4, 16000.0], [4413.6, 18163.0], [4413.65, 9510.0], [4413.75, 1293.0], [4413.85, 289.0], [4413.9, 21765.0], [4414.0, 75430.0], [4414.1, 9546.0], [4414.25, 5596.0], [4414.3, 9538.0]]}}}
{"jsonrpc": "2.0", "method": "subscription", "params": {"channel": "book.ETH-PERPETUAL.none.20.100ms", "data": {"timestamp": 1756601048289, "change_id": 84459704430, "instrument_name": "ETH-PERPETUAL", "bids": [[4411.65, 231409.0], [4411.6, 3000.0], [4411.55, 1800.0], [4411.5, 6000.0], [4411.35, 3900.0], [4411.3, 18000.0], [4411.2, 60429.0], [4411.15, 181440.0], [4411.0, 7856.0], [4410.9, 17350.0], [4410.85, 8835.0], [4410.8, 6423.0], [4410.7, 24907.0], [4410.6, 4327.0], [4410.55, 17856.0], [4410.5, 9570.0], [4410.4, 4757.0], [4410.35, 1391.0], [4410.15, 4636.0], [4410.1, 9514.0]], "asks": [[4411.7, 68823.0], [4412.4, 68.0], [4412.45, 181440.0], [4412.65, 113176.0], [4412.8, 2720.0], [4412.85, 9699.0], [4412.95, 9478.0], [4413.1, 3900.0], [4413.15, 13000.0], [4413.2, 7653.0], [4413.25, 9510.0], [4413.4, 16000.0], [4413.55, 4652.0], [4413.6, 18163.0], [4413.65, 9510.0], [4413.75, 1293.0], [4413.85, 289.0], [4413.9, 21765.0], [4414.0, 75430.0], [4414.1, 9546.0]]}}}
{"jsonrpc": "2.0", "method": "subscription", "params": {"channel": "book.ETH-PERPETUAL.none.20.100ms", "data": {"timestamp": 1756601048620, "change_id": 84459704938, "instrument_name": "ETH-PERPETUAL", "bids": [[4411.65, 231320.0], [4411.6, 3000.0], [4411.55, 1800.0], [4411.5, 6000.0], [4411.35, 3900.0], [4411.3, 18000.0], [4411.2, 60429.0], [4411.15, 181440.0], [4411.0, 7856.0], [4410.9, 17350.0], [4410.85, 8835.0], [4410.8, 6423.0], [4410.7, 24907.0], [4410.6, 4327.0], [4410.55, 17856.0], [4410.5, 9570.0], [4410.4, 4757.0], [4410.35, 1391.0], [4410.15, 4636.0], [4410.1, 9514.0]], "asks": [[4411.7, 68823.0], [4412.4, 68.0], [4412.45, 181440.0], [4412.7, 113176.0], [4412.8, 2720.0], [4412.85, 9699.0], [4412.95, 9478.0], [4413.2, 7653.0], [4413.25, 9510.0], [4413.4, 16000.0], [4413.55, 4652.0], [4413.6, 18163.0], [4413.65, 9510.0], [4413.75, 1293.0], [4413.85, 289.0], [4413.9, 21765.0], [4414.0, 75430.0], [4414.1, 9546.0], [4414.25, 5596.0], [4414.3, 9538.0]]}}}
{"jsonrpc": "2.0", "method": "subscription", "params": {"channel": "book.ETH-PERPETUAL.none.20.100ms", "data": {"timestamp": 1756601048939, "change_id": 84459705432, "instrument_name": "ETH-PERPETUAL", "bids": [[4411.65, 231320.0], [4411.6, 3000.0], [4411.55, 1800.0], [4411.5, 6000.0], [4411.35, 3900.0], [4411.3, 18000.0], [4411.2, 60429.0], [4411.15, 181440.0], [4411.0, 7856.0], [4410.9, 17350.0], [4410.85, 8835.0], [4410.8, 6423.0], [4410.7, 24907.0], [4410.6, 9114.0], [4410.55, 17856.0], [4410.5, 9570.0], [4410.4, 4757.0], [4410.35, 1391.0], [4410.15, 4636.0], [4410.1, 9514.0]], "asks": [[4411.7, 68823.0], [4412.4, 68.0], [4412.45, 181440.0], [4412.7, 123178.0], [4412.8, 2720.0], [4412.85, 9699.0], [4412.95, 9478.0], [4413.2, 2853.0], [4413.25, 9510.0], [4413.55, 4652.0], [4413.6, 18163.0], [4413.65, 9510.0], [4413.75, 1293.0], [4413.85, 289.0], [4413.9, 21765.0], [4414.0, 75430.0], [4414.1, 9546.0], [4414.25, 5596.0], [4414.3, 9538.0], [4414.4, 8605.0]]}}}
{"jsonrpc": "2.0", "method": "subscription", "params": {"channel": "book.ETH-PERPETUAL.none.20.100ms", "data": {"timestamp": 1756601049284, "change_id": 84459706218, "instrument_name": "ETH-PERPETUAL", "bids": [[4411.65, 77067.0], [4411.6, 15847.0], [4411.5, 6000.0], [4411.45, 19990.0], [4411.4, 19990.0], [4411.35, 3900.0], [4411.3, 13000.0], [4411.2, 60429.0], [4411.15, 181440.0], [4411.0, 7856.0], [4410.9, 17350.0], [4410.85, 13835.0], [4410.8, 6423.0], [4410.7, 24907.0], [4410.6, 4327.0], [4410.55, 95.0], [4410.5, 9570.0], [4410.4, 4757.0], [4410.35, 1391.0], [4410.2, 17761.0]], "asks": [[4411.7, 70104.0], [4412.3, 180.0], [4412.4, 54504.0], [4412.45, 181440.0], [4412.65, 36953.0], [4412.7, 123178.0], [4412.8, 5753.0], [4412.85, 9519.0], [4412.95, 9478.0], [4413.15, 16000.0], [4413.2, 2853.0], [4413.25, 9510.0], [4413.55, 4652.0], [4413.6, 18163.0], [4413.65, 9510.0], [4413.75, 1293.0], [4413.85, 289.0], [4413.9, 21765.0], [4413.95, 8835.0], [4414.0, 75430.0]]}}}
{"jsonrpc": "2.0", "method": "subscription", "params": {"channel": "book.ETH-PERPETUAL.none.20.100ms", "data": {"timestamp": 1756601049623, "change_id": 84459707266, "instrument_name": "ETH-PERPETUAL", "bids": [[4411.65, 1037.0], [4411.45, 29991.0], [4411.4, 113097.0], [4411.2, 60429.0], [4411.15, 181440.0], [4411.0, 13484.0], [4410.9, 19990.0], [4410.85, 8835.0], [4410.8, 20000.0], [4410.55, 95.0], [4410.5, 9570.0], [4410.45, 35134.0], [4410.4, 4757.0], [4410.2, 5000.0], [4410.15, 4636.0], [4410.1, 9514.0], [4410.05, 8835.0], [4410.0, 106.0], [4409.75, 17761.0], [4409.7, 9514.0]], "asks": [[4411.7, 80720.0], [4412.0, 33929.0], [4412.35, 4820.0], [4412.4, 54504.0], [4412.45, 181440.0], [4412.65, 3001.0], [4412.7, 10002.0], [4412.8, 5753.0], [4412.85, 9519.0], [4412.95, 9478.0], [4413.05, 8835.0], [4413.2, 2853.0], [4413.25, 9510.0], [4413.5, 8835.0], [4413.55, 4652.0], [4413.6, 18163.0], [4413.65, 9510.0], [4413.75, 1293.0], [4413.85, 289.0], [4413.9, 21765.0]]}}}
{"jsonrpc": "2.0", "method": "subscription", "params": {"channel": "book.ETH-PERPETUAL.none.20.100ms", "data": {"timestamp": 1756601049952, "change_id": 84459709544, "instrument_name": "ETH-PERPETUAL", "bids": [[4412.35, 310807.0], [4412.3, 113297.0], [4412.05, 983.0], [4411.7, 5000.0], [4411.65, 1071.0], [4411.55, 17761.0], [4411.4, 2856.0], [4411.2, 11866.0], [4411.15, 3499.0], [4411.1, 4760.0], [4410.9, 2651.0], [4410.85, 8835.0], [4410.8, 2190.0], [4410.75, 9520.0], [4410.55, 13579.0], [4410.5, 46458.0], [4410.15, 5537.0], [4410.1, 9514.0], [4410.05, 8835.0], [4410.0, 106.0]], "asks": [[4412.4, 68.0], [4413.6, 360.0], [4413.85, 289.0], [4414.0, 66.0], [4414.05, 64.0], [4414.15, 54432.0], [4414.2, 181440.0], [4414.35, 160.0], [4414.45, 5709.0], [4414.5, 9484.0], [4414.55, 9546.0], [4414.6, 11427.0], [4414.75, 9923.0], [4414.8, 31145.0], [4415.0, 2843.0], [4415.1, 9478.0], [4415.4, 3781.0], [4415.5, 12604.0], [4415.6, 80.0], [4415.7, 33112.0]]}}}
{"jsonrpc": "2.0", "method": "subscription", "params": {"channel": "book.ETH-PERPETUAL.none.20.100ms", "data": {"timestamp": 1756601050283, "change_id": 84459710586, "instrument_name": "ETH-PERPETUAL", "bids": [[4412.35, 254130.0], [4412.05, 19989.0], [4411.65, 1071.0], [4411.4, 7827.0], [4411.25, 17761.0], [4411.2, 11866.0], [4411.15, 3499.0], [4411.1, 4760.0], [4411.05, 1289.0], [4410.9, 2651.0], [4410.85, 8835.0], [4410.8, 2190.0], [4410.75, 9520.0], [4410.55, 13579.0], [4410.5, 46458.0], [4410.15, 5537.0], [4410.1, 9514.0], [4410.05, 8835.0], [4410.0, 106.0], [4409.9, 80.0]], "asks": [[4412.4, 68.0], [4413.5, 3124.0], [4413.55, 9520.0], [4413.6, 3068.0], [4413.65, 9482.0], [4413.85, 289.0], [4413.9, 2876.0], [4413.95, 9520.0], [4414.0, 66.0], [4414.05, 64.0], [4414.15, 54432.0], [4414.2, 186175.0], [4414.4, 7664.0], [4414.45, 16000.0], [4414.55, 9546.0], [4414.7, 7520.0], [4414.75, 9923.0], [4414.8, 15145.0], [4415.0, 5139.0], [4415.1, 18313.0]]}}}
{"jsonrpc": "2.0", "method": "subscription", "params": {"channel": "book.ETH-PERPETUAL.none.20.100ms", "data": {"timestamp": 1756601050601, "change_id": 84459711322, "instrument_name": "ETH-PERPETUAL", "bids": [[4412.35, 390411.0], [4412.3, 14773.0], [4412.25, 19990.0], [4412.2, 21145.0], [4412.1, 3900.0], [4412.05, 13000.0], [4411.85, 1500.0], [4411.8, 5000.0], [4411.55, 9490.0], [4411.5, 17761.0], [4411.45, 16093.0], [4411.4, 2856.0], [4411.2, 11866.0], [4411.15, 3499.0], [4411.1, 4760.0], [4411.05, 1289.0], [4410.9, 2651.0], [4410.85, 8835.0], [4410.8, 16464.0], [4410.75, 9520.0]], "asks": [[4412.4, 68.0], [4413.5, 3160.0], [4413.55, 54540.0], [4413.6, 186106.0], [4413.65, 15482.0], [4413.85, 289.0], [4413.9, 6416.0], [4413.95, 9520.0], [4414.0, 20741.0], [4414.05, 16000.0], [4414.15, 9520.0], [4414.4, 2864.0], [4414.55, 9546.0], [4414.7, 7520.0], [4414.75, 9923.0], [4414.8, 15145.0], [4415.0, 2843.0], [4415.1, 9478.0], [4415.4, 3781.0], [4415.5, 12604.0]]}}}
{"jsonrpc": "2.0", "method": "subscription", "params": {"channel": "book.ETH-PERPETUAL.none.20.100ms", "data": {"timestamp": 1756601050938, "change_id": 84459711990, "instrument_name": "ETH-PERPETUAL", "bids": [[4412.35, 410321.0], [4412.3, 7544.0], [4412.2, 21145.0], [4412.1, 3900.0], [4412.05, 13000.0], [4411.55, 5328.0], [4411.45, 21093.0], [4411.4, 7827.0], [4411.25, 17761.0], [4411.2, 11866.0], [4411.15, 3499.0], [4411.1, 4760.0], [4411.05, 1289.0], [4410.9, 2651.0], [4410.85, 8835.0], [4410.8, 16464.0], [4410.75, 9520.0], [4410.6, 46274.0], [4410.55, 13579.0], [4410.5, 46458.0]], "asks": [[4412.4, 68.0], [4413.25, 1800.0], [4413.3, 6000.0], [4413.5, 160.0], [4413.55, 54604.0], [4413.6, 188189.0], [4413.65, 22482.0], [4413.85, 289.0], [4413.9, 2876.0], [4413.95, 9520.0], [4414.0, 7741.0], [4414.05, 16000.0], [4414.15, 9520.0], [4414.4, 2864.0], [4414.55, 9546.0], [4414.7, 7520.0], [4414.75, 9923.0], [4414.8, 15145.0], [4415.0, 5139.0], [4415.1, 18313.0]]}}}
{"jsonrpc": "2.0", "method": "subscription", "params": {"channel": "book.ETH-PERPETUAL.none.20.100ms", "data": {"timestamp": 1756601051276, "change_id": 84459712663, "instrument_name": "ETH-PERPETUAL", "bids": [[4412.35, 410278.0], [4412.3, 9437.0], [4412.2, 23351.0], [4412.1, 3900.0], [4412.05, 13000.0], [4411.8, 1500.0], [4411.75, 5000.0], [4411.55, 5328.0], [4411.45, 16093.0], [4411.4, 7827.0], [4411.25, 17761.0], [4411.2, 11866.0], [4411.15, 3499.0], [4411.1, 4760.0], [4411.05, 1289.0], [4410.9, 2651.0], [4410.85, 8835.0], [4410.8, 2190.0], [4410.75, 9520.0], [4410.55, 13579.0]], "asks": [[4412.4, 148.0], [4413.15, 3000.0], [4413.3, 6000.0], [4413.35, 10001.0], [4413.5, 160.0], [4413.55, 54540.0], [4413.6, 188189.0], [4413.65, 22482.0], [4413.85, 289.0], [4413.9, 2876.0], [4413.95, 9520.0], [4414.0, 7741.0], [4414.05, 16000.0], [4414.1, 153.0], [4414.15, 9520.0], [4414.4, 2864.0], [4414.55, 9546.0], [4414.7, 7520.0], [4414.75, 9923.0], [4414.8, 15145.0]]}}}
{"jsonrpc": "2.0", "method": "subscription", "params": {"channel": "book.ETH-PERPETUAL.none.20.100ms", "data": {"timestamp": 1756601051583, "change_id": 84459713158, "instrument_name": "ETH-PERPETUAL", "bids": [[4412.35, 410344.0], [4412.3, 9437.0], [4412.2, 23351.0], [4412.1, 3900.0], [4412.05, 13000.0], [4411.65, 1500.0], [4411.6, 5000.0], [4411.55, 5328.0], [4411.45, 16093.0], [4411.4, 7827.0], [4411.25, 17761.0], [4411.2, 12384.0], [4411.15, 3499.0], [4411.1, 4760.0], [4411.05, 1289.0], [4410.9, 15829.0], [4410.85, 8835.0], [4410.8, 47223.0], [4410.75, 9520.0], [4410.55, 13579.0]], "asks": [[4412.4, 148.0], [4413.25, 3000.0], [4413.35, 10001.0], [4413.5, 160.0], [4413.55, 58683.0], [4413.6, 184645.0], [4413.65, 9482.0], [4413.85, 289.0], [4413.9, 2876.0], [4413.95, 9520.0], [4414.0, 7741.0], [4414.05, 16000.0], [4414.1, 153.0], [4414.15, 9520.0], [4414.4, 2864.0], [4414.55, 9546.0], [4414.7, 7520.0], [4414.75, 9923.0], [4414.8, 15145.0], [4415.0, 5139.0]]}}}
{"jsonrpc": "2.0", "method": "subscription", "params": {"channel": "book.ETH-PERPETUAL.none.20.100ms", "data": {"timestamp": 1756601051931, "change_id": 84459713987, "instrument_name": "ETH-PERPETUAL", "bids": [[4412.35, 389314.0], [4412.3, 10005.0], [4412.2, 23351.0], [4412.1, 3900.0], [4412.05, 13000.0], [4411.65, 1500.0], [4411.6, 5000.0], [4411.55, 5328.0], [4411.45, 16093.0], [4411.4, 7827.0], [4411.25, 17761.0], [4411.2, 12384.0], [4411.15, 3499.0], [4411.1, 4760.0], [4411.05, 1289.0], [4410.9, 15829.0], [4410.85, 8835.0], [4410.8, 47223.0], [4410.75, 9520.0], [4410.55, 13579.0]], "asks": [[4412.4, 148.0], [4413.2, 3000.0], [4413.25, 180.0], [4413.35, 10001.0], [4413.55, 58683.0], [4413.6, 184645.0], [4413.65, 9482.0], [4413.85, 289.0], [4413.9, 2876.0], [4413.95, 9520.0], [4414.0, 7725.0], [4414.05, 16000.0], [4414.1, 153.0], [4414.15, 9520.0], [4414.4, 2864.0], [4414.45, 16.0], [4414.55, 9546.0], [4414.7, 7520.0], [4414.75, 9923.0], [4414.8, 15145.0]]}}}
{"jsonrpc": "2.0", "method": "subscription", "params": {"channel": "book.ETH-PERPETUAL.none.20.100ms", "data": {"timestamp": 1756601052262, "change_id": 84459714547, "instrument_name": "ETH-PERPETUAL", "bids": [[4412.35, 366449.0], [4412.3, 10005.0], [4412.25, 19990.0], [4412.2, 27251.0], [4412.05, 13000.0], [4411.65, 1500.0], [4411.6, 5000.0], [4411.55, 5328.0], [4411.45, 16093.0], [4411.4, 7827.0], [4411.2, 30145.0], [4411.15, 3499.0], [4411.1, 4760.0], [4411.05, 1289.0], [4410.9, 15829.0], [4410.85, 8835.0], [4410.8, 47223.0], [4410.75, 9520.0], [4410.55, 13579.0], [4410.5, 46458.0]], "asks": [[4412.4, 148.0], [4413.2, 3000.0], [4413.25, 180.0], [4413.35, 10001.0], [4413.55, 58683.0], [4413.6, 189089.0], [4413.65, 9482.0], [4413.7, 16000.0], [4413.85, 289.0], [4413.9, 2876.0], [4413.95, 9520.0], [4414.0, 50.0], [4414.1, 3009.0], [4414.15, 9520.0], [4414.4, 2864.0], [4414.45, 16.0], [4414.55, 9546.0], [4414.7, 7520.0], [4414.75, 9923.0], [4414.8, 15145.0]]}}}
{"jsonrpc": "2.0", "method": "subscription", "params": {"channel": "book.ETH-PERPETUAL.none.20.100ms", "data": {"timestamp": 1756601052556, "change_id": 84459715041, "instrument_name": "ETH-PERPETUAL", "bids": [[4412.35, 369499.0], [4412.3, 10005.0], [4412.25, 19990.0], [4412.2, 27251.0], [4412.05, 13000.0], [4411.95, 1500.0], [4411.9, 5000.0], [4411.55, 5328.0], [4411.45, 16093.0], [4411.4, 7827.0], [4411.25, 17761.0], [4411.2, 12384.0], [4411.15, 3499.0], [4411.1, 4760.0], [4411.05, 1289.0], [4410.9, 15829.0], [4410.85, 8835.0], [4410.8, 47223.0], [4410.75, 9520.0], [4410.55, 13579.0]], "asks": [[4412.4, 68.0], [4413.2, 3000.0], [4413.25, 180.0], [4413.35, 10001.0], [4413.55, 58683.0], [4413.6, 189445.0], [4413.65, 9482.0], [4413.7, 16000.0], [4413.85, 289.0], [4413.9, 2876.0], [4413.95, 9520.0], [4414.0, 50.0], [4414.1, 3009.0], [4414.15, 9520.0], [4414.4, 2864.0], [4414.45, 16.0], [4414.55, 9546.0], [4414.7, 7520.0], [4414.75, 10003.0], [4414.8, 15145.0]]}}}
{"jsonrpc": "2.0", "method": "subscription", "params": {"channel": "book.ETH-PERPETUAL.none.20.100ms", "data": {"timestamp": 1756601052919, "change_id": 84459715759, "instrument_name": "ETH-PERPETUAL", "bids": [[4412.35, 389396.0], [4412.3, 10005.0], [4412.2, 27251.0], [4412.05, 13000.0], [4412.0, 1887.0], [4411.95, 5000.0], [4411.8, 1290.0], [4411.4, 7827.0], [4411.25, 17761.0], [4411.2, 12384.0], [4411.15, 3499.0], [4411.1, 4760.0], [4411.0, 36888.0], [4410.9, 15829.0], [4410.85, 8835.0], [4410.8, 47223.0], [4410.75, 9520.0], [4410.55, 2871.0], [4410.5, 9570.0], [4410.15, 5537.0]], "asks": [[4412.4, 68.0], [4413.3, 3000.0], [4413.35, 10001.0], [4413.55, 54540.0], [4413.6, 183220.0], [4413.65, 4733.0], [4413.85, 469.0], [4413.9, 2876.0], [4413.95, 9520.0], [4414.0, 50.0], [4414.1, 12193.0], [4414.15, 9520.0], [4414.2, 16000.0], [4414.4, 2864.0], [4414.45, 16.0], [4414.55, 9546.0], [4414.7, 7520.0], [4414.75, 10003.0], [4414.8, 15145.0], [4415.0, 26602.0]]}}}
{"jsonrpc": "2.0", "method": "subscription", "params": {"channel": "book.ETH-PERPETUAL.none.20.100ms", "data": {"timestamp": 1756601053243, "change_id": 84459716265, "instrument_name": "ETH-PERPETUAL", "bids": [[4412.35, 389429.0], [4412.3, 10005.0], [4412.2, 27251.0], [4412.05, 13000.0], [4412.0, 5000.0], [4411.8, 1290.0], [4411.4, 7827.0], [4411.25, 17761.0], [4411.2, 12384.0], [4411.15, 3499.0], [4411.1, 4760.0], [4410.9, 15829.0], [4410.85, 8835.0], [4410.8, 47223.0], [4410.75, 9520.0], [4410.55, 2871.0], [4410.5, 46458.0], [4410.15, 5537.0], [4410.1, 9514.0], [4410.05, 8835.0]], "asks": [[4412.4, 68.0], [4413.3, 6000.0], [4413.35, 10001.0], [4413.55, 54540.0], [4413.6, 186942.0], [4413.65, 4733.0], [4413.7, 692.0], [4413.8, 13000.0], [4413.85, 469.0], [4413.9, 2876.0], [4413.95, 9520.0], [4414.0, 50.0], [4414.1, 12193.0], [4414.15, 9520.0], [4414.2, 16000.0], [4414.4, 2864.0], [4414.45, 16.0], [4414.55, 9546.0], [4414.7, 7520.0], [4414.75, 10003.0]]}}}
{"jsonrpc": "2.0", "method": "subscription", "params": {"channel": "book.ETH-PERPETUAL.none.20.100ms", "data": {"timestamp": 1756601053575, "change_id": 84459716704, "instrument_name": "ETH-PERPETUAL", "bids": [[4412.35, 389429.0], [4412.3, 10005.0], [4412.2, 27251.0], [4412.05, 13000.0], [4412.0, 5000.0], [4411.95, 6626.0], [4411.9, 20798.0], [4411.8, 1290.0], [4411.4, 7827.0], [4411.25, 17761.0], [4411.2, 12384.0], [4411.15, 3499.0], [4411.1, 4760.0], [4410.9, 15829.0], [4410.85, 8835.0], [4410.8, 47223.0], [4410.75, 9520.0], [4410.55, 2871.0], [4410.5, 46458.0], [4410.15, 5537.0]], "asks": [[4412.4, 68.0], [4413.3, 3000.0], [4413.35, 10001.0], [4413.45, 6000.0], [4413.55, 54540.0], [4413.6, 186942.0], [4413.65, 4733.0], [4413.8, 13000.0], [4413.85, 469.0], [4413.9, 2876.0], [4413.95, 9520.0], [4414.0, 50.0], [4414.1, 12193.0], [4414.15, 9520.0], [4414.2, 16000.0], [4414.4, 2864.0], [4414.45, 16.0], [4414.55, 9546.0], [4414.7, 7520.0], [4414.75, 10003.0]]}}}
{"jsonrpc": "2.0", "method": "subscription", "params": {"channel": "book.ETH-PERPETUAL.none.20.100ms", "data": {"timestamp": 1756601053918, "change_id": 84459717496, "instrument_name": "ETH-PERPETUAL", "bids": [[4412.35, 3178.0], [4412.25, 181440.0], [4412.2, 8206.0], [4411.9, 8950.0], [4411.8, 1290.0], [4411.4, 2856.0], [4411.2, 12384.0], [4411.15, 3499.0], [4411.1, 4760.0], [4410.9, 2651.0], [4410.85, 8835.0], [4410.8, 2190.0], [4410.75, 9520.0], [4410.55, 2871.0], [4410.5, 9570.0], [4410.15, 5537.0], [4410.1, 14514.0], [4410.05, 8835.0], [4410.0, 106.0], [4409.8, 80.0]], "asks": [[4412.4, 40501.0], [4413.25, 3000.0], [4413.35, 10001.0], [4413.55, 64041.0], [4413.6, 183220.0], [4413.65, 9472.0], [4413.85, 469.0], [4413.9, 2876.0], [4413.95, 9520.0], [4414.0, 50.0], [4414.1, 12193.0], [4414.15, 9520.0], [4414.2, 24950.0], [4414.4, 2864.0], [4414.45, 16.0], [4414.55, 9546.0], [4414.65, 8950.0], [4414.7, 7520.0], [4414.75, 10003.0], [4414.8, 15145.0]]}}}
{"jsonrpc": "2.0", "method": "subscription", "params": {"channel": "book.ETH-PERPETUAL.none.20.100ms", "data": {"timestamp": 1756601054245, "change_id": 84459718741, "instrument_name": "ETH-PERPETUAL", "bids": [[4412.35, 13289.0], [4412.3, 52065.0], [4412.25, 181440.0], [4412.0, 8346.0], [4411.95, 19990.0], [4411.9, 8950.0], [4411.65, 1823.0], [4411.6, 6075.0], [4411.55, 1800.0], [4411.5, 6000.0], [4411.35, 16190.0], [4411.3, 19989.0], [4411.2, 40143.0], [4411.15, 3499.0], [4411.1, 24760.0], [4410.85, 8835.0], [4410.8, 2190.0], [4410.75, 9520.0], [4410.6, 17761.0], [4410.55, 2871.0]], "asks": [[4412.4, 18462.0], [4413.1, 180.0], [4413.25, 3000.0], [4413.35, 10001.0], [4413.55, 77547.0], [4413.6, 184464.0], [4413.65, 9472.0], [4413.75, 8950.0], [4413.8, 16000.0], [4413.85, 289.0], [4413.9, 2876.0], [4413.95, 9520.0], [4414.0, 50.0], [4414.1, 3009.0], [4414.15, 9520.0], [4414.2, 8950.0], [4414.4, 2864.0], [4414.45, 16.0], [4414.55, 10840.0], [4414.65, 8950.0]]}}}
{"jsonrpc": "2.0", "method": "subscription", "params": {"channel": "book.ETH-PERPETUAL.none.20.100ms", "data": {"timestamp": 1756601054579, "change_id": 84459719622, "instrument_name": "ETH-PERPETUAL", "bids": [[4412.35, 1255.0], [4412.25, 181440.0], [4412.2, 33131.0], [4412.15, 113205.0], [4411.5, 2685.0], [4411.45, 8950.0], [4411.3, 22249.0], [4411.25, 19989.0], [4411.2, 15210.0], [4411.1, 55196.0], [4410.9, 17761.0], [4410.85, 8835.0], [4410.8, 2190.0], [4410.75, 9520.0], [4410.55, 2871.0], [4410.5, 9570.0], [4410.35, 1289.0], [4410.15, 10537.0], [4410.1, 9514.0], [4410.05, 8835.0]], "asks": [[4412.4, 48165.0], [4413.25, 3160.0], [4413.3, 8950.0], [4413.35, 10001.0], [4413.55, 77547.0], [4413.6, 184464.0], [4413.65, 9472.0], [4413.75, 8950.0], [4413.85, 289.0], [4413.9, 2876.0], [4413.95, 9520.0], [4414.0, 50.0], [4414.1, 3009.0], [4414.15, 9520.0], [4414.2, 8950.0], [4414.4, 2864.0], [4414.45, 16.0], [4414.55, 10840.0], [4414.65, 8950.0], [4414.7, 7520.0]]}}}
{"jsonrpc": "2.0", "method": "subscription", "params": {"channel": "book.ETH-PERPETUAL.none.20.100ms", "data": {"timestamp": 1756601054909, "change_id": 84459720456, "instrument_name": "ETH-PERPETUAL", "bids": [[4412.25, 141070.0], [4412.2, 28789.0], [4412.15, 113205.0], [4411.85, 6000.0], [4411.55, 9150.0], [4411.5, 33000.0], [4411.4, 4544.0], [4411.35, 15145.0], [4411.2, 5690.0], [4411.15, 19990.0], [4411.1, 9504.0], [4411.0, 4752.0], [4410.9, 17761.0], [4410.85, 8835.0], [4410.8, 2190.0], [4410.75, 14520.0], [4410.55, 2871.0], [4410.5, 9570.0], [4410.35, 1289.0], [4410.15, 5537.0]], "asks": [[4412.3, 83018.0], [4412.35, 3500.0], [4412.4, 10150.0], [4412.9, 69584.0], [4412.95, 181440.0], [4413.0, 50506.0], [4413.25, 3160.0], [4413.3, 8950.0], [4413.55, 9501.0], [4413.6, 3024.0], [4413.65, 9472.0], [4413.75, 8950.0], [4413.85, 289.0], [4413.9, 2876.0], [4413.95, 25520.0], [4414.0, 50.0], [4414.1, 3009.0], [4414.15, 9520.0], [4414.2, 8950.0], [4414.4, 72964.0]]}}}
{"jsonrpc": "2.0", "method": "subscription", "params": {"channel": "book.ETH-PERPETUAL.none.20.100ms", "data": {"timestamp": 1756601055227, "change_id": 84459721024, "instrument_name": "ETH-PERPETUAL", "bids": [[4412.25, 129367.0], [4412.2, 28789.0], [4412.15, 113205.0], [4411.85, 3000.0], [4411.75, 1800.0], [4411.7, 6000.0], [4411.55, 6000.0], [4411.5, 20000.0], [4411.4, 13456.0], [4411.35, 15145.0], [4411.3, 13000.0], [4411.25, 19990.0], [4411.2, 5690.0], [4411.1, 9504.0], [4411.0, 4752.0], [4410.95, 38414.0], [4410.9, 17761.0], [4410.85, 8835.0], [4410.8, 2190.0], [4410.75, 14520.0]], "asks": [[4412.3, 83967.0], [4412.35, 8414.0], [4412.4, 16150.0], [4412.6, 13000.0], [4412.9, 69584.0], [4412.95, 181440.0], [4413.0, 50506.0], [4413.25, 3160.0], [4413.3, 8950.0], [4413.55, 9501.0], [4413.6, 3024.0], [4413.65, 9472.0], [4413.75, 8950.0], [4413.85, 289.0], [4413.9, 2876.0], [4413.95, 25520.0], [4414.0, 50.0], [4414.1, 3009.0], [4414.15, 9520.0], [4414.2, 8950.0]]}}}
{"jsonrpc": "2.0", "method": "subscription", "params": {"channel": "book.ETH-PERPETUAL.none.20.100ms", "data": {"timestamp": 1756601055569, "change_id": 84459722121, "instrument_name": "ETH-PERPETUAL", "bids": [[4411.9, 31693.0], [4411.85, 5475.0], [4411.8, 6000.0], [4411.6, 13000.0], [4411.55, 88407.0], [4411.5, 133239.0], [4411.45, 201440.0], [4411.1, 8682.0], [4411.05, 19990.0], [4411.0, 20916.0], [4410.9, 32906.0], [4410.8, 6942.0], [4410.75, 9520.0], [4410.55, 11821.0], [4410.5, 9570.0], [4410.35, 6289.0], [4410.15, 5537.0], [4410.1, 9514.0], [4410.05, 8835.0], [4410.0, 3862.0]], "asks": [[4411.95, 18154.0], [4412.25, 95.0], [4412.5, 33975.0], [4412.55, 113249.0], [4412.85, 72500.0], [4412.9, 69584.0], [4412.95, 181440.0], [4413.05, 5690.0], [4413.1, 9504.0], [4413.2, 9463.0], [4413.25, 3160.0], [4413.3, 8950.0], [4413.45, 15145.0], [4413.55, 9501.0], [4413.6, 3024.0], [4413.75, 8950.0], [4413.8, 1293.0], [4413.85, 289.0], [4413.9, 2876.0], [4413.95, 25520.0]]}}}
{"jsonrpc": "2.0", "method": "subscription", "params": {"channel": "book.ETH-PERPETUAL.none.20.100ms", "data": {"timestamp": 1756601055901, "change_id": 84459722965, "instrument_name": "ETH-PERPETUAL", "bids": [[4412.2, 28693.0], [4411.95, 14447.0], [4411.9, 41155.0], [4411.8, 37874.0], [4411.75, 113247.0], [4411.55, 54432.0], [4411.5, 19990.0], [4411.45, 190390.0], [4411.2, 8013.0], [4411.15, 17761.0], [4411.05, 9504.0], [4411.0, 8950.0], [4410.95, 10721.0], [4410.9, 15145.0], [4410.85, 5000.0], [4410.8, 6942.0], [4410.75, 23619.0], [4410.55, 11821.0], [4410.5, 9570.0], [4410.15, 5537.0]], "asks": [[4412.25, 95.0], [4412.85, 72500.0], [4412.9, 69584.0], [4412.95, 181440.0], [4413.05, 5690.0], [4413.1, 9504.0], [4413.2, 9463.0], [4413.25, 3160.0], [4413.3, 8950.0], [4413.4, 7502.0], [4413.45, 15145.0], [4413.55, 9501.0], [4413.6, 3024.0], [4413.75, 8950.0], [4413.8, 1293.0], [4413.85, 289.0], [4413.9, 2876.0], [4413.95, 25520.0], [4414.0, 50.0], [4414.1, 3009.0]]}}}
{"jsonrpc": "2.0", "method": "subscription", "params": {"channel": "book.ETH-PERPETUAL.none.20.100ms", "data": {"timestamp": 1756601056230, "change_id": 84459723721, "instrument_name": "ETH-PERPETUAL", "bids": [[4412.2, 73090.0], [4412.1, 39974.0], [4412.05, 113247.0], [4411.65, 13000.0], [4411.55, 54432.0], [4411.5, 19990.0], [4411.45, 190390.0], [4411.2, 8013.0], [4411.15, 6289.0], [4411.05, 27265.0], [4411.0, 8950.0], [4410.95, 10721.0], [4410.9, 15145.0], [4410.8, 2190.0], [4410.75, 23619.0], [4410.6, 5556.0], [4410.55, 8950.0], [4410.5, 9570.0], [4410.15, 5537.0], [4410.1, 9514.0]], "asks": [[4412.25, 1296.0], [4412.9, 69584.0], [4412.95, 181440.0], [4413.05, 2839.0], [4413.2, 9463.0], [4413.25, 160.0], [4413.4, 7502.0], [4413.45, 15145.0], [4413.55, 9501.0], [4413.6, 3024.0], [4413.75, 8950.0], [4413.8, 1293.0], [4413.85, 289.0], [4413.9, 2876.0], [4413.95, 25520.0], [4414.0, 50.0], [4414.1, 3009.0], [4414.15, 9520.0], [4414.2, 8950.0], [4414.35, 21030.0]]}}}
{"jsonrpc": "2.0", "method": "subscription", "params": {"channel": "book.ETH-PERPETUAL.none.20.100ms", "data": {"timestamp": 1756601056496, "change_id": 84459724131, "instrument_name": "ETH-PERPETUAL", "bids": [[4412.2, 70090.0], [4412.1, 33974.0], [4412.05, 113247.0], [4411.55, 54432.0], [4411.45, 190390.0], [4411.4, 5997.0], [4411.25, 19990.0], [4411.2, 8013.0], [4411.15, 6289.0], [4411.05, 9504.0], [4411.0, 8950.0], [4410.95, 10721.0], [4410.9, 15145.0], [4410.85, 17761.0], [4410.8, 2190.0], [4410.75, 23619.0], [4410.6, 5556.0], [4410.55, 8950.0], [4410.5, 9570.0], [4410.15, 5537.0]], "asks": [[4412.25, 1296.0], [4412.85, 113226.0], [4412.9, 69584.0], [4412.95, 181440.0], [4413.05, 2839.0], [4413.2, 9463.0], [4413.25, 160.0], [4413.4, 7502.0], [4413.45, 15145.0], [4413.55, 9501.0], [4413.6, 3024.0], [4413.75, 8950.0], [4413.8, 1293.0], [4413.85, 289.0], [4413.9, 2876.0], [4413.95, 25520.0], [4414.0, 50.0], [4414.1, 3009.0], [4414.15, 9520.0], [4414.2, 8950.0]]}}}
{"jsonrpc": "2.0", "method": "subscription", "params": {"channel": "book.ETH-PERPETUAL.none.20.100ms", "data": {"timestamp": 1756601056850, "change_id": 84459724779, "instrument_name": "ETH-PERPETUAL", "bids": [[4412.2, 70090.0], [4412.1, 33974.0], [4412.05, 113247.0], [4411.55, 54432.0], [4411.45, 190390.0], [4411.35, 5997.0], [4411.25, 19990.0], [4411.2, 8013.0], [4411.15, 6289.0], [4411.05, 9504.0], [4411.0, 8950.0], [4410.95, 10721.0], [4410.9, 15145.0], [4410.85, 17761.0], [4410.8, 2190.0], [4410.75, 23619.0], [4410.6, 5556.0], [4410.55, 8950.0], [4410.5, 9570.0], [4410.15, 52199.0]], "asks": [[4412.25, 1296.0], [4412.45, 3000.0], [4412.85, 113226.0], [4412.9, 69584.0], [4412.95, 181440.0], [4413.05, 2839.0], [4413.2, 9463.0], [4413.25, 160.0], [4413.4, 7502.0], [4413.45, 15145.0], [4413.55, 9501.0], [4413.6, 3024.0], [4413.75, 8950.0], [4413.8, 1293.0], [4413.85, 289.0], [4413.9, 2876.0], [4413.95, 25520.0], [4414.0, 50.0], [4414.1, 3009.0], [4414.15, 9520.0]]}}}
{"jsonrpc": "2.0", "method": "subscription", "params": {"channel": "book.ETH-PERPETUAL.none.20.100ms", "data": {"timestamp": 1756601057224, "change_id": 84459725339, "instrument_name": "ETH-PERPETUAL", "bids": [[4412.2, 53090.0], [4412.1, 33974.0], [4412.05, 119247.0], [4411.85, 3900.0], [4411.8, 13000.0], [4411.55, 54432.0], [4411.45, 190390.0], [4411.3, 5997.0], [4411.25, 19990.0], [4411.15, 1289.0], [4411.05, 9504.0], [4411.0, 8950.0], [4410.95, 10721.0], [4410.9, 15145.0], [4410.85, 17761.0], [4410.8, 6812.0], [4410.75, 23619.0], [4410.6, 5556.0], [4410.55, 8950.0], [4410.5, 9570.0]], "asks": [[4412.25, 1296.0], [4412.5, 3901.0], [4412.55, 13003.0], [4412.6, 1800.0], [4412.65, 6000.0], [4412.85, 113226.0], [4412.9, 69584.0], [4412.95, 181440.0], [4413.0, 13000.0], [4413.05, 2839.0], [4413.2, 9463.0], [4413.25, 160.0], [4413.4, 7502.0], [4413.45, 15145.0], [4413.55, 9501.0], [4413.6, 3024.0], [4413.75, 8950.0], [4413.8, 1293.0], [4413.85, 289.0], [4413.9, 7312.0]]}}}
{"jsonrpc": "2.0", "method": "subscription", "params": {"channel": "book.ETH-PERPETUAL.none.20.100ms", "data": {"timestamp": 1756601057525, "change_id": 84459725715, "instrument_name": "ETH-PERPETUAL", "bids": [[4412.2, 56342.0], [4412.1, 33974.0], [4412.05, 119247.0], [4411.55, 54432.0], [4411.45, 181440.0], [4411.1, 19990.0], [4411.05, 14504.0], [4411.0, 8950.0], [4410.95, 10721.0], [4410.9, 15145.0], [4410.85, 17761.0], [4410.8, 2190.0], [4410.75, 9520.0], [4410.6, 5556.0], [4410.55, 8950.0], [4410.5, 9570.0], [4410.15, 5537.0], [4410.1, 9514.0], [4410.05, 8835.0], [4410.0, 3862.0]], "asks": [[4412.25, 18036.0], [4412.5, 3901.0], [4412.55, 10003.0], [4412.85, 113226.0], [4412.9, 82584.0], [4412.95, 181440.0], [4413.05, 5169.0], [4413.15, 8950.0], [4413.2, 9463.0], [4413.25, 160.0], [4413.4, 7502.0], [4413.45, 15145.0], [4413.55, 9501.0], [4413.6, 3024.0], [4413.75, 8950.0], [4413.8, 1293.0], [4413.85, 289.0], [4413.9, 7312.0], [4413.95, 25520.0], [4414.0, 50.0]]}}}
