{"jsonrpc": "2.0", "id": 1, "result": ["book.ETH-PERPETUAL.none.20.100ms"], "usIn": 1756859863675486, "usOut": 1756859863675739, "usDiff": 253, "testnet": false}
{"jsonrpc": "2.0", "method": "subscription", "params": {"channel": "book.ETH-PERPETUAL.none.20.100ms", "data": {"timestamp": 1756859863673, "change_id": 84950167765, "instrument_name": "ETH-PERPETUAL", "bids": [[4320.6, 50669.0], [4320.5, 500.0], [4320.35, 5190.0], [4320.3, 17300.0], [4320.1, 13588.0], [4320.05, 34800.0], [4320.0, 93.0], [4319.8, 32213.0], [4319.75, 96584.0], [4319.6, 38740.0], [4319.5, 10844.0], [4319.4, 75000.0], [4319.35, 36984.0], [4319.3, 124428.0], [4319.25, 21.0], [4319.1, 10813.0], [4318.85, 1072.0], [4318.7, 10496.0], [4318.65, 4380.0], [4318.5, 60557.0]], "asks": [[4320.65, 113198.0], [4320.7, 123199.0], [4320.75, 1813.0], [4320.8, 6000.0], [4321.0, 7359.0], [4321.05, 20006.0], [4321.1, 4380.0], [4321.25, 50.0], [4321.5, 1814.0], [4321.55, 4380.0], [4321.7, 3244.0], [4321.75, 10813.0], [4321.85, 20385.0], [4322.0, 3595.0], [4322.15, 10745.0], [4322.2, 15000.0], [4322.25, 99.0], [4322.35, 26397.0], [4322.4, 26918.0], [4322.45, 1238.0]]}}}
{"jsonrpc": "2.0", "method": "subscription", "params": {"channel": "book.ETH-PERPETUAL.none.20.100ms", "data": {"timestamp": 1756859863679, "change_id": 84950167769, "instrument_name": "ETH-PERPETUAL", "bids": [[4320.6, 50669.0], [4320.5, 500.0], [4320.35, 5190.0], [4320.3, 17300.0], [4320.1, 13588.0], [4320.05, 34800.0], [4320.0, 93.0], [4319.8, 32213.0], [4319.75, 96584.0], [4319.6, 38740.0], [4319.5, 10844.0], [4319.4, 75000.0], [4319.35, 36984.0], [4319.3, 124428.0], [4319.25, 21.0], [4319.1, 10813.0], [4318.85, 1072.0], [4318.7, 10496.0], [4318.65, 4380.0], [4318.5, 60557.0]], "asks": [[4320.65, 133198.0], [4320.7, 123199.0], [4320.75, 1813.0], [4320.8, 6000.0], [4321.0, 1359.0], [4321.05, 6.0], [4321.1, 4380.0], [4321.25, 50.0], [4321.5, 1814.0], [4321.55, 4380.0], [4321.7, 3244.0], [4321.75, 10813.0], [4321.85, 20385.0], [4322.0, 3595.0], [4322.15, 10745.0], [4322.2, 15000.0], [4322.25, 99.0], [4322.35, 26397.0], [4322.4, 26918.0], [4322.45, 1238.0]]}}}
{"jsonrpc": "2.0", "method": "subscription", "params": {"channel": "book.ETH-PERPETUAL.none.20.100ms", "data": {"timestamp": 1756859864015, "change_id": 84950168151, "instrument_name": "ETH-PERPETUAL", "bids": [[4320.6, 50669.0], [4320.5, 500.0], [4320.35, 5190.0], [4320.3, 23300.0], [4320.1, 13588.0], [4320.05, 34800.0], [4320.0, 3993.0], [4319.95, 13000.0], [4319.8, 32213.0], [4319.75, 96584.0], [4319.6, 38740.0], [4319.5, 10844.0], [4319.4, 75000.0], [4319.35, 36984.0], [4319.3, 124428.0], [4319.25, 21.0], [4319.1, 10813.0], [4318.85, 1072.0], [4318.7, 10496.0], [4318.65, 4380.0]], "asks": [[4320.65, 111276.0], [4320.7, 123199.0], [4320.75, 1813.0], [4320.8, 6000.0], [4321.0, 5094.0], [4321.05, 13006.0], [4321.1, 4380.0], [4321.25, 6050.0], [4321.3, 20000.0], [4321.5, 1814.0], [4321.55, 4380.0], [4321.7, 3244.0], [4321.75, 10813.0], [4321.85, 20385.0], [4322.0, 3595.0], [4322.15, 10745.0], [4322.2, 15000.0], [4322.25, 99.0], [4322.35, 26397.0], [4322.4, 26918.0]]}}}
{"jsonrpc": "2.0", "method": "subscription", "params": {"channel": "book.ETH-PERPETUAL.none.20.100ms", "data": {"timestamp": 1756859864359, "change_id": 84950168749, "instrument_name": "ETH-PERPETUAL", "bids": [[4320.6, 67969.0], [4320.5, 500.0], [4320.45, 6090.0], [4320.4, 20300.0], [4320.35, 19100.0], [4320.3, 6000.0], [4320.1, 13588.0], [4320.05, 34800.0], [4320.0, 3993.0], [4319.95, 13000.0], [4319.8, 32213.0], [4319.75, 96584.0], [4319.6, 38740.0], [4319.5, 10844.0], [4319.4, 75000.0], [4319.35, 36984.0], [4319.3, 124428.0], [4319.25, 21.0], [4319.1, 10813.0], [4318.85, 1072.0]], "asks": [[4320.65, 111276.0], [4320.7, 123199.0], [4320.75, 1813.0], [4320.8, 6000.0], [4321.0, 5094.0], [4321.05, 13006.0], [4321.1, 4380.0], [4321.25, 6050.0], [4321.3, 20000.0], [4321.5, 1814.0], [4321.55, 4380.0], [4321.7, 3244.0], [4321.75, 10813.0], [4321.85, 20385.0], [4322.0, 3595.0], [4322.15, 10745.0], [4322.2, 15000.0], [4322.25, 99.0], [4322.35, 26397.0], [4322.4, 26918.0]]}}}
{"jsonrpc": "2.0", "method": "subscription", "params": {"channel": "book.ETH-PERPETUAL.none.20.100ms", "data": {"timestamp": 1756859864651, "change_id": 84950169072, "instrument_name": "ETH-PERPETUAL", "bids": [[4320.6, 50669.0], [4320.5, 500.0], [4320.45, 6090.0], [4320.4, 24290.0], [4320.35, 20300.0], [4320.3, 6000.0], [4320.1, 13588.0], [4320.05, 34800.0], [4320.0, 3993.0], [4319.95, 13000.0], [4319.8, 32213.0], [4319.75, 96584.0], [4319.6, 38740.0], [4319.5, 10844.0], [4319.4, 75000.0], [4319.35, 36984.0], [4319.3, 124428.0], [4319.25, 21.0], [4319.1, 10813.0], [4318.85, 1072.0]], "asks": [[4320.65, 111276.0], [4320.7, 123199.0], [4320.75, 1813.0], [4320.8, 6000.0], [4321.0, 5094.0], [4321.05, 13006.0], [4321.1, 4380.0], [4321.25, 6050.0], [4321.3, 20000.0], [4321.5, 1814.0], [4321.55, 4380.0], [4321.7, 3244.0], [4321.75, 10813.0], [4321.85, 20385.0], [4322.0, 3595.0], [4322.15, 10745.0], [4322.2, 15000.0], [4322.25, 99.0], [4322.3, 7919.0], [4322.35, 26397.0]]}}}
{"jsonrpc": "2.0", "method": "subscription", "params": {"channel": "book.ETH-PERPETUAL.none.20.100ms", "data": {"timestamp": 1756859865016, "change_id": 84950169329, "instrument_name": "ETH-PERPETUAL", "bids": [[4320.6, 50669.0], [4320.5, 500.0], [4320.45, 6090.0], [4320.4, 22490.0], [4320.35, 17300.0], [4320.15, 6000.0], [4320.1, 13588.0], [4320.05, 34800.0], [4320.0, 93.0], [4319.8, 32213.0], [4319.75, 109584.0], [4319.6, 38740.0], [4319.5, 10844.0], [4319.4, 75000.0], [4319.35, 36984.0], [4319.3, 124428.0], [4319.25, 21.0], [4319.1, 10813.0], [4318.85, 1072.0], [4318.75, 4463.0]], "asks": [[4320.65, 136225.0], [4320.7, 123199.0], [4320.75, 1813.0], [4320.8, 6000.0], [4321.0, 5094.0], [4321.05, 13006.0], [4321.1, 4380.0], [4321.25, 50.0], [4321.5, 1814.0], [4321.55, 4380.0], [4321.7, 3244.0], [4321.75, 10813.0], [4321.85, 5385.0], [4322.0, 3595.0], [4322.15, 10745.0], [4322.2, 15000.0], [4322.25, 99.0], [4322.3, 7919.0], [4322.35, 26397.0], [4322.4, 26918.0]]}}}
{"jsonrpc": "2.0", "method": "subscription", "params": {"channel": "book.ETH-PERPETUAL.none.20.100ms", "data": {"timestamp": 1756859865346, "change_id": 84950169886, "instrument_name": "ETH-PERPETUAL", "bids": [[4320.6, 50669.0], [4320.5, 500.0], [4320.45, 6090.0], [4320.4, 17300.0], [4320.35, 3000.0], [4320.15, 23300.0], [4320.1, 13588.0], [4320.05, 34800.0], [4320.0, 93.0], [4319.9, 3900.0], [4319.85, 13000.0], [4319.8, 32213.0], [4319.75, 96584.0], [4319.6, 38740.0], [4319.5, 10844.0], [4319.4, 75000.0], [4319.35, 36984.0], [4319.3, 124428.0], [4319.25, 21.0], [4319.1, 10813.0]], "asks": [[4320.65, 136225.0], [4320.7, 123199.0], [4320.75, 1813.0], [4320.8, 6000.0], [4321.0, 5094.0], [4321.05, 13006.0], [4321.1, 4380.0], [4321.25, 50.0], [4321.5, 1814.0], [4321.55, 4380.0], [4321.7, 3244.0], [4321.75, 10813.0], [4321.85, 5385.0], [4321.9, 15000.0], [4322.0, 3595.0], [4322.15, 10745.0], [4322.2, 15000.0], [4322.25, 99.0], [4322.3, 7919.0], [4322.35, 26397.0]]}}}
{"jsonrpc": "2.0", "method": "subscription", "params": {"channel": "book.ETH-PERPETUAL.none.20.100ms", "data": {"timestamp": 1756859865664, "change_id": 84950170258, "instrument_name": "ETH-PERPETUAL", "bids": [[4320.6, 36609.0], [4320.5, 500.0], [4320.45, 6090.0], [4320.4, 23884.0], [4320.35, 3000.0], [4320.25, 6070.0], [4320.2, 14000.0], [4320.15, 17300.0], [4320.1, 13588.0], [4320.05, 34800.0], [4320.0, 93.0], [4319.9, 3900.0], [4319.85, 13000.0], [4319.8, 32213.0], [4319.75, 96584.0], [4319.6, 38740.0], [4319.5, 10844.0], [4319.4, 75000.0], [4319.35, 36984.0], [4319.3, 124428.0]], "asks": [[4320.65, 131276.0], [4320.7, 123199.0], [4320.75, 1813.0], [4320.8, 6000.0], [4321.0, 5094.0], [4321.05, 13006.0], [4321.1, 4380.0], [4321.25, 50.0], [4321.5, 1814.0], [4321.55, 4380.0], [4321.7, 3244.0], [4321.75, 10813.0], [4321.8, 6116.0], [4321.85, 5385.0], [4321.9, 15000.0], [4322.0, 3595.0], [4322.15, 10745.0], [4322.2, 15000.0], [4322.25, 99.0], [4322.3, 7919.0]]}}}
{"jsonrpc": "2.0", "method": "subscription", "params": {"channel": "book.ETH-PERPETUAL.none.20.100ms", "data": {"timestamp": 1756859865989, "change_id": 84950170501, "instrument_name": "ETH-PERPETUAL", "bids": [[4320.6, 50609.0], [4320.5, 500.0], [4320.45, 6090.0], [4320.4, 20000.0], [4320.35, 3000.0], [4320.25, 6070.0], [4320.15, 17300.0], [4320.1, 13588.0], [4320.05, 34800.0], [4320.0, 93.0], [4319.9, 3900.0], [4319.85, 13000.0], [4319.8, 32213.0], [4319.75, 96584.0], [4319.6, 38740.0], [4319.5, 10844.0], [4319.4, 75000.0], [4319.35, 36984.0], [4319.3, 124428.0], [4319.25, 21.0]], "asks": [[4320.65, 132713.0], [4320.7, 123199.0], [4320.75, 1813.0], [4320.8, 6000.0], [4321.0, 5094.0], [4321.05, 13006.0], [4321.1, 4380.0], [4321.25, 50.0], [4321.5, 1814.0], [4321.55, 4380.0], [4321.7, 3244.0], [4321.75, 10813.0], [4321.8, 6116.0], [4321.85, 5385.0], [4321.9, 15000.0], [4322.0, 3595.0], [4322.15, 10745.0], [4322.2, 15000.0], [4322.25, 99.0], [4322.3, 7919.0]]}}}
{"jsonrpc": "2.0", "method": "subscription", "params": {"channel": "book.ETH-PERPETUAL.none.20.100ms", "data": {"timestamp": 1756859866336, "change_id": 84950171049, "instrument_name": "ETH-PERPETUAL", "bids": [[4320.6, 62209.0], [4320.5, 500.0], [4320.45, 6090.0], [4320.4, 24784.0], [4320.35, 3000.0], [4320.3, 17000.0], [4320.25, 6070.0], [4320.15, 17300.0], [4320.1, 13588.0], [4320.05, 34800.0], [4320.0, 93.0], [4319.9, 3900.0], [4319.85, 13000.0], [4319.8, 32213.0], [4319.75, 96584.0], [4319.6, 38740.0], [4319.5, 10844.0], [4319.4, 75000.0], [4319.35, 36984.0], [4319.3, 124428.0]], "asks": [[4320.65, 132713.0], [4320.7, 123199.0], [4320.75, 1813.0], [4320.8, 6000.0], [4321.0, 5094.0], [4321.05, 13006.0], [4321.1, 4380.0], [4321.25, 50.0], [4321.5, 1814.0], [4321.55, 4380.0], [4321.7, 3244.0], [4321.75, 10813.0], [4321.8, 6116.0], [4321.85, 5385.0], [4321.9, 15000.0], [4322.0, 3595.0], [4322.15, 10745.0], [4322.2, 15000.0], [4322.25, 99.0], [4322.3, 7919.0]]}}}
{"jsonrpc": "2.0", "method": "subscription", "params": {"channel": "book.ETH-PERPETUAL.none.20.100ms", "data": {"timestamp": 1756859866665, "change_id": 84950171389, "instrument_name": "ETH-PERPETUAL", "bids": [[4320.6, 36609.0], [4320.5, 500.0], [4320.45, 6090.0], [4320.4, 24784.0], [4320.35, 3000.0], [4320.3, 17000.0], [4320.25, 6070.0], [4320.15, 31300.0], [4320.1, 13588.0], [4320.05, 34800.0], [4320.0, 93.0], [4319.9, 3900.0], [4319.85, 13000.0], [4319.8, 32213.0], [4319.75, 96584.0], [4319.6, 38740.0], [4319.5, 10844.0], [4319.4, 75000.0], [4319.35, 36984.0], [4319.3, 124428.0]], "asks": [[4320.65, 132713.0], [4320.7, 123199.0], [4320.75, 1813.0], [4320.8, 6000.0], [4321.0, 5094.0], [4321.05, 13006.0], [4321.1, 4380.0], [4321.25, 50.0], [4321.5, 1814.0], [4321.55, 4380.0], [4321.7, 3244.0], [4321.75, 10813.0], [4321.8, 6116.0], [4321.85, 5385.0], [4321.9, 15000.0], [4322.0, 3595.0], [4322.15, 10745.0], [4322.2, 15000.0], [4322.25, 99.0], [4322.3, 7919.0]]}}}
{"jsonrpc": "2.0", "method": "subscription", "params": {"channel": "book.ETH-PERPETUAL.none.20.100ms", "data": {"timestamp": 1756859867001, "change_id": 84950172012, "instrument_name": "ETH-PERPETUAL", "bids": [[4320.95, 64031.0], [4320.8, 8586.0], [4320.65, 23395.0], [4320.6, 14070.0], [4320.5, 500.0], [4320.4, 4784.0], [4320.3, 17000.0], [4320.15, 17300.0], [4320.1, 13588.0], [4320.05, 34800.0], [4320.0, 37053.0], [4319.95, 123199.0], [4319.8, 32213.0], [4319.75, 96584.0], [4319.6, 38740.0], [4319.5, 10844.0], [4319.4, 75000.0], [4319.3, 1229.0], [4319.25, 21.0], [4319.15, 3244.0]], "asks": [[4321.0, 17499.0], [4321.05, 6.0], [4321.1, 6000.0], [4321.2, 15015.0], [4321.25, 50050.0], [4321.45, 38454.0], [4321.5, 136799.0], [4321.55, 4380.0], [4321.65, 9244.0], [4321.7, 20000.0], [4321.75, 10813.0], [4321.8, 6116.0], [4321.85, 5385.0], [4321.9, 15000.0], [4322.0, 11556.0], [4322.15, 10745.0], [4322.2, 15000.0], [4322.25, 99.0], [4322.4, 4567.0], [4322.45, 1238.0]]}}}
{"jsonrpc": "2.0", "method": "subscription", "params": {"channel": "book.ETH-PERPETUAL.none.20.100ms", "data": {"timestamp": 1756859867331, "change_id": 84950173338, "instrument_name": "ETH-PERPETUAL", "bids": [[4320.95, 64101.0], [4320.85, 1800.0], [4320.8, 14586.0], [4320.65, 17395.0], [4320.6, 20625.0], [4320.55, 17300.0], [4320.5, 112946.0], [4320.4, 17050.0], [4320.35, 17500.0], [4320.2, 27710.0], [4320.05, 4282.0], [4320.0, 37053.0], [4319.95, 123199.0], [4319.85, 10807.0], [4319.75, 10872.0], [4319.6, 32231.0], [4319.5, 10844.0], [4319.4, 75000.0], [4319.3, 1229.0], [4319.25, 21.0]], "asks": [[4321.0, 43.0], [4321.05, 6.0], [4321.25, 50.0], [4321.45, 12000.0], [4321.5, 123699.0], [4321.8, 3000.0], [4321.85, 5385.0], [4322.0, 11556.0], [4322.15, 10745.0], [4322.2, 15000.0], [4322.25, 99.0], [4322.4, 4567.0], [4322.45, 1238.0], [4322.55, 15223.0], [4322.75, 17504.0], [4322.8, 61571.0], [4322.9, 26397.0], [4322.95, 10745.0], [4323.1, 4508.0], [4323.15, 4291.0]]}}}
{"jsonrpc": "2.0", "method": "subscription", "params": {"channel": "book.ETH-PERPETUAL.none.20.100ms", "data": {"timestamp": 1756859867653, "change_id": 84950174092, "instrument_name": "ETH-PERPETUAL", "bids": [[4320.95, 98761.0], [4320.85, 1800.0], [4320.8, 14586.0], [4320.65, 30395.0], [4320.6, 38246.0], [4320.55, 17300.0], [4320.5, 112946.0], [4320.4, 7919.0], [4320.2, 27710.0], [4320.05, 4282.0], [4320.0, 37053.0], [4319.95, 123199.0], [4319.85, 10807.0], [4319.75, 10872.0], [4319.6, 32231.0], [4319.5, 10844.0], [4319.4, 75000.0], [4319.3, 1229.0], [4319.25, 21.0], [4319.15, 7526.0]], "asks": [[4321.0, 43.0], [4321.05, 6.0], [4321.25, 50.0], [4321.5, 229148.0], [4321.55, 3000.0], [4321.8, 5414.0], [4321.85, 5385.0], [4322.0, 19000.0], [4322.1, 20000.0], [4322.25, 99.0], [4322.4, 8867.0], [4322.45, 15000.0], [4322.55, 10745.0], [4322.6, 15000.0], [4322.75, 17504.0], [4322.8, 59663.0], [4322.9, 26397.0], [4322.95, 10745.0], [4323.1, 4508.0], [4323.15, 4291.0]]}}}
{"jsonrpc": "2.0", "method": "subscription", "params": {"channel": "book.ETH-PERPETUAL.none.20.100ms", "data": {"timestamp": 1756859867989, "change_id": 84950175569, "instrument_name": "ETH-PERPETUAL", "bids": [[4322.2, 42730.0], [4322.1, 22155.0], [4322.0, 75000.0], [4321.5, 95.0], [4321.45, 27126.0], [4321.25, 36349.0], [4321.2, 108163.0], [4321.15, 6924.0], [4321.0, 27814.0], [4320.95, 14956.0], [4320.8, 45005.0], [4320.6, 140630.0], [4320.5, 4782.0], [4320.4, 11792.0], [4320.35, 10806.0], [4320.25, 5403.0], [4320.2, 27710.0], [4320.05, 5511.0], [4320.0, 93.0], [4319.9, 3242.0]], "asks": [[4322.25, 99.0], [4322.3, 36960.0], [4322.35, 123199.0], [4322.45, 18900.0], [4322.5, 50000.0], [4322.6, 4282.0], [4322.8, 1210.0], [4322.85, 5379.0], [4323.0, 4500.0], [4323.05, 19282.0], [4323.45, 12440.0], [4323.5, 26397.0], [4323.55, 10726.0], [4323.6, 65472.0], [4323.65, 184799.0], [4323.85, 8864.0], [4323.95, 10707.0], [4324.0, 20204.0], [4324.05, 22353.0], [4324.1, 4410.0]]}}}
{"jsonrpc": "2.0", "method": "subscription", "params": {"channel": "book.ETH-PERPETUAL.none.20.100ms", "data": {"timestamp": 1756859868322, "change_id": 84950177307, "instrument_name": "ETH-PERPETUAL", "bids": [[4322.2, 92801.0], [4322.05, 17300.0], [4322.0, 75000.0], [4321.5, 95.0], [4321.45, 9626.0], [4321.35, 69409.0], [4321.3, 123199.0], [4321.2, 108163.0], [4321.15, 4917.0], [4321.0, 16390.0], [4320.95, 3186.0], [4320.8, 3242.0], [4320.6, 10806.0], [4320.55, 1435.0], [4320.5, 4282.0], [4320.4, 11792.0], [4320.35, 10806.0], [4320.2, 47033.0], [4320.05, 5511.0], [4320.0, 50093.0]], "asks": [[4322.25, 4381.0], [4322.3, 108162.0], [4322.35, 123199.0], [4322.5, 50000.0], [4322.75, 100.0], [4322.8, 1210.0], [4322.85, 5379.0], [4323.0, 4500.0], [4323.05, 19282.0], [4323.45, 12440.0], [4323.5, 26397.0], [4323.55, 10726.0], [4323.6, 4343.0], [4323.85, 3272.0], [4323.95, 10707.0], [4324.0, 199.0], [4324.05, 1323.0], [4324.1, 4410.0], [4324.2, 8812.0], [4324.25, 10707.0]]}}}
{"jsonrpc": "2.0", "method": "subscription", "params": {"channel": "book.ETH-PERPETUAL.none.20.100ms", "data": {"timestamp": 1756859868647, "change_id": 84950178488, "instrument_name": "ETH-PERPETUAL", "bids": [[4322.2, 92801.0], [4322.05, 17300.0], [4322.0, 75000.0], [4321.75, 112444.0], [4321.5, 95.0], [4321.45, 9626.0], [4321.35, 38244.0], [4321.3, 127481.0], [4321.15, 4917.0], [4321.0, 16390.0], [4320.8, 3242.0], [4320.6, 10806.0], [4320.55, 1435.0], [4320.5, 4282.0], [4320.45, 1072.0], [4320.4, 11792.0], [4320.35, 10806.0], [4320.2, 47033.0], [4320.05, 4282.0], [4320.0, 50093.0]], "asks": [[4322.25, 99.0], [4322.6, 35470.0], [4323.0, 43434.0], [4323.05, 100.0], [4323.15, 123199.0], [4323.2, 21614.0], [4323.25, 5381.0], [4323.4, 1674.0], [4323.6, 5581.0], [4323.65, 3242.0], [4323.7, 10807.0], [4323.85, 11116.0], [4323.9, 27509.0], [4323.95, 10707.0], [4324.0, 199.0], [4324.05, 1323.0], [4324.1, 4410.0], [4324.2, 4009.0], [4324.25, 10707.0], [4324.4, 10438.0]]}}}
{"jsonrpc": "2.0", "method": "subscription", "params": {"channel": "book.ETH-PERPETUAL.none.20.100ms", "data": {"timestamp": 1756859868984, "change_id": 84950179124, "instrument_name": "ETH-PERPETUAL", "bids": [[4322.2, 95801.0], [4322.1, 29490.0], [4322.05, 23300.0], [4322.0, 75000.0], [4321.9, 3900.0], [4321.85, 13000.0], [4321.8, 33733.0], [4321.75, 112444.0], [4321.5, 2983.0], [4321.45, 9626.0], [4321.35, 1285.0], [4321.3, 4282.0], [4321.15, 4917.0], [4321.0, 16230.0], [4320.8, 4471.0], [4320.6, 10806.0], [4320.55, 1435.0], [4320.5, 4282.0], [4320.45, 1072.0], [4320.4, 11792.0]], "asks": [[4322.25, 99.0], [4323.0, 43434.0], [4323.05, 100.0], [4323.15, 123199.0], [4323.2, 21614.0], [4323.25, 5381.0], [4323.4, 1674.0], [4323.6, 5581.0], [4323.65, 3242.0], [4323.7, 10807.0], [4323.85, 11116.0], [4323.9, 27509.0], [4323.95, 10707.0], [4324.0, 199.0], [4324.05, 1323.0], [4324.1, 4410.0], [4324.2, 4009.0], [4324.25, 10707.0], [4324.45, 4437.0], [4324.5, 10387.0]]}}}
{"jsonrpc": "2.0", "method": "subscription", "params": {"channel": "book.ETH-PERPETUAL.none.20.100ms", "data": {"timestamp": 1756859869301, "change_id": 84950179732, "instrument_name": "ETH-PERPETUAL", "bids": [[4322.2, 95961.0], [4322.15, 17300.0], [4322.1, 29490.0], [4322.05, 23300.0], [4322.0, 115860.0], [4321.95, 123199.0], [4321.85, 13000.0], [4321.8, 33733.0], [4321.75, 112444.0], [4321.5, 2983.0], [4321.45, 9626.0], [4321.35, 1285.0], [4321.3, 4282.0], [4321.15, 4917.0], [4321.0, 16187.0], [4320.8, 4471.0], [4320.6, 10806.0], [4320.55, 1435.0], [4320.5, 4282.0], [4320.45, 1072.0]], "asks": [[4322.25, 99.0], [4322.85, 10641.0], [4322.9, 35469.0], [4323.0, 43434.0], [4323.05, 100.0], [4323.15, 123199.0], [4323.2, 21614.0], [4323.25, 5381.0], [4323.4, 1674.0], [4323.6, 13323.0], [4323.65, 15000.0], [4323.7, 10807.0], [4323.85, 11116.0], [4323.9, 42509.0], [4323.95, 10707.0], [4324.0, 199.0], [4324.05, 1323.0], [4324.1, 4410.0], [4324.2, 4009.0], [4324.25, 10707.0]]}}}
{"jsonrpc": "2.0", "method": "subscription", "params": {"channel": "book.ETH-PERPETUAL.none.20.100ms", "data": {"timestamp": 1756859869574, "change_id": 84950180179, "instrument_name": "ETH-PERPETUAL", "bids": [[4322.2, 95961.0], [4322.15, 17300.0], [4322.1, 29490.0], [4322.05, 23300.0], [4322.0, 115860.0], [4321.95, 123199.0], [4321.85, 13000.0], [4321.8, 33733.0], [4321.75, 112444.0], [4321.5, 2983.0], [4321.45, 9626.0], [4321.35, 1285.0], [4321.3, 4282.0], [4321.15, 4917.0], [4321.0, 16187.0], [4320.8, 4471.0], [4320.6, 10806.0], [4320.55, 1435.0], [4320.5, 4282.0], [4320.45, 1072.0]], "asks": [[4322.25, 99.0], [4322.85, 10641.0], [4322.9, 35469.0], [4323.0, 43434.0], [4323.05, 100.0], [4323.15, 123199.0], [4323.2, 21614.0], [4323.25, 5381.0], [4323.4, 1674.0], [4323.6, 13323.0], [4323.65, 15000.0], [4323.7, 10807.0], [4323.85, 11116.0], [4323.9, 42509.0], [4323.95, 10707.0], [4324.0, 199.0], [4324.05, 1323.0], [4324.1, 4410.0], [4324.2, 4009.0], [4324.25, 10707.0]]}}}
{"jsonrpc": "2.0", "method": "subscription", "params": {"channel": "book.ETH-PERPETUAL.none.20.100ms", "data": {"timestamp": 1756859869940, "change_id": 84950180573, "instrument_name": "ETH-PERPETUAL", "bids": [[4322.2, 95961.0], [4322.15, 17300.0], [4322.1, 29490.0], [4322.05, 23300.0], [4322.0, 115860.0], [4321.95, 123199.0], [4321.85, 13000.0], [4321.8, 33733.0], [4321.75, 112444.0], [4321.5, 2983.0], [4321.45, 9626.0], [4321.35, 1285.0], [4321.3, 4282.0], [4321.15, 4917.0], [4321.0, 16187.0], [4320.8, 4471.0], [4320.6, 10806.0], [4320.55, 1435.0], [4320.5, 4282.0], [4320.45, 1072.0]], "asks": [[4322.25, 99.0], [4322.8, 100.0], [4322.85, 10641.0], [4322.9, 35469.0], [4323.0, 43434.0], [4323.15, 123199.0], [4323.2, 21614.0], [4323.25, 5381.0], [4323.4, 1674.0], [4323.6, 13323.0], [4323.65, 15000.0], [4323.7, 10807.0], [4323.85, 11116.0], [4323.9, 42509.0], [4323.95, 10707.0], [4324.0, 199.0], [4324.05, 1323.0], [4324.1, 4410.0], [4324.2, 3212.0], [4324.25, 10707.0]]}}}
{"jsonrpc": "2.0", "method": "subscription", "params": {"channel": "book.ETH-PERPETUAL.none.20.100ms", "data": {"timestamp": 1756859870302, "change_id": 84950181135, "instrument_name": "ETH-PERPETUAL", "bids": [[4322.2, 95961.0], [4322.15, 17300.0], [4322.1, 29490.0], [4322.05, 23300.0], [4322.0, 115860.0], [4321.95, 123199.0], [4321.85, 13000.0], [4321.8, 33733.0], [4321.75, 112444.0], [4321.5, 2983.0], [4321.45, 9626.0], [4321.35, 1285.0], [4321.3, 4282.0], [4321.15, 4917.0], [4321.0, 16187.0], [4320.8, 4471.0], [4320.6, 10806.0], [4320.55, 1435.0], [4320.5, 4282.0], [4320.45, 1072.0]], "asks": [[4322.25, 99.0], [4322.8, 100.0], [4322.85, 10641.0], [4322.9, 35469.0], [4323.0, 43434.0], [4323.15, 123199.0], [4323.2, 34614.0], [4323.25, 5381.0], [4323.4, 1674.0], [4323.6, 12085.0], [4323.65, 15000.0], [4323.7, 10807.0], [4323.85, 11116.0], [4323.9, 41397.0], [4323.95, 10707.0], [4324.0, 199.0], [4324.05, 1323.0], [4324.1, 4410.0], [4324.2, 3212.0], [4324.25, 10707.0]]}}}
{"jsonrpc": "2.0", "method": "subscription", "params": {"channel": "book.ETH-PERPETUAL.none.20.100ms", "data": {"timestamp": 1756859870598, "change_id": 84950181626, "instrument_name": "ETH-PERPETUAL", "bids": [[4322.2, 95961.0], [4322.15, 17300.0], [4322.1, 29490.0], [4322.05, 23300.0], [4322.0, 115860.0], [4321.95, 123199.0], [4321.85, 13000.0], [4321.8, 33733.0], [4321.75, 112444.0], [4321.5, 2983.0], [4321.45, 9626.0], [4321.35, 1285.0], [4321.3, 4282.0], [4321.15, 4917.0], [4321.0, 16187.0], [4320.8, 4471.0], [4320.6, 10806.0], [4320.55, 1435.0], [4320.5, 4282.0], [4320.45, 1072.0]], "asks": [[4322.25, 99.0], [4322.8, 100.0], [4322.85, 10641.0], [4322.9, 35469.0], [4323.0, 43434.0], [4323.15, 123199.0], [4323.2, 34614.0], [4323.25, 5381.0], [4323.4, 1674.0], [4323.6, 12085.0], [4323.65, 15000.0], [4323.7, 10807.0], [4323.85, 11116.0], [4323.9, 41397.0], [4323.95, 10707.0], [4324.0, 199.0], [4324.05, 1323.0], [4324.1, 4410.0], [4324.2, 3212.0], [4324.25, 11945.0]]}}}
{"jsonrpc": "2.0", "method": "subscription", "params": {"channel": "book.ETH-PERPETUAL.none.20.100ms", "data": {"timestamp": 1756859870934, "change_id": 84950182048, "instrument_name": "ETH-PERPETUAL", "bids": [[4322.2, 43931.0], [4322.1, 29490.0], [4322.0, 115860.0], [4321.95, 123199.0], [4321.8, 33803.0], [4321.75, 108162.0], [4321.65, 14000.0], [4321.5, 7872.0], [4321.45, 27126.0], [4321.35, 1285.0], [4321.3, 4282.0], [4321.15, 4917.0], [4321.0, 16187.0], [4320.8, 4471.0], [4320.6, 10806.0], [4320.55, 1435.0], [4320.5, 4282.0], [4320.45, 1072.0], [4320.4, 11792.0], [4320.35, 10806.0]], "asks": [[4322.25, 99.0], [4322.8, 100.0], [4322.85, 10641.0], [4322.9, 35469.0], [4323.0, 43434.0], [4323.15, 127481.0], [4323.2, 21614.0], [4323.25, 5381.0], [4323.4, 1674.0], [4323.6, 12085.0], [4323.65, 15000.0], [4323.7, 10807.0], [4323.85, 11116.0], [4323.9, 41397.0], [4323.95, 10707.0], [4324.0, 199.0], [4324.05, 1323.0], [4324.1, 4410.0], [4324.15, 1112.0], [4324.2, 9184.0]]}}}
{"jsonrpc": "2.0", "method": "subscription", "params": {"channel": "book.ETH-PERPETUAL.none.20.100ms", "data": {"timestamp": 1756859871280, "change_id": 84950182694, "instrument_name": "ETH-PERPETUAL", "bids": [[4322.2, 95801.0], [4322.15, 17300.0], [4322.1, 35490.0], [4322.0, 115860.0], [4321.95, 123199.0], [4321.8, 33733.0], [4321.75, 125444.0], [4321.5, 2983.0], [4321.45, 9626.0], [4321.35, 1285.0], [4321.3, 4282.0], [4321.15, 4917.0], [4321.0, 16187.0], [4320.8, 4471.0], [4320.6, 10806.0], [4320.55, 1435.0], [4320.5, 4282.0], [4320.45, 1072.0], [4320.4, 11792.0], [4320.35, 10806.0]], "asks": [[4322.25, 99.0], [4322.55, 3000.0], [4322.6, 7020.0], [4322.65, 17300.0], [4322.75, 6000.0], [4322.8, 100.0], [4322.85, 10641.0], [4322.9, 35469.0], [4322.95, 13000.0], [4323.0, 43434.0], [4323.15, 127481.0], [4323.2, 21614.0], [4323.25, 5381.0], [4323.4, 1674.0], [4323.6, 12085.0], [4323.65, 15000.0], [4323.7, 10807.0], [4323.85, 11116.0], [4323.9, 41397.0], [4323.95, 10707.0]]}}}
{"jsonrpc": "2.0", "method": "subscription", "params": {"channel": "book.ETH-PERPETUAL.none.20.100ms", "data": {"timestamp": 1756859871489, "change_id": 84950183059, "instrument_name": "ETH-PERPETUAL", "bids": [[4322.2, 95801.0], [4322.15, 17300.0], [4322.1, 35490.0], [4322.0, 115860.0], [4321.95, 123199.0], [4321.9, 22978.0], [4321.8, 33733.0], [4321.75, 125444.0], [4321.5, 2983.0], [4321.45, 9626.0], [4321.35, 1285.0], [4321.3, 4282.0], [4321.15, 4917.0], [4321.0, 16187.0], [4320.8, 4471.0], [4320.6, 10806.0], [4320.55, 1435.0], [4320.5, 4282.0], [4320.45, 1072.0], [4320.4, 3873.0]], "asks": [[4322.25, 99.0], [4322.55, 3000.0], [4322.6, 1830.0], [4322.75, 6000.0], [4322.8, 100.0], [4322.85, 10641.0], [4322.9, 35469.0], [4322.95, 13000.0], [4323.0, 43434.0], [4323.15, 123199.0], [4323.2, 21614.0], [4323.25, 5381.0], [4323.4, 4339.0], [4323.45, 10819.0], [4323.6, 12085.0], [4323.65, 15000.0], [4323.7, 10807.0], [4323.85, 11116.0], [4323.9, 41397.0], [4323.95, 10707.0]]}}}
{"jsonrpc": "2.0", "method": "subscription", "params": {"channel": "book.ETH-PERPETUAL.none.20.100ms", "data": {"timestamp": 1756859871889, "change_id": 84950183680, "instrument_name": "ETH-PERPETUAL", "bids": [[4322.2, 95801.0], [4322.15, 17300.0], [4322.1, 35490.0], [4322.0, 115860.0], [4321.95, 123199.0], [4321.9, 22978.0], [4321.85, 13000.0], [4321.8, 33733.0], [4321.75, 112444.0], [4321.5, 2983.0], [4321.45, 9626.0], [4321.35, 1285.0], [4321.3, 4282.0], [4321.15, 4917.0], [4321.0, 16187.0], [4320.8, 4471.0], [4320.6, 10806.0], [4320.55, 1435.0], [4320.5, 4282.0], [4320.45, 1072.0]], "asks": [[4322.25, 99.0], [4322.8, 100.0], [4322.85, 10641.0], [4322.9, 35469.0], [4323.0, 43434.0], [4323.15, 123199.0], [4323.2, 14614.0], [4323.25, 5381.0], [4323.4, 10006.0], [4323.45, 10819.0], [4323.6, 32085.0], [4323.65, 15000.0], [4323.7, 10807.0], [4323.85, 11116.0], [4323.9, 41397.0], [4323.95, 10707.0], [4324.0, 199.0], [4324.05, 1323.0], [4324.1, 4410.0], [4324.15, 1112.0]]}}}
{"jsonrpc": "2.0", "method": "subscription", "params": {"channel": "book.ETH-PERPETUAL.none.20.100ms", "data": {"timestamp": 1756859872163, "change_id": 84950184263, "instrument_name": "ETH-PERPETUAL", "bids": [[4322.2, 95801.0], [4322.15, 17300.0], [4322.1, 35490.0], [4322.0, 115860.0], [4321.95, 123199.0], [4321.9, 22978.0], [4321.85, 13000.0], [4321.8, 33733.0], [4321.75, 112444.0], [4321.5, 2983.0], [4321.45, 9626.0], [4321.35, 1285.0], [4321.3, 4282.0], [4321.15, 4917.0], [4321.0, 16187.0], [4320.8, 4471.0], [4320.6, 10806.0], [4320.55, 1435.0], [4320.5, 4282.0], [4320.45, 1072.0]], "asks": [[4322.25, 99.0], [4322.8, 100.0], [4322.85, 10641.0], [4322.9, 35469.0], [4323.0, 43434.0], [4323.15, 143199.0], [4323.2, 1614.0], [4323.25, 5381.0], [4323.4, 4549.0], [4323.45, 10819.0], [4323.6, 12085.0], [4323.65, 15000.0], [4323.7, 10807.0], [4323.85, 11116.0], [4323.9, 41397.0], [4323.95, 10707.0], [4324.0, 199.0], [4324.05, 1323.0], [4324.1, 4410.0], [4324.2, 3212.0]]}}}
{"jsonrpc": "2.0", "method": "subscription", "params": {"channel": "book.ETH-PERPETUAL.none.20.100ms", "data": {"timestamp": 1756859872754, "change_id": 84950184770, "instrument_name": "ETH-PERPETUAL", "bids": [[4322.2, 95801.0], [4322.15, 17300.0], [4322.1, 35490.0], [4322.0, 115860.0], [4321.95, 123199.0], [4321.9, 22978.0], [4321.8, 33733.0], [4321.75, 112444.0], [4321.5, 2983.0], [4321.45, 9626.0], [4321.35, 1285.0], [4321.3, 4282.0], [4321.15, 4917.0], [4321.0, 16187.0], [4320.8, 4471.0], [4320.6, 10806.0], [4320.55, 1435.0], [4320.5, 4282.0], [4320.45, 1072.0], [4320.4, 3873.0]], "asks": [[4322.25, 99.0], [4322.8, 100.0], [4322.85, 10641.0], [4322.9, 35469.0], [4323.0, 43434.0], [4323.15, 143199.0], [4323.2, 1614.0], [4323.25, 5381.0], [4323.4, 4549.0], [4323.45, 10819.0], [4323.6, 12085.0], [4323.65, 15000.0], [4323.7, 10807.0], [4323.85, 11116.0], [4323.9, 41397.0], [4323.95, 10707.0], [4324.0, 199.0], [4324.05, 1323.0], [4324.1, 4410.0], [4324.2, 3212.0]]}}}
{"jsonrpc": "2.0", "method": "subscription", "params": {"channel": "book.ETH-PERPETUAL.none.20.100ms", "data": {"timestamp": 1756859873076, "change_id": 84950185211, "instrument_name": "ETH-PERPETUAL", "bids": [[4322.2, 58001.0], [4322.15, 17300.0], [4322.1, 29490.0], [4322.0, 115860.0], [4321.95, 129199.0], [4321.9, 22978.0], [4321.8, 33733.0], [4321.75, 112444.0], [4321.65, 17500.0], [4321.55, 2916.0], [4321.5, 95.0], [4321.45, 9626.0], [4321.35, 1285.0], [4321.3, 4282.0], [4321.25, 14.0], [4321.15, 4917.0], [4321.0, 16187.0], [4320.8, 4471.0], [4320.6, 10806.0], [4320.55, 1435.0]], "asks": [[4322.25, 99.0], [4322.55, 100.0], [4322.75, 6000.0], [4322.8, 20000.0], [4322.85, 10641.0], [4322.9, 35469.0], [4323.0, 43434.0], [4323.15, 123199.0], [4323.2, 1614.0], [4323.25, 5381.0], [4323.4, 4549.0], [4323.45, 10819.0], [4323.6, 12085.0], [4323.65, 15000.0], [4323.7, 10807.0], [4323.85, 11116.0], [4323.9, 41397.0], [4323.95, 10707.0], [4324.0, 199.0], [4324.05, 1323.0]]}}}
{"jsonrpc": "2.0", "method": "subscription", "params": {"channel": "book.ETH-PERPETUAL.none.20.100ms", "data": {"timestamp": 1756859873416, "change_id": 84950185836, "instrument_name": "ETH-PERPETUAL", "bids": [[4322.2, 92801.0], [4322.15, 20300.0], [4322.1, 29490.0], [4322.0, 115860.0], [4321.95, 129199.0], [4321.9, 22978.0], [4321.8, 33733.0], [4321.75, 112444.0], [4321.6, 13000.0], [4321.55, 2916.0], [4321.5, 95.0], [4321.45, 9626.0], [4321.35, 1285.0], [4321.3, 4282.0], [4321.25, 14.0], [4321.15, 4917.0], [4321.0, 16187.0], [4320.8, 4471.0], [4320.6, 10806.0], [4320.55, 1435.0]], "asks": [[4322.25, 99.0], [4322.55, 100.0], [4322.65, 10950.0], [4322.7, 16500.0], [4322.8, 20000.0], [4322.85, 10641.0], [4322.9, 35469.0], [4323.0, 43434.0], [4323.05, 13000.0], [4323.15, 123199.0], [4323.2, 1614.0], [4323.25, 5381.0], [4323.4, 4549.0], [4323.45, 10819.0], [4323.6, 12085.0], [4323.65, 15000.0], [4323.7, 10807.0], [4323.85, 11116.0], [4323.9, 41397.0], [4323.95, 10707.0]]}}}
{"jsonrpc": "2.0", "method": "subscription", "params": {"channel": "book.ETH-PERPETUAL.none.20.100ms", "data": {"timestamp": 1756859873733, "change_id": 84950186206, "instrument_name": "ETH-PERPETUAL", "bids": [[4322.2, 92801.0], [4322.15, 75245.0], [4322.1, 108151.0], [4322.05, 6000.0], [4322.0, 115860.0], [4321.95, 123199.0], [4321.9, 22978.0], [4321.8, 5024.0], [4321.75, 4282.0], [4321.7, 13000.0], [4321.55, 2916.0], [4321.5, 95.0], [4321.45, 9626.0], [4321.35, 1285.0], [4321.3, 4282.0], [4321.25, 14.0], [4321.15, 4917.0], [4321.0, 16193.0], [4320.8, 4471.0], [4320.6, 10806.0]], "asks": [[4322.25, 99.0], [4322.55, 3000.0], [4322.6, 1800.0], [4322.65, 6000.0], [4323.0, 43434.0], [4323.05, 69256.0], [4323.1, 100.0], [4323.15, 123199.0], [4323.2, 7413.0], [4323.25, 5381.0], [4323.4, 24549.0], [4323.45, 10819.0], [4323.6, 12085.0], [4323.65, 15000.0], [4323.7, 10807.0], [4323.85, 11116.0], [4323.9, 41397.0], [4323.95, 10707.0], [4324.0, 199.0], [4324.05, 1323.0]]}}}
{"jsonrpc": "2.0", "method": "subscription", "params": {"channel": "book.ETH-PERPETUAL.none.20.100ms", "data": {"timestamp": 1756859874066, "change_id": 84950186579, "instrument_name": "ETH-PERPETUAL", "bids": [[4322.2, 57931.0], [4322.15, 72245.0], [4322.1, 108151.0], [4322.0, 115860.0], [4321.95, 123199.0], [4321.9, 23048.0], [4321.8, 17500.0], [4321.55, 2916.0], [4321.5, 95.0], [4321.45, 9626.0], [4321.35, 1285.0], [4321.3, 4282.0], [4321.25, 14.0], [4321.15, 4917.0], [4321.0, 16193.0], [4320.8, 4471.0], [4320.6, 10806.0], [4320.55, 1435.0], [4320.5, 4331.0], [4320.45, 1072.0]], "asks": [[4322.25, 10575.0], [4322.55, 100.0], [4323.0, 43434.0], [4323.05, 76256.0], [4323.15, 127481.0], [4323.2, 1614.0], [4323.25, 5381.0], [4323.4, 4549.0], [4323.45, 10819.0], [4323.6, 12085.0], [4323.65, 15000.0], [4323.7, 10807.0], [4323.85, 11116.0], [4323.9, 41397.0], [4323.95, 10707.0], [4324.0, 199.0], [4324.05, 1323.0], [4324.1, 4410.0], [4324.15, 20005.0], [4324.2, 3212.0]]}}}
{"jsonrpc": "2.0", "method": "subscription", "params": {"channel": "book.ETH-PERPETUAL.none.20.100ms", "data": {"timestamp": 1756859874345, "change_id": 84950187264, "instrument_name": "ETH-PERPETUAL", "bids": [[4322.2, 57931.0], [4322.15, 49745.0], [4322.1, 108151.0], [4322.0, 40860.0], [4321.95, 126199.0], [4321.9, 22978.0], [4321.8, 23500.0], [4321.7, 70.0], [4321.55, 6452.0], [4321.5, 95.0], [4321.45, 22626.0], [4321.35, 1285.0], [4321.3, 4282.0], [4321.25, 14.0], [4321.15, 4917.0], [4321.0, 16236.0], [4320.8, 4471.0], [4320.6, 10806.0], [4320.55, 1435.0], [4320.5, 4331.0]], "asks": [[4322.25, 13675.0], [4322.3, 1800.0], [4322.35, 6000.0], [4322.65, 9900.0], [4322.7, 20000.0], [4322.75, 13000.0], [4323.0, 43434.0], [4323.05, 56256.0], [4323.15, 127481.0], [4323.2, 1614.0], [4323.25, 5381.0], [4323.4, 4549.0], [4323.45, 10819.0], [4323.6, 12085.0], [4323.65, 15000.0], [4323.7, 10807.0], [4323.85, 11116.0], [4323.9, 41397.0], [4323.95, 10707.0], [4324.0, 199.0]]}}}
{"jsonrpc": "2.0", "method": "subscription", "params": {"channel": "book.ETH-PERPETUAL.none.20.100ms", "data": {"timestamp": 1756859874724, "change_id": 84950187634, "instrument_name": "ETH-PERPETUAL", "bids": [[4322.2, 58001.0], [4322.15, 49745.0], [4322.1, 108151.0], [4322.0, 40860.0], [4321.95, 126199.0], [4321.9, 22978.0], [4321.8, 23500.0], [4321.55, 6452.0], [4321.5, 95.0], [4321.45, 22626.0], [4321.35, 1285.0], [4321.3, 4282.0], [4321.25, 14.0], [4321.15, 4917.0], [4321.0, 16236.0], [4320.8, 4471.0], [4320.6, 10806.0], [4320.55, 1435.0], [4320.5, 4331.0], [4320.45, 1072.0]], "asks": [[4322.25, 13675.0], [4322.3, 1800.0], [4322.35, 6000.0], [4322.65, 9900.0], [4322.7, 20000.0], [4322.75, 13000.0], [4323.0, 43434.0], [4323.05, 56256.0], [4323.15, 127481.0], [4323.2, 1614.0], [4323.25, 5381.0], [4323.4, 4549.0], [4323.45, 10819.0], [4323.6, 12085.0], [4323.65, 15000.0], [4323.7, 10807.0], [4323.85, 11116.0], [4323.9, 41397.0], [4323.95, 10707.0], [4324.0, 199.0]]}}}
{"jsonrpc": "2.0", "method": "subscription", "params": {"channel": "book.ETH-PERPETUAL.none.20.100ms", "data": {"timestamp": 1756859875045, "change_id": 84950188484, "instrument_name": "ETH-PERPETUAL", "bids": [[4322.2, 75501.0], [4322.15, 49745.0], [4322.1, 108151.0], [4322.0, 40860.0], [4321.95, 126199.0], [4321.9, 22978.0], [4321.8, 6000.0], [4321.55, 6452.0], [4321.5, 95.0], [4321.45, 22626.0], [4321.35, 1285.0], [4321.3, 4282.0], [4321.25, 14.0], [4321.15, 4917.0], [4321.0, 16736.0], [4320.8, 4471.0], [4320.6, 10806.0], [4320.55, 1435.0], [4320.5, 4331.0], [4320.45, 1072.0]], "asks": [[4322.25, 10675.0], [4322.3, 1800.0], [4322.5, 6000.0], [4322.65, 9900.0], [4322.7, 20000.0], [4322.75, 13000.0], [4323.0, 43434.0], [4323.05, 56256.0], [4323.15, 127481.0], [4323.2, 1614.0], [4323.25, 5381.0], [4323.4, 4549.0], [4323.45, 10819.0], [4323.6, 12085.0], [4323.65, 15000.0], [4323.7, 10807.0], [4323.85, 11116.0], [4323.9, 41397.0], [4323.95, 10707.0], [4324.0, 199.0]]}}}
{"jsonrpc": "2.0", "method": "subscription", "params": {"channel": "book.ETH-PERPETUAL.none.20.100ms", "data": {"timestamp": 1756859875395, "change_id": 84950189818, "instrument_name": "ETH-PERPETUAL", "bids": [[4321.95, 138950.0], [4321.8, 17645.0], [4321.75, 108146.0], [4321.5, 95.0], [4321.3, 70.0], [4321.25, 6907.0], [4321.2, 33249.0], [4321.15, 31500.0], [4321.0, 16736.0], [4320.8, 5688.0], [4320.75, 5409.0], [4320.6, 10806.0], [4320.5, 49.0], [4320.45, 1072.0], [4320.4, 3873.0], [4320.35, 10806.0], [4320.2, 21641.0], [4320.05, 4282.0], [4320.0, 50093.0], [4319.85, 10807.0]], "asks": [[4322.0, 56682.0], [4322.15, 4282.0], [4322.25, 99.0], [4322.5, 35763.0], [4322.55, 101910.0], [4322.6, 17300.0], [4322.65, 7285.0], [4322.7, 24282.0], [4322.95, 1617.0], [4323.0, 48824.0], [4323.1, 10818.0], [4323.15, 127481.0], [4323.4, 4549.0], [4323.45, 10819.0], [4323.6, 12085.0], [4323.65, 15000.0], [4323.7, 10807.0], [4323.8, 20005.0], [4323.85, 11116.0], [4323.9, 41397.0]]}}}
{"jsonrpc": "2.0", "method": "subscription", "params": {"channel": "book.ETH-PERPETUAL.none.20.100ms", "data": {"timestamp": 1756859875717, "change_id": 84950190208, "instrument_name": "ETH-PERPETUAL", "bids": [[4321.95, 124496.0], [4321.8, 17645.0], [4321.75, 108146.0], [4321.55, 4229.0], [4321.5, 14095.0], [4321.3, 70.0], [4321.25, 12907.0], [4321.2, 40065.0], [4321.15, 17500.0], [4321.0, 29736.0], [4320.8, 4459.0], [4320.75, 5409.0], [4320.6, 10806.0], [4320.55, 1229.0], [4320.5, 49.0], [4320.45, 1072.0], [4320.4, 3873.0], [4320.35, 10806.0], [4320.05, 4282.0], [4320.0, 93.0]], "asks": [[4322.0, 79682.0], [4322.1, 6000.0], [4322.15, 4282.0], [4322.25, 99.0], [4322.45, 13000.0], [4322.5, 35763.0], [4322.55, 101910.0], [4322.6, 17300.0], [4322.65, 1285.0], [4322.7, 4282.0], [4322.95, 1617.0], [4323.0, 48824.0], [4323.1, 10818.0], [4323.15, 127481.0], [4323.25, 29830.0], [4323.4, 4549.0], [4323.45, 10819.0], [4323.5, 1238.0], [4323.6, 12085.0], [4323.65, 15000.0]]}}}
{"jsonrpc": "2.0", "method": "subscription", "params": {"channel": "book.ETH-PERPETUAL.none.20.100ms", "data": {"timestamp": 1756859876042, "change_id": 84950190615, "instrument_name": "ETH-PERPETUAL", "bids": [[4321.95, 124400.0], [4321.75, 108146.0], [4321.55, 4229.0], [4321.5, 14095.0], [4321.3, 70.0], [4321.25, 6907.0], [4321.2, 39249.0], [4321.15, 17500.0], [4321.0, 16736.0], [4320.9, 3900.0], [4320.85, 13000.0], [4320.8, 4459.0], [4320.75, 5409.0], [4320.6, 10806.0], [4320.55, 1229.0], [4320.5, 49.0], [4320.45, 1072.0], [4320.4, 3873.0], [4320.35, 10806.0], [4320.1, 1313.0]], "asks": [[4322.0, 79682.0], [4322.1, 6000.0], [4322.15, 4282.0], [4322.25, 99.0], [4322.3, 3900.0], [4322.35, 13000.0], [4322.5, 35763.0], [4322.55, 101910.0], [4322.6, 17300.0], [4322.65, 1285.0], [4322.7, 4282.0], [4322.95, 1617.0], [4323.0, 48824.0], [4323.1, 10818.0], [4323.15, 127481.0], [4323.25, 29830.0], [4323.4, 19549.0], [4323.45, 10819.0], [4323.5, 1238.0], [4323.6, 4343.0]]}}}
{"jsonrpc": "2.0", "method": "subscription", "params": {"channel": "book.ETH-PERPETUAL.none.20.100ms", "data": {"timestamp": 1756859876233, "change_id": 84950191094, "instrument_name": "ETH-PERPETUAL", "bids": [[4321.95, 124400.0], [4321.75, 108146.0], [4321.55, 4229.0], [4321.5, 14095.0], [4321.3, 70.0], [4321.25, 6907.0], [4321.2, 39249.0], [4321.15, 17500.0], [4321.0, 16736.0], [4320.9, 3900.0], [4320.85, 13000.0], [4320.8, 4459.0], [4320.75, 5409.0], [4320.6, 10806.0], [4320.55, 1229.0], [4320.5, 49.0], [4320.45, 1072.0], [4320.4, 3873.0], [4320.35, 10806.0], [4320.1, 1313.0]], "asks": [[4322.0, 79682.0], [4322.1, 6000.0], [4322.15, 4282.0], [4322.25, 99.0], [4322.3, 3900.0], [4322.35, 13000.0], [4322.5, 35763.0], [4322.55, 101910.0], [4322.6, 17300.0], [4322.65, 1285.0], [4322.7, 4282.0], [4322.95, 1617.0], [4323.0, 48824.0], [4323.1, 10818.0], [4323.15, 127481.0], [4323.25, 29830.0], [4323.4, 19549.0], [4323.45, 10819.0], [4323.5, 1238.0], [4323.6, 4343.0]]}}}
{"jsonrpc": "2.0", "method": "subscription", "params": {"channel": "book.ETH-PERPETUAL.none.20.100ms", "data": {"timestamp": 1756859876573, "change_id": 84950191450, "instrument_name": "ETH-PERPETUAL", "bids": [[4321.95, 124400.0], [4321.75, 108146.0], [4321.55, 4229.0], [4321.5, 14095.0], [4321.3, 6070.0], [4321.25, 6907.0], [4321.2, 33249.0], [4321.15, 17500.0], [4321.0, 20636.0], [4320.95, 13000.0], [4320.8, 4459.0], [4320.75, 5409.0], [4320.6, 10806.0], [4320.55, 1229.0], [4320.5, 49.0], [4320.45, 1072.0], [4320.4, 3873.0], [4320.35, 10806.0], [4320.1, 1313.0], [4320.05, 4282.0]], "asks": [[4322.0, 79682.0], [4322.05, 3085.0], [4322.1, 6000.0], [4322.15, 4282.0], [4322.25, 99.0], [4322.3, 3900.0], [4322.35, 13000.0], [4322.5, 35763.0], [4322.55, 101910.0], [4322.6, 17300.0], [4322.65, 1285.0], [4322.7, 4282.0], [4322.95, 1617.0], [4323.0, 48824.0], [4323.1, 10818.0], [4323.15, 127481.0], [4323.25, 29830.0], [4323.4, 19549.0], [4323.45, 10819.0], [4323.5, 1238.0]]}}}
{"jsonrpc": "2.0", "method": "subscription", "params": {"channel": "book.ETH-PERPETUAL.none.20.100ms", "data": {"timestamp": 1756859877043, "change_id": 84950191954, "instrument_name": "ETH-PERPETUAL", "bids": [[4321.95, 124400.0], [4321.75, 108146.0], [4321.55, 6400.0], [4321.5, 17095.0], [4321.4, 6000.0], [4321.3, 70.0], [4321.25, 6907.0], [4321.2, 33249.0], [4321.15, 17500.0], [4321.05, 13000.0], [4321.0, 16736.0], [4320.8, 4459.0], [4320.75, 5409.0], [4320.6, 10806.0], [4320.55, 1229.0], [4320.5, 49.0], [4320.45, 1072.0], [4320.4, 3873.0], [4320.35, 10806.0], [4320.1, 1313.0]], "asks": [[4322.0, 79682.0], [4322.05, 3085.0], [4322.1, 6000.0], [4322.15, 4282.0], [4322.25, 99.0], [4322.3, 3900.0], [4322.35, 13000.0], [4322.5, 35763.0], [4322.55, 101910.0], [4322.6, 17300.0], [4322.65, 1285.0], [4322.7, 4282.0], [4322.95, 1617.0], [4323.0, 48824.0], [4323.1, 10818.0], [4323.15, 127481.0], [4323.25, 29830.0], [4323.4, 4549.0], [4323.45, 10819.0], [4323.5, 1238.0]]}}}
{"jsonrpc": "2.0", "method": "subscription", "params": {"channel": "book.ETH-PERPETUAL.none.20.100ms", "data": {"timestamp": 1756859877302, "change_id": 84950192396, "instrument_name": "ETH-PERPETUAL", "bids": [[4321.95, 124400.0], [4321.75, 108146.0], [4321.6, 3000.0], [4321.55, 6400.0], [4321.5, 14095.0], [4321.4, 6000.0], [4321.3, 70.0], [4321.25, 6907.0], [4321.2, 33249.0], [4321.15, 17500.0], [4321.05, 13000.0], [4321.0, 16736.0], [4320.8, 4459.0], [4320.75, 5409.0], [4320.6, 10806.0], [4320.55, 1229.0], [4320.5, 49.0], [4320.45, 1072.0], [4320.4, 3873.0], [4320.35, 10806.0]], "asks": [[4322.0, 79682.0], [4322.05, 3085.0], [4322.1, 6000.0], [4322.15, 4282.0], [4322.25, 9189.0], [4322.3, 17300.0], [4322.35, 13000.0], [4322.45, 17300.0], [4322.5, 35763.0], [4322.55, 101910.0], [4322.6, 17300.0], [4322.65, 1285.0], [4322.7, 4282.0], [4322.95, 1617.0], [4323.0, 48824.0], [4323.1, 10818.0], [4323.15, 127481.0], [4323.25, 29830.0], [4323.4, 4549.0], [4323.45, 10819.0]]}}}
{"jsonrpc": "2.0", "method": "subscription", "params": {"channel": "book.ETH-PERPETUAL.none.20.100ms", "data": {"timestamp": 1756859877704, "change_id": 84950193116, "instrument_name": "ETH-PERPETUAL", "bids": [[4321.95, 29655.0], [4321.8, 25062.0], [4321.75, 108146.0], [4321.55, 5349.0], [4321.5, 95.0], [4321.45, 17500.0], [4321.25, 6907.0], [4321.2, 67822.0], [4321.15, 123199.0], [4321.0, 16736.0], [4320.8, 4459.0], [4320.75, 5409.0], [4320.6, 15143.0], [4320.55, 1229.0], [4320.5, 49.0], [4320.45, 1072.0], [4320.4, 3873.0], [4320.35, 10806.0], [4320.1, 1313.0], [4320.05, 4282.0]], "asks": [[4322.0, 500.0], [4322.25, 16879.0], [4322.4, 38434.0], [4322.45, 100.0], [4322.55, 3900.0], [4322.6, 13000.0], [4322.65, 1285.0], [4322.7, 4282.0], [4322.85, 7617.0], [4322.9, 20000.0], [4323.0, 48824.0], [4323.1, 10818.0], [4323.15, 142481.0], [4323.25, 29830.0], [4323.4, 4549.0], [4323.45, 10819.0], [4323.5, 1238.0], [4323.6, 4343.0], [4323.65, 796.0], [4323.7, 10807.0]]}}}
{"jsonrpc": "2.0", "method": "subscription", "params": {"channel": "book.ETH-PERPETUAL.none.20.100ms", "data": {"timestamp": 1756859878043, "change_id": 84950193484, "instrument_name": "ETH-PERPETUAL", "bids": [[4321.95, 47225.0], [4321.8, 36361.0], [4321.75, 108146.0], [4321.65, 6000.0], [4321.5, 95.0], [4321.4, 10798.0], [4321.35, 13000.0], [4321.25, 14.0], [4321.2, 67822.0], [4321.15, 123199.0], [4321.0, 16736.0], [4320.8, 4459.0], [4320.75, 5409.0], [4320.6, 15143.0], [4320.55, 1229.0], [4320.5, 49.0], [4320.45, 1072.0], [4320.4, 3873.0], [4320.35, 10806.0], [4320.1, 1313.0]], "asks": [[4322.0, 500.0], [4322.25, 16879.0], [4322.4, 38434.0], [4322.45, 100.0], [4322.55, 3900.0], [4322.6, 13000.0], [4322.65, 1285.0], [4322.7, 4282.0], [4322.85, 7617.0], [4322.9, 20000.0], [4323.0, 48824.0], [4323.1, 10818.0], [4323.15, 142481.0], [4323.2, 8949.0], [4323.25, 29830.0], [4323.4, 19549.0], [4323.45, 10819.0], [4323.6, 4343.0], [4323.65, 796.0], [4323.7, 10807.0]]}}}
{"jsonrpc": "2.0", "method": "subscription", "params": {"channel": "book.ETH-PERPETUAL.none.20.100ms", "data": {"timestamp": 1756859878309, "change_id": 84950193916, "instrument_name": "ETH-PERPETUAL", "bids": [[4321.95, 64525.0], [4321.9, 10380.0], [4321.85, 17300.0], [4321.8, 53661.0], [4321.75, 111146.0], [4321.65, 6000.0], [4321.5, 95.0], [4321.4, 10798.0], [4321.35, 13000.0], [4321.25, 14.0], [4321.2, 67822.0], [4321.15, 123199.0], [4321.0, 16736.0], [4320.8, 4459.0], [4320.75, 5409.0], [4320.6, 15143.0], [4320.55, 1229.0], [4320.5, 49.0], [4320.45, 1072.0], [4320.4, 3873.0]], "asks": [[4322.0, 500.0], [4322.05, 3000.0], [4322.25, 16879.0], [4322.4, 38434.0], [4322.45, 100.0], [4322.55, 3900.0], [4322.6, 13000.0], [4322.65, 1285.0], [4322.7, 4282.0], [4322.85, 7617.0], [4322.9, 20000.0], [4323.0, 48824.0], [4323.1, 10818.0], [4323.15, 142481.0], [4323.2, 12330.0], [4323.25, 29830.0], [4323.4, 19549.0], [4323.45, 10819.0], [4323.6, 4343.0], [4323.65, 796.0]]}}}
{"jsonrpc": "2.0", "method": "subscription", "params": {"channel": "book.ETH-PERPETUAL.none.20.100ms", "data": {"timestamp": 1756859878674, "change_id": 84950194472, "instrument_name": "ETH-PERPETUAL", "bids": [[4321.95, 29725.0], [4321.9, 10380.0], [4321.85, 20300.0], [4321.8, 53661.0], [4321.75, 108146.0], [4321.65, 6000.0], [4321.6, 17500.0], [4321.5, 95.0], [4321.4, 10798.0], [4321.35, 13000.0], [4321.25, 14.0], [4321.2, 67822.0], [4321.15, 123199.0], [4321.0, 16736.0], [4320.8, 4459.0], [4320.75, 5409.0], [4320.6, 15143.0], [4320.55, 1229.0], [4320.5, 49.0], [4320.45, 1072.0]], "asks": [[4322.0, 500.0], [4322.05, 3000.0], [4322.15, 6000.0], [4322.25, 10879.0], [4322.4, 38434.0], [4322.45, 9513.0], [4322.5, 13000.0], [4322.55, 20000.0], [4322.65, 1285.0], [4322.7, 4282.0], [4322.95, 1617.0], [4323.0, 48824.0], [4323.1, 10818.0], [4323.15, 142481.0], [4323.2, 12330.0], [4323.25, 29830.0], [4323.4, 19549.0], [4323.45, 10819.0], [4323.6, 4343.0], [4323.65, 796.0]]}}}
{"jsonrpc": "2.0", "method": "subscription", "params": {"channel": "book.ETH-PERPETUAL.none.20.100ms", "data": {"timestamp": 1756859879023, "change_id": 84950194725, "instrument_name": "ETH-PERPETUAL", "bids": [[4321.95, 47225.0], [4321.9, 10380.0], [4321.85, 20300.0], [4321.8, 53661.0], [4321.75, 108146.0], [4321.65, 6000.0], [4321.5, 95.0], [4321.4, 10798.0], [4321.35, 13000.0], [4321.25, 14.0], [4321.2, 67822.0], [4321.15, 123199.0], [4321.0, 16736.0], [4320.8, 4459.0], [4320.75, 5409.0], [4320.6, 15143.0], [4320.55, 1229.0], [4320.5, 49.0], [4320.45, 1072.0], [4320.4, 3873.0]], "asks": [[4322.0, 600.0], [4322.05, 3000.0], [4322.1, 1800.0], [4322.15, 6000.0], [4322.25, 10879.0], [4322.4, 38434.0], [4322.45, 9413.0], [4322.5, 13000.0], [4322.55, 20000.0], [4322.65, 1285.0], [4322.7, 4282.0], [4322.95, 1617.0], [4323.0, 48824.0], [4323.1, 10818.0], [4323.15, 142481.0], [4323.2, 12330.0], [4323.25, 29830.0], [4323.4, 19549.0], [4323.45, 10819.0], [4323.6, 4343.0]]}}}
{"jsonrpc": "2.0", "method": "subscription", "params": {"channel": "book.ETH-PERPETUAL.none.20.100ms", "data": {"timestamp": 1756859879285, "change_id": 84950195145, "instrument_name": "ETH-PERPETUAL", "bids": [[4321.95, 29725.0], [4321.9, 10380.0], [4321.85, 20300.0], [4321.8, 53661.0], [4321.75, 108146.0], [4321.65, 6000.0], [4321.6, 17500.0], [4321.5, 95.0], [4321.4, 10798.0], [4321.35, 13000.0], [4321.25, 14.0], [4321.2, 67822.0], [4321.15, 123199.0], [4321.0, 16736.0], [4320.8, 4459.0], [4320.75, 5409.0], [4320.6, 15143.0], [4320.55, 1229.0], [4320.5, 49.0], [4320.45, 1072.0]], "asks": [[4322.0, 20600.0], [4322.05, 3000.0], [4322.1, 1800.0], [4322.15, 6000.0], [4322.25, 15472.0], [4322.35, 17300.0], [4322.4, 38434.0], [4322.45, 3900.0], [4322.5, 13000.0], [4322.65, 1285.0], [4322.7, 4282.0], [4322.95, 1617.0], [4323.0, 48824.0], [4323.1, 10818.0], [4323.15, 142481.0], [4323.2, 12330.0], [4323.25, 29830.0], [4323.4, 19549.0], [4323.45, 10819.0], [4323.6, 4343.0]]}}}
{"jsonrpc": "2.0", "method": "subscription", "params": {"channel": "book.ETH-PERPETUAL.none.20.100ms", "data": {"timestamp": 1756859879699, "change_id": 84950195646, "instrument_name": "ETH-PERPETUAL", "bids": [[4321.95, 47275.0], [4321.9, 10380.0], [4321.85, 20300.0], [4321.8, 53661.0], [4321.75, 108146.0], [4321.65, 6000.0], [4321.5, 95.0], [4321.4, 10798.0], [4321.35, 13000.0], [4321.25, 14.0], [4321.2, 67822.0], [4321.15, 123199.0], [4321.0, 16736.0], [4320.8, 4459.0], [4320.75, 5409.0], [4320.6, 15143.0], [4320.55, 1229.0], [4320.5, 49.0], [4320.45, 1072.0], [4320.4, 3873.0]], "asks": [[4322.0, 20600.0], [4322.05, 3000.0], [4322.1, 1800.0], [4322.15, 6000.0], [4322.25, 15472.0], [4322.35, 17300.0], [4322.4, 38434.0], [4322.45, 3900.0], [4322.5, 13000.0], [4322.65, 1285.0], [4322.7, 4282.0], [4322.95, 1617.0], [4323.0, 48824.0], [4323.1, 10818.0], [4323.15, 142481.0], [4323.2, 12330.0], [4323.25, 29830.0], [4323.4, 19549.0], [4323.45, 10819.0], [4323.6, 4343.0]]}}}
{"jsonrpc": "2.0", "method": "subscription", "params": {"channel": "book.ETH-PERPETUAL.none.20.100ms", "data": {"timestamp": 1756859880022, "change_id": 84950196020, "instrument_name": "ETH-PERPETUAL", "bids": [[4321.95, 1251.0], [4321.75, 108146.0], [4321.65, 70.0], [4321.55, 4000.0], [4321.5, 95.0], [4321.4, 25285.0], [4321.25, 17514.0], [4321.2, 67822.0], [4321.15, 123199.0], [4321.0, 16736.0], [4320.8, 4459.0], [4320.75, 5409.0], [4320.6, 10806.0], [4320.55, 1229.0], [4320.5, 49.0], [4320.45, 1072.0], [4320.4, 3873.0], [4320.35, 10806.0], [4320.1, 1313.0], [4320.05, 4282.0]], "asks": [[4322.0, 34073.0], [4322.05, 3000.0], [4322.1, 1800.0], [4322.15, 6000.0], [4322.25, 15472.0], [4322.35, 30300.0], [4322.4, 38434.0], [4322.65, 1285.0], [4322.7, 4282.0], [4322.95, 1617.0], [4323.0, 48824.0], [4323.1, 10818.0], [4323.15, 142481.0], [4323.2, 12330.0], [4323.25, 29830.0], [4323.4, 19549.0], [4323.45, 10819.0], [4323.6, 4343.0], [4323.65, 20801.0], [4323.7, 10807.0]]}}}
{"jsonrpc": "2.0", "method": "subscription", "params": {"channel": "book.ETH-PERPETUAL.none.20.100ms", "data": {"timestamp": 1756859880353, "change_id": 84950196699, "instrument_name": "ETH-PERPETUAL", "bids": [[4321.95, 15705.0], [4321.75, 108146.0], [4321.6, 9419.0], [4321.55, 17300.0], [4321.5, 95.0], [4321.4, 25285.0], [4321.35, 70.0], [4321.25, 17514.0], [4321.2, 67822.0], [4321.15, 123199.0], [4321.0, 16736.0], [4320.8, 4459.0], [4320.75, 5409.0], [4320.6, 10806.0], [4320.55, 1229.0], [4320.5, 49.0], [4320.45, 1072.0], [4320.4, 3873.0], [4320.35, 10806.0], [4320.1, 1313.0]], "asks": [[4322.0, 34073.0], [4322.05, 3000.0], [4322.1, 1800.0], [4322.15, 6000.0], [4322.25, 15472.0], [4322.35, 30300.0], [4322.4, 38434.0], [4322.65, 1285.0], [4322.7, 4282.0], [4322.95, 1617.0], [4323.0, 48824.0], [4323.1, 10818.0], [4323.15, 142481.0], [4323.2, 12330.0], [4323.25, 29830.0], [4323.4, 19549.0], [4323.45, 10819.0], [4323.6, 30654.0], [4323.65, 796.0], [4323.7, 10807.0]]}}}
{"jsonrpc": "2.0", "method": "subscription", "params": {"channel": "book.ETH-PERPETUAL.none.20.100ms", "data": {"timestamp": 1756859880569, "change_id": 84950196947, "instrument_name": "ETH-PERPETUAL", "bids": [[4321.95, 29775.0], [4321.8, 32444.0], [4321.75, 108146.0], [4321.6, 9816.0], [4321.55, 34800.0], [4321.5, 95.0], [4321.4, 6898.0], [4321.25, 14.0], [4321.2, 67822.0], [4321.15, 123199.0], [4321.0, 16736.0], [4320.8, 4459.0], [4320.75, 5409.0], [4320.6, 15143.0], [4320.55, 1229.0], [4320.5, 49.0], [4320.45, 1072.0], [4320.4, 3873.0], [4320.35, 10806.0], [4320.1, 1313.0]], "asks": [[4322.0, 600.0], [4322.25, 99.0], [4322.35, 11530.0], [4322.4, 38434.0], [4322.5, 5513.0], [4322.6, 20000.0], [4322.65, 1285.0], [4322.7, 4282.0], [4322.95, 1617.0], [4323.0, 48824.0], [4323.1, 10818.0], [4323.15, 142481.0], [4323.2, 12330.0], [4323.25, 29830.0], [4323.4, 19549.0], [4323.45, 10819.0], [4323.6, 30654.0], [4323.65, 796.0], [4323.7, 10807.0], [4323.8, 56095.0]]}}}
{"jsonrpc": "2.0", "method": "subscription", "params": {"channel": "book.ETH-PERPETUAL.none.20.100ms", "data": {"timestamp": 1756859880972, "change_id": 84950197437, "instrument_name": "ETH-PERPETUAL", "bids": [[4321.95, 47275.0], [4321.8, 32444.0], [4321.75, 108146.0], [4321.7, 6000.0], [4321.6, 5219.0], [4321.55, 17300.0], [4321.5, 95.0], [4321.4, 6898.0], [4321.25, 14.0], [4321.2, 67822.0], [4321.15, 123199.0], [4321.0, 16736.0], [4320.8, 4459.0], [4320.75, 5409.0], [4320.6, 15143.0], [4320.55, 1229.0], [4320.5, 49.0], [4320.45, 1072.0], [4320.4, 3873.0], [4320.35, 10806.0]], "asks": [[4322.0, 600.0], [4322.25, 99.0], [4322.35, 11530.0], [4322.4, 38434.0], [4322.5, 5513.0], [4322.6, 20000.0], [4322.65, 1285.0], [4322.7, 4282.0], [4322.95, 1617.0], [4323.0, 48824.0], [4323.1, 10818.0], [4323.15, 142481.0], [4323.2, 12330.0], [4323.25, 29830.0], [4323.4, 19549.0], [4323.45, 10819.0], [4323.6, 30654.0], [4323.65, 796.0], [4323.7, 10807.0], [4323.8, 56095.0]]}}}
{"jsonrpc": "2.0", "method": "subscription", "params": {"channel": "book.ETH-PERPETUAL.none.20.100ms", "data": {"timestamp": 1756859881318, "change_id": 84950198263, "instrument_name": "ETH-PERPETUAL", "bids": [[4321.95, 64575.0], [4321.9, 10519.0], [4321.85, 17300.0], [4321.8, 55744.0], [4321.75, 108146.0], [4321.6, 5219.0], [4321.55, 17300.0], [4321.5, 4432.0], [4321.4, 6898.0], [4321.25, 14.0], [4321.2, 67822.0], [4321.15, 123199.0], [4321.05, 4337.0], [4321.0, 16736.0], [4320.8, 4459.0], [4320.75, 5409.0], [4320.6, 15143.0], [4320.5, 49.0], [4320.45, 1072.0], [4320.4, 3873.0]], "asks": [[4322.0, 500.0], [4322.25, 99.0], [4322.95, 1617.0], [4323.0, 48924.0], [4323.15, 127481.0], [4323.2, 3381.0], [4323.4, 23344.0], [4323.45, 10819.0], [4323.6, 18890.0], [4323.65, 4038.0], [4323.7, 10807.0], [4323.9, 26397.0], [4323.95, 10707.0], [4324.0, 199.0], [4324.05, 1323.0], [4324.1, 4410.0], [4324.2, 3212.0], [4324.25, 10707.0], [4324.35, 21117.0], [4324.45, 4437.0]]}}}
{"jsonrpc": "2.0", "method": "subscription", "params": {"channel": "book.ETH-PERPETUAL.none.20.100ms", "data": {"timestamp": 1756859881647, "change_id": 84950199389, "instrument_name": "ETH-PERPETUAL", "bids": [[4321.95, 15705.0], [4321.6, 34268.0], [4321.55, 108130.0], [4321.5, 95.0], [4321.45, 6000.0], [4321.3, 1230.0], [4321.25, 14.0], [4321.2, 44844.0], [4321.15, 123199.0], [4321.1, 70.0], [4321.0, 16736.0], [4320.9, 6893.0], [4320.85, 22978.0], [4320.8, 9557.0], [4320.75, 5409.0], [4320.7, 17500.0], [4320.6, 10806.0], [4320.5, 1147.0], [4320.45, 1072.0], [4320.4, 3873.0]], "asks": [[4322.0, 26389.0], [4322.25, 99.0], [4322.9, 569.0], [4322.95, 1617.0], [4323.0, 48824.0], [4323.15, 127481.0], [4323.2, 14182.0], [4323.4, 23344.0], [4323.45, 10819.0], [4323.55, 20004.0], [4323.6, 18890.0], [4323.65, 23242.0], [4323.7, 10807.0], [4323.9, 26397.0], [4323.95, 10707.0], [4324.0, 199.0], [4324.05, 19104.0], [4324.1, 4410.0], [4324.15, 797.0], [4324.2, 3212.0]]}}}
{"jsonrpc": "2.0", "method": "subscription", "params": {"channel": "book.ETH-PERPETUAL.none.20.100ms", "data": {"timestamp": 1756859882009, "change_id": 84950200073, "instrument_name": "ETH-PERPETUAL", "bids": [[4321.95, 29775.0], [4321.9, 34239.0], [4321.85, 108129.0], [4321.8, 6000.0], [4321.5, 95.0], [4321.4, 5623.0], [4321.35, 17500.0], [4321.25, 14.0], [4321.2, 44844.0], [4321.15, 123199.0], [4321.0, 16736.0], [4320.9, 6893.0], [4320.85, 22978.0], [4320.75, 5409.0], [4320.6, 15143.0], [4320.5, 49.0], [4320.45, 1072.0], [4320.4, 3873.0], [4320.35, 10806.0], [4320.15, 10801.0]], "asks": [[4322.0, 500.0], [4322.25, 99.0], [4322.45, 4337.0], [4322.85, 100.0], [4322.95, 1617.0], [4323.0, 48824.0], [4323.1, 15664.0], [4323.15, 147481.0], [4323.2, 14182.0], [4323.4, 19549.0], [4323.45, 10819.0], [4323.6, 4343.0], [4323.65, 3242.0], [4323.7, 10807.0], [4323.9, 26397.0], [4323.95, 10707.0], [4324.0, 199.0], [4324.05, 1323.0], [4324.1, 5648.0], [4324.15, 797.0]]}}}
{"jsonrpc": "2.0", "method": "subscription", "params": {"channel": "book.ETH-PERPETUAL.none.20.100ms", "data": {"timestamp": 1756859882299, "change_id": 84950200708, "instrument_name": "ETH-PERPETUAL", "bids": [[4321.95, 64575.0], [4321.9, 54539.0], [4321.85, 108129.0], [4321.8, 6000.0], [4321.5, 95.0], [4321.3, 1230.0], [4321.25, 14.0], [4321.2, 44844.0], [4321.15, 123199.0], [4321.05, 4337.0], [4321.0, 16736.0], [4320.9, 6893.0], [4320.85, 22978.0], [4320.75, 5409.0], [4320.6, 15143.0], [4320.5, 49.0], [4320.45, 1072.0], [4320.4, 3873.0], [4320.35, 10806.0], [4320.2, 4553.0]], "asks": [[4322.0, 500.0], [4322.25, 99.0], [4322.35, 3420.0], [4322.4, 11400.0], [4322.7, 13449.0], [4322.75, 33920.0], [4322.85, 100.0], [4322.95, 1617.0], [4323.0, 48824.0], [4323.15, 147481.0], [4323.2, 14182.0], [4323.4, 23344.0], [4323.45, 10819.0], [4323.6, 18890.0], [4323.65, 3242.0], [4323.7, 10807.0], [4323.85, 11191.0], [4323.9, 26397.0], [4323.95, 10707.0], [4324.0, 199.0]]}}}
{"jsonrpc": "2.0", "method": "subscription", "params": {"channel": "book.ETH-PERPETUAL.none.20.100ms", "data": {"timestamp": 1756859882656, "change_id": 84950201321, "instrument_name": "ETH-PERPETUAL", "bids": [[4321.95, 64575.0], [4321.9, 54539.0], [4321.85, 108129.0], [4321.8, 6000.0], [4321.6, 6922.0], [4321.55, 22978.0], [4321.5, 4432.0], [4321.25, 14.0], [4321.2, 44844.0], [4321.15, 123199.0], [4321.05, 4337.0], [4321.0, 16736.0], [4320.75, 5409.0], [4320.6, 15143.0], [4320.5, 49.0], [4320.45, 1072.0], [4320.4, 3873.0], [4320.35, 10806.0], [4320.2, 4553.0], [4320.15, 11899.0]], "asks": [[4322.0, 500.0], [4322.25, 99.0], [4322.6, 100.0], [4322.7, 13449.0], [4322.75, 33920.0], [4322.8, 20000.0], [4322.95, 1617.0], [4323.0, 48824.0], [4323.15, 127481.0], [4323.2, 14182.0], [4323.4, 23344.0], [4323.45, 10819.0], [4323.6, 18890.0], [4323.65, 3242.0], [4323.7, 10807.0], [4323.85, 11191.0], [4323.9, 26397.0], [4323.95, 10707.0], [4324.0, 199.0], [4324.05, 21327.0]]}}}
{"jsonrpc": "2.0", "method": "subscription", "params": {"channel": "book.ETH-PERPETUAL.none.20.100ms", "data": {"timestamp": 1756859882998, "change_id": 84950201792, "instrument_name": "ETH-PERPETUAL", "bids": [[4321.95, 15705.0], [4321.85, 108129.0], [4321.5, 95.0], [4321.25, 14.0], [4321.2, 44844.0], [4321.15, 159177.0], [4321.1, 70.0], [4321.0, 34236.0], [4320.85, 1229.0], [4320.75, 5409.0], [4320.6, 15143.0], [4320.5, 49.0], [4320.45, 1072.0], [4320.4, 3873.0], [4320.35, 10806.0], [4320.2, 4553.0], [4320.15, 10801.0], [4320.05, 4282.0], [4320.0, 93.0], [4319.9, 3242.0]], "asks": [[4322.0, 9626.0], [4322.05, 4800.0], [4322.1, 6000.0], [4322.25, 99.0], [4322.3, 3930.0], [4322.35, 13000.0], [4322.4, 1331.0], [4322.45, 4337.0], [4322.7, 13449.0], [4322.75, 33920.0], [4322.8, 20000.0], [4322.95, 1617.0], [4323.0, 48824.0], [4323.15, 127481.0], [4323.2, 14182.0], [4323.4, 23344.0], [4323.45, 11931.0], [4323.6, 38894.0], [4323.65, 3242.0], [4323.7, 10807.0]]}}}
{"jsonrpc": "2.0", "method": "subscription", "params": {"channel": "book.ETH-PERPETUAL.none.20.100ms", "data": {"timestamp": 1756859883333, "change_id": 84950202557, "instrument_name": "ETH-PERPETUAL", "bids": [[4321.95, 50.0], [4321.75, 108125.0], [4321.55, 17300.0], [4321.5, 95.0], [4321.3, 4204.0], [4321.25, 14014.0], [4321.2, 44844.0], [4321.15, 123199.0], [4321.1, 70.0], [4321.0, 34236.0], [4320.95, 3900.0], [4320.9, 13000.0], [4320.8, 4865.0], [4320.75, 5409.0], [4320.6, 10806.0], [4320.5, 49.0], [4320.45, 1072.0], [4320.4, 3873.0], [4320.35, 10806.0], [4320.2, 4553.0]], "asks": [[4322.0, 33963.0], [4322.05, 4800.0], [4322.1, 6000.0], [4322.2, 12810.0], [4322.25, 17399.0], [4322.3, 16100.0], [4322.35, 13000.0], [4322.4, 1331.0], [4322.45, 4337.0], [4322.7, 13449.0], [4322.75, 33920.0], [4322.95, 1617.0], [4323.0, 48824.0], [4323.1, 14548.0], [4323.15, 127481.0], [4323.2, 14182.0], [4323.35, 1238.0], [4323.4, 23344.0], [4323.45, 11931.0], [4323.6, 24347.0]]}}}
{"jsonrpc": "2.0", "method": "subscription", "params": {"channel": "book.ETH-PERPETUAL.none.20.100ms", "data": {"timestamp": 1756859883655, "change_id": 84950203151, "instrument_name": "ETH-PERPETUAL", "bids": [[4321.95, 50.0], [4321.75, 108125.0], [4321.5, 95.0], [4321.3, 4204.0], [4321.25, 17014.0], [4321.2, 44844.0], [4321.15, 123199.0], [4321.05, 6000.0], [4321.0, 18049.0], [4320.8, 12834.0], [4320.75, 28387.0], [4320.7, 5382.0], [4320.6, 10806.0], [4320.5, 49.0], [4320.45, 1072.0], [4320.4, 3873.0], [4320.35, 10806.0], [4320.2, 4553.0], [4320.15, 10801.0], [4320.05, 5511.0]], "asks": [[4322.0, 33963.0], [4322.05, 4800.0], [4322.1, 6000.0], [4322.2, 27348.0], [4322.25, 17399.0], [4322.3, 16100.0], [4322.35, 13000.0], [4322.4, 94151.0], [4322.45, 27315.0], [4322.5, 123199.0], [4322.7, 13449.0], [4322.75, 33920.0], [4322.95, 1617.0], [4323.0, 12112.0], [4323.1, 14548.0], [4323.15, 4282.0], [4323.2, 14182.0], [4323.35, 21242.0], [4323.4, 19549.0], [4323.45, 11931.0]]}}}
{"jsonrpc": "2.0", "method": "subscription", "params": {"channel": "book.ETH-PERPETUAL.none.20.100ms", "data": {"timestamp": 1756859883979, "change_id": 84950203475, "instrument_name": "ETH-PERPETUAL", "bids": [[4321.95, 50.0], [4321.75, 108125.0], [4321.5, 95.0], [4321.35, 3000.0], [4321.3, 4204.0], [4321.25, 20014.0], [4321.2, 44844.0], [4321.15, 123199.0], [4321.0, 18049.0], [4320.8, 12834.0], [4320.75, 28387.0], [4320.7, 5382.0], [4320.6, 10806.0], [4320.5, 49.0], [4320.45, 1072.0], [4320.4, 3873.0], [4320.35, 10806.0], [4320.2, 4553.0], [4320.15, 10801.0], [4320.05, 5511.0]], "asks": [[4322.0, 33963.0], [4322.05, 4800.0], [4322.1, 6000.0], [4322.2, 27348.0], [4322.25, 17399.0], [4322.3, 16100.0], [4322.35, 13000.0], [4322.4, 94151.0], [4322.45, 27315.0], [4322.5, 123199.0], [4322.7, 13449.0], [4322.75, 33920.0], [4322.9, 10565.0], [4322.95, 29828.0], [4323.0, 12112.0], [4323.1, 14548.0], [4323.15, 4282.0], [4323.2, 14182.0], [4323.35, 1238.0], [4323.4, 39553.0]]}}}
{"jsonrpc": "2.0", "method": "subscription", "params": {"channel": "book.ETH-PERPETUAL.none.20.100ms", "data": {"timestamp": 1756859884325, "change_id": 84950204053, "instrument_name": "ETH-PERPETUAL", "bids": [[4321.95, 50.0], [4321.75, 108125.0], [4321.5, 95.0], [4321.25, 14.0], [4321.2, 44844.0], [4321.15, 123199.0], [4321.0, 549.0], [4320.85, 4221.0], [4320.8, 26834.0], [4320.75, 28387.0], [4320.7, 5382.0], [4320.65, 17500.0], [4320.6, 10806.0], [4320.5, 49.0], [4320.45, 1072.0], [4320.4, 3873.0], [4320.35, 10806.0], [4320.2, 4553.0], [4320.15, 10801.0], [4320.05, 1229.0]], "asks": [[4322.0, 51263.0], [4322.05, 26195.0], [4322.1, 6000.0], [4322.15, 14400.0], [4322.2, 57968.0], [4322.25, 108223.0], [4322.35, 13000.0], [4322.4, 94151.0], [4322.45, 27315.0], [4322.5, 123199.0], [4322.9, 10565.0], [4322.95, 29828.0], [4323.0, 12112.0], [4323.1, 14548.0], [4323.15, 4282.0], [4323.2, 14182.0], [4323.35, 21242.0], [4323.4, 19549.0], [4323.45, 11931.0], [4323.6, 4343.0]]}}}
{"jsonrpc": "2.0", "method": "subscription", "params": {"channel": "book.ETH-PERPETUAL.none.20.100ms", "data": {"timestamp": 1756859884585, "change_id": 84950204504, "instrument_name": "ETH-PERPETUAL", "bids": [[4321.95, 50.0], [4321.75, 108125.0], [4321.5, 95.0], [4321.25, 14.0], [4321.2, 44844.0], [4321.15, 123199.0], [4321.0, 549.0], [4320.85, 4221.0], [4320.8, 26834.0], [4320.75, 28387.0], [4320.7, 5382.0], [4320.65, 17500.0], [4320.6, 10806.0], [4320.5, 49.0], [4320.45, 1072.0], [4320.4, 3873.0], [4320.35, 10806.0], [4320.2, 4553.0], [4320.15, 10801.0], [4320.05, 1229.0]], "asks": [[4322.0, 51305.0], [4322.05, 26195.0], [4322.1, 6000.0], [4322.15, 14400.0], [4322.2, 57968.0], [4322.25, 108223.0], [4322.35, 13000.0], [4322.4, 94151.0], [4322.45, 27315.0], [4322.5, 123199.0], [4322.9, 10565.0], [4322.95, 29828.0], [4323.0, 12112.0], [4323.1, 14548.0], [4323.15, 24286.0], [4323.2, 14182.0], [4323.35, 1238.0], [4323.4, 19549.0], [4323.45, 11931.0], [4323.6, 4343.0]]}}}
{"jsonrpc": "2.0", "method": "subscription", "params": {"channel": "book.ETH-PERPETUAL.none.20.100ms", "data": {"timestamp": 1756859884967, "change_id": 84950204785, "instrument_name": "ETH-PERPETUAL", "bids": [[4321.95, 50.0], [4321.75, 108125.0], [4321.5, 95.0], [4321.25, 14.0], [4321.2, 44844.0], [4321.15, 123199.0], [4321.1, 6000.0], [4321.0, 549.0], [4320.85, 4221.0], [4320.8, 34997.0], [4320.75, 28387.0], [4320.7, 5382.0], [4320.65, 17500.0], [4320.6, 10806.0], [4320.5, 49.0], [4320.45, 1072.0], [4320.4, 3873.0], [4320.35, 10806.0], [4320.2, 4553.0], [4320.15, 10801.0]], "asks": [[4322.0, 51305.0], [4322.05, 4800.0], [4322.1, 6000.0], [4322.2, 57968.0], [4322.25, 108223.0], [4322.35, 13000.0], [4322.4, 94151.0], [4322.45, 27315.0], [4322.5, 123199.0], [4322.9, 10565.0], [4322.95, 29828.0], [4323.0, 12112.0], [4323.1, 14548.0], [4323.15, 24286.0], [4323.2, 14182.0], [4323.35, 1238.0], [4323.4, 20345.0], [4323.45, 11931.0], [4323.6, 4343.0], [4323.65, 21023.0]]}}}
{"jsonrpc": "2.0", "method": "subscription", "params": {"channel": "book.ETH-PERPETUAL.none.20.100ms", "data": {"timestamp": 1756859885262, "change_id": 84950205263, "instrument_name": "ETH-PERPETUAL", "bids": [[4321.95, 50.0], [4321.75, 108125.0], [4321.55, 17300.0], [4321.5, 95.0], [4321.25, 14.0], [4321.2, 44844.0], [4321.15, 137199.0], [4321.05, 70.0], [4321.0, 5799.0], [4320.95, 17500.0], [4320.8, 13373.0], [4320.75, 28387.0], [4320.7, 5382.0], [4320.6, 10806.0], [4320.5, 49.0], [4320.45, 1072.0], [4320.4, 3873.0], [4320.35, 10806.0], [4320.2, 4553.0], [4320.15, 10801.0]], "asks": [[4322.0, 51263.0], [4322.05, 14500.0], [4322.1, 6000.0], [4322.2, 57968.0], [4322.25, 108223.0], [4322.35, 13000.0], [4322.4, 94151.0], [4322.45, 27315.0], [4322.5, 123199.0], [4322.9, 10565.0], [4322.95, 29828.0], [4323.0, 12112.0], [4323.1, 14548.0], [4323.15, 4282.0], [4323.2, 14182.0], [4323.35, 21242.0], [4323.4, 20345.0], [4323.45, 11931.0], [4323.6, 4343.0], [4323.65, 21023.0]]}}}
{"jsonrpc": "2.0", "method": "subscription", "params": {"channel": "book.ETH-PERPETUAL.none.20.100ms", "data": {"timestamp": 1756859885648, "change_id": 84950205780, "instrument_name": "ETH-PERPETUAL", "bids": [[4321.95, 14504.0], [4321.5, 95.0], [4321.4, 3000.0], [4321.25, 32451.0], [4321.2, 152966.0], [4321.15, 137199.0], [4321.05, 70.0], [4321.0, 9043.0], [4320.95, 17500.0], [4320.85, 13000.0], [4320.8, 13373.0], [4320.75, 28387.0], [4320.7, 5382.0], [4320.6, 10806.0], [4320.5, 49.0], [4320.45, 1072.0], [4320.4, 3873.0], [4320.35, 10806.0], [4320.2, 4553.0], [4320.15, 10801.0]], "asks": [[4322.0, 34005.0], [4322.05, 4800.0], [4322.1, 6000.0], [4322.2, 18930.0], [4322.25, 99.0], [4322.35, 13000.0], [4322.4, 94151.0], [4322.45, 27315.0], [4322.5, 123199.0], [4322.9, 10565.0], [4322.95, 29828.0], [4323.0, 12112.0], [4323.1, 14548.0], [4323.15, 24286.0], [4323.2, 14182.0], [4323.35, 1238.0], [4323.4, 20345.0], [4323.45, 11931.0], [4323.6, 12919.0], [4323.65, 17781.0]]}}}
{"jsonrpc": "2.0", "method": "subscription", "params": {"channel": "book.ETH-PERPETUAL.none.20.100ms", "data": {"timestamp": 1756859885927, "change_id": 84950206174, "instrument_name": "ETH-PERPETUAL", "bids": [[4321.95, 14504.0], [4321.5, 95.0], [4321.3, 70.0], [4321.25, 49951.0], [4321.2, 152966.0], [4321.15, 137199.0], [4321.0, 3132.0], [4320.85, 10799.0], [4320.8, 13373.0], [4320.75, 28387.0], [4320.7, 5382.0], [4320.6, 10806.0], [4320.5, 49.0], [4320.45, 1072.0], [4320.4, 3873.0], [4320.35, 10806.0], [4320.15, 10801.0], [4320.0, 93.0], [4319.9, 3242.0], [4319.85, 10807.0]], "asks": [[4322.0, 33963.0], [4322.05, 4800.0], [4322.1, 6000.0], [4322.2, 18930.0], [4322.25, 99.0], [4322.35, 13000.0], [4322.4, 94151.0], [4322.45, 27315.0], [4322.5, 123199.0], [4322.9, 10565.0], [4322.95, 29828.0], [4323.0, 12112.0], [4323.1, 14548.0], [4323.15, 4282.0], [4323.2, 14182.0], [4323.35, 1238.0], [4323.4, 40349.0], [4323.45, 11931.0], [4323.6, 4343.0], [4323.7, 10807.0]]}}}
{"jsonrpc": "2.0", "method": "subscription", "params": {"channel": "book.ETH-PERPETUAL.none.20.100ms", "data": {"timestamp": 1756859886294, "change_id": 84950206966, "instrument_name": "ETH-PERPETUAL", "bids": [[4321.95, 47275.0], [4321.5, 95.0], [4321.25, 32451.0], [4321.2, 152966.0], [4321.15, 123199.0], [4321.0, 3132.0], [4320.85, 10799.0], [4320.8, 14602.0], [4320.75, 28387.0], [4320.7, 5382.0], [4320.6, 10806.0], [4320.5, 49.0], [4320.45, 1072.0], [4320.4, 3873.0], [4320.35, 10806.0], [4320.15, 15180.0], [4320.0, 93.0], [4319.9, 3242.0], [4319.85, 10807.0], [4319.8, 1633.0]], "asks": [[4322.0, 4837.0], [4322.05, 3000.0], [4322.1, 38435.0], [4322.15, 108118.0], [4322.2, 18930.0], [4322.25, 99.0], [4322.4, 94151.0], [4322.45, 4337.0], [4322.5, 123199.0], [4322.6, 100.0], [4322.8, 1617.0], [4323.0, 12112.0], [4323.1, 14548.0], [4323.15, 4282.0], [4323.2, 14182.0], [4323.25, 22978.0], [4323.4, 20345.0], [4323.45, 10819.0], [4323.6, 4343.0], [4323.7, 10807.0]]}}}
{"jsonrpc": "2.0", "method": "subscription", "params": {"channel": "book.ETH-PERPETUAL.none.20.100ms", "data": {"timestamp": 1756859886540, "change_id": 84950207324, "instrument_name": "ETH-PERPETUAL", "bids": [[4321.95, 47275.0], [4321.75, 1800.0], [4321.6, 38464.0], [4321.55, 108118.0], [4321.5, 95.0], [4321.3, 3904.0], [4321.25, 13014.0], [4321.2, 44844.0], [4321.15, 123199.0], [4321.0, 3132.0], [4320.85, 10799.0], [4320.8, 14602.0], [4320.75, 28387.0], [4320.7, 5382.0], [4320.6, 10806.0], [4320.5, 49.0], [4320.45, 1072.0], [4320.4, 3873.0], [4320.35, 10806.0], [4320.2, 4582.0]], "asks": [[4322.0, 4837.0], [4322.05, 3000.0], [4322.1, 6000.0], [4322.15, 108118.0], [4322.2, 18930.0], [4322.25, 99.0], [4322.35, 13100.0], [4322.4, 94151.0], [4322.45, 4337.0], [4322.5, 123199.0], [4322.55, 20000.0], [4322.8, 1617.0], [4323.0, 12112.0], [4323.1, 14548.0], [4323.15, 4282.0], [4323.2, 14182.0], [4323.25, 22978.0], [4323.4, 20345.0], [4323.45, 10819.0], [4323.6, 4343.0]]}}}
{"jsonrpc": "2.0", "method": "subscription", "params": {"channel": "book.ETH-PERPETUAL.none.20.100ms", "data": {"timestamp": 1756859886964, "change_id": 84950208123, "instrument_name": "ETH-PERPETUAL", "bids": [[4321.95, 15775.0], [4321.7, 3000.0], [4321.6, 32464.0], [4321.55, 108118.0], [4321.5, 95.0], [4321.45, 6000.0], [4321.4, 14000.0], [4321.35, 9154.0], [4321.3, 17500.0], [4321.25, 13014.0], [4321.2, 44844.0], [4321.15, 123199.0], [4321.0, 3132.0], [4320.85, 10799.0], [4320.8, 14602.0], [4320.75, 28387.0], [4320.7, 5382.0], [4320.6, 10806.0], [4320.5, 49.0], [4320.45, 1072.0]], "asks": [[4322.0, 4937.0], [4322.05, 4800.0], [4322.1, 6000.0], [4322.2, 48998.0], [4322.25, 99.0], [4322.35, 13000.0], [4322.4, 202267.0], [4322.45, 4337.0], [4322.5, 123199.0], [4322.55, 20000.0], [4322.8, 1617.0], [4323.0, 12112.0], [4323.1, 14548.0], [4323.15, 4282.0], [4323.2, 14182.0], [4323.25, 22978.0], [4323.4, 20345.0], [4323.45, 10819.0], [4323.6, 4343.0], [4323.65, 20004.0]]}}}
{"jsonrpc": "2.0", "method": "subscription", "params": {"channel": "book.ETH-PERPETUAL.none.20.100ms", "data": {"timestamp": 1756859887297, "change_id": 84950208603, "instrument_name": "ETH-PERPETUAL", "bids": [[4321.95, 29775.0], [4321.7, 9731.0], [4321.65, 17300.0], [4321.6, 49764.0], [4321.55, 108118.0], [4321.5, 95.0], [4321.45, 6000.0], [4321.35, 9154.0], [4321.3, 17500.0], [4321.25, 13014.0], [4321.2, 44844.0], [4321.15, 123199.0], [4321.0, 3132.0], [4320.85, 10799.0], [4320.8, 14602.0], [4320.75, 28387.0], [4320.7, 5382.0], [4320.6, 10806.0], [4320.5, 49.0], [4320.45, 1072.0]], "asks": [[4322.0, 24937.0], [4322.05, 4800.0], [4322.1, 6000.0], [4322.2, 49028.0], [4322.25, 99.0], [4322.35, 13000.0], [4322.4, 202266.0], [4322.45, 4337.0], [4322.5, 123199.0], [4322.8, 10363.0], [4322.85, 29827.0], [4323.0, 12112.0], [4323.1, 14548.0], [4323.15, 4282.0], [4323.2, 14182.0], [4323.25, 22978.0], [4323.4, 20345.0], [4323.45, 10819.0], [4323.6, 56999.0], [4323.65, 20004.0]]}}}
{"jsonrpc": "2.0", "method": "subscription", "params": {"channel": "book.ETH-PERPETUAL.none.20.100ms", "data": {"timestamp": 1756859887560, "change_id": 84950208885, "instrument_name": "ETH-PERPETUAL", "bids": [[4321.95, 29775.0], [4321.7, 14414.0], [4321.65, 17300.0], [4321.6, 67264.0], [4321.55, 108118.0], [4321.5, 95.0], [4321.45, 6000.0], [4321.3, 3904.0], [4321.25, 13014.0], [4321.2, 44844.0], [4321.15, 123199.0], [4321.0, 3132.0], [4320.85, 10799.0], [4320.8, 14602.0], [4320.75, 28387.0], [4320.7, 5382.0], [4320.6, 10806.0], [4320.5, 49.0], [4320.45, 1072.0], [4320.4, 3873.0]], "asks": [[4322.0, 24937.0], [4322.05, 4800.0], [4322.1, 6000.0], [4322.2, 49028.0], [4322.25, 99.0], [4322.35, 13000.0], [4322.4, 202266.0], [4322.45, 4337.0], [4322.5, 123199.0], [4322.8, 10363.0], [4322.85, 29827.0], [4323.0, 12112.0], [4323.1, 14548.0], [4323.15, 4282.0], [4323.2, 14182.0], [4323.25, 22978.0], [4323.4, 35573.0], [4323.45, 10819.0], [4323.6, 56999.0], [4323.65, 20004.0]]}}}
{"jsonrpc": "2.0", "method": "subscription", "params": {"channel": "book.ETH-PERPETUAL.none.20.100ms", "data": {"timestamp": 1756859887808, "change_id": 84950209266, "instrument_name": "ETH-PERPETUAL", "bids": [[4321.95, 29775.0], [4321.7, 14414.0], [4321.65, 20300.0], [4321.6, 67264.0], [4321.55, 108118.0], [4321.5, 95.0], [4321.45, 6000.0], [4321.3, 3904.0], [4321.25, 13014.0], [4321.2, 44844.0], [4321.15, 123199.0], [4321.0, 3132.0], [4320.85, 10799.0], [4320.8, 14602.0], [4320.75, 28387.0], [4320.7, 5382.0], [4320.6, 10806.0], [4320.5, 49.0], [4320.45, 1072.0], [4320.4, 3873.0]], "asks": [[4322.0, 24937.0], [4322.05, 4800.0], [4322.1, 6000.0], [4322.2, 49028.0], [4322.25, 99.0], [4322.35, 13000.0], [4322.4, 202266.0], [4322.45, 4337.0], [4322.5, 123199.0], [4322.8, 10363.0], [4322.85, 29827.0], [4323.0, 12112.0], [4323.1, 14548.0], [4323.15, 4282.0], [4323.2, 14182.0], [4323.25, 22978.0], [4323.4, 35573.0], [4323.45, 10819.0], [4323.6, 56999.0], [4323.65, 20004.0]]}}}
{"jsonrpc": "2.0", "method": "subscription", "params": {"channel": "book.ETH-PERPETUAL.none.20.100ms", "data": {"timestamp": 1756859888295, "change_id": 84950209716, "instrument_name": "ETH-PERPETUAL", "bids": [[4321.95, 29775.0], [4321.75, 17300.0], [4321.7, 14414.0], [4321.65, 20300.0], [4321.6, 49764.0], [4321.55, 125618.0], [4321.5, 95.0], [4321.45, 6000.0], [4321.3, 3904.0], [4321.25, 13014.0], [4321.2, 44844.0], [4321.15, 123199.0], [4321.0, 3132.0], [4320.85, 10799.0], [4320.8, 14602.0], [4320.75, 28387.0], [4320.7, 5382.0], [4320.6, 10806.0], [4320.5, 49.0], [4320.45, 1072.0]], "asks": [[4322.0, 27663.0], [4322.05, 4800.0], [4322.1, 6000.0], [4322.2, 49028.0], [4322.25, 99.0], [4322.35, 13000.0], [4322.4, 94151.0], [4322.45, 4337.0], [4322.5, 123199.0], [4322.8, 10363.0], [4322.85, 29827.0], [4323.0, 12112.0], [4323.1, 14548.0], [4323.15, 4282.0], [4323.2, 14182.0], [4323.25, 22978.0], [4323.4, 35573.0], [4323.45, 10819.0], [4323.6, 56999.0], [4323.65, 20004.0]]}}}
{"jsonrpc": "2.0", "method": "subscription", "params": {"channel": "book.ETH-PERPETUAL.none.20.100ms", "data": {"timestamp": 1756859888538, "change_id": 84950210020, "instrument_name": "ETH-PERPETUAL", "bids": [[4321.95, 29775.0], [4321.75, 17300.0], [4321.7, 14414.0], [4321.65, 20300.0], [4321.6, 49764.0], [4321.55, 125618.0], [4321.5, 95.0], [4321.45, 6000.0], [4321.3, 3904.0], [4321.25, 13014.0], [4321.2, 44844.0], [4321.15, 123199.0], [4321.0, 3132.0], [4320.85, 10799.0], [4320.8, 14602.0], [4320.75, 28387.0], [4320.7, 5382.0], [4320.6, 10806.0], [4320.5, 49.0], [4320.45, 1072.0]], "asks": [[4322.0, 32969.0], [4322.05, 4800.0], [4322.1, 6000.0], [4322.2, 18930.0], [4322.25, 99.0], [4322.35, 13000.0], [4322.4, 121176.0], [4322.45, 112449.0], [4322.5, 123199.0], [4322.8, 10363.0], [4322.85, 29827.0], [4323.0, 12112.0], [4323.1, 14548.0], [4323.15, 4282.0], [4323.2, 14182.0], [4323.25, 22978.0], [4323.4, 35573.0], [4323.45, 10819.0], [4323.6, 66242.0], [4323.65, 20004.0]]}}}
{"jsonrpc": "2.0", "method": "subscription", "params": {"channel": "book.ETH-PERPETUAL.none.20.100ms", "data": {"timestamp": 1756859888936, "change_id": 84950210446, "instrument_name": "ETH-PERPETUAL", "bids": [[4321.95, 47275.0], [4321.8, 16470.0], [4321.75, 17300.0], [4321.7, 3000.0], [4321.65, 17300.0], [4321.6, 49764.0], [4321.55, 114118.0], [4321.5, 95.0], [4321.3, 3904.0], [4321.25, 13014.0], [4321.2, 44844.0], [4321.15, 123199.0], [4321.0, 3132.0], [4320.85, 10799.0], [4320.8, 14602.0], [4320.75, 28387.0], [4320.7, 5382.0], [4320.6, 10806.0], [4320.5, 49.0], [4320.45, 1072.0]], "asks": [[4322.0, 24937.0], [4322.05, 4800.0], [4322.1, 6000.0], [4322.2, 18930.0], [4322.25, 99.0], [4322.35, 13000.0], [4322.4, 121176.0], [4322.45, 112449.0], [4322.5, 123199.0], [4322.8, 10363.0], [4322.85, 29827.0], [4323.0, 12112.0], [4323.1, 14548.0], [4323.15, 4282.0], [4323.2, 14182.0], [4323.25, 22978.0], [4323.4, 35573.0], [4323.45, 10819.0], [4323.6, 66242.0], [4323.65, 20004.0]]}}}
{"jsonrpc": "2.0", "method": "subscription", "params": {"channel": "book.ETH-PERPETUAL.none.20.100ms", "data": {"timestamp": 1756859889281, "change_id": 84950210923, "instrument_name": "ETH-PERPETUAL", "bids": [[4321.95, 29775.0], [4321.9, 5190.0], [4321.85, 17300.0], [4321.8, 10380.0], [4321.7, 3000.0], [4321.65, 17300.0], [4321.6, 49764.0], [4321.55, 125618.0], [4321.5, 95.0], [4321.3, 3904.0], [4321.25, 13014.0], [4321.2, 44844.0], [4321.15, 123199.0], [4321.0, 3132.0], [4320.85, 10799.0], [4320.8, 14602.0], [4320.75, 28387.0], [4320.7, 5382.0], [4320.6, 10806.0], [4320.5, 49.0]], "asks": [[4322.0, 500.0], [4322.05, 3000.0], [4322.2, 18930.0], [4322.25, 99.0], [4322.3, 100.0], [4322.35, 17300.0], [4322.4, 121176.0], [4322.45, 132449.0], [4322.5, 123199.0], [4322.8, 10363.0], [4322.85, 29827.0], [4323.0, 12112.0], [4323.1, 14548.0], [4323.15, 4282.0], [4323.2, 14182.0], [4323.25, 22978.0], [4323.4, 35573.0], [4323.45, 10819.0], [4323.6, 56999.0], [4323.65, 20004.0]]}}}
{"jsonrpc": "2.0", "method": "subscription", "params": {"channel": "book.ETH-PERPETUAL.none.20.100ms", "data": {"timestamp": 1756859889611, "change_id": 84950211360, "instrument_name": "ETH-PERPETUAL", "bids": [[4321.95, 47275.0], [4321.9, 5190.0], [4321.85, 17300.0], [4321.8, 10380.0], [4321.7, 3000.0], [4321.65, 17300.0], [4321.6, 49764.0], [4321.55, 108118.0], [4321.5, 95.0], [4321.3, 3904.0], [4321.25, 13014.0], [4321.2, 44844.0], [4321.15, 123199.0], [4321.0, 3132.0], [4320.85, 10799.0], [4320.8, 14602.0], [4320.75, 28387.0], [4320.7, 5382.0], [4320.6, 10806.0], [4320.5, 49.0]], "asks": [[4322.0, 26838.0], [4322.05, 3000.0], [4322.2, 18930.0], [4322.25, 99.0], [4322.35, 17300.0], [4322.4, 121176.0], [4322.45, 112449.0], [4322.5, 123199.0], [4322.8, 10363.0], [4322.85, 29827.0], [4323.0, 12112.0], [4323.1, 14548.0], [4323.15, 4282.0], [4323.2, 14182.0], [4323.25, 22978.0], [4323.4, 20345.0], [4323.45, 10819.0], [4323.6, 13586.0], [4323.65, 20004.0], [4323.7, 10807.0]]}}}
{"jsonrpc": "2.0", "method": "subscription", "params": {"channel": "book.ETH-PERPETUAL.none.20.100ms", "data": {"timestamp": 1756859889881, "change_id": 84950211604, "instrument_name": "ETH-PERPETUAL", "bids": [[4321.95, 47275.0], [4321.9, 5190.0], [4321.85, 17300.0], [4321.8, 10380.0], [4321.65, 17300.0], [4321.6, 49764.0], [4321.55, 108118.0], [4321.5, 6095.0], [4321.3, 3904.0], [4321.25, 13014.0], [4321.2, 44844.0], [4321.15, 123199.0], [4321.0, 3132.0], [4320.85, 10799.0], [4320.8, 14602.0], [4320.75, 28387.0], [4320.7, 5382.0], [4320.6, 10806.0], [4320.5, 49.0], [4320.45, 1072.0]], "asks": [[4322.0, 20600.0], [4322.05, 3000.0], [4322.1, 1800.0], [4322.15, 6000.0], [4322.2, 18930.0], [4322.25, 99.0], [4322.35, 30300.0], [4322.4, 94151.0], [4322.45, 4337.0], [4322.5, 123199.0], [4322.8, 10363.0], [4322.85, 29827.0], [4323.0, 12112.0], [4323.1, 14548.0], [4323.15, 4282.0], [4323.2, 14182.0], [4323.25, 22978.0], [4323.4, 20345.0], [4323.45, 10819.0], [4323.6, 13586.0]]}}}
{"jsonrpc": "2.0", "method": "subscription", "params": {"channel": "book.ETH-PERPETUAL.none.20.100ms", "data": {"timestamp": 1756859890280, "change_id": 84950213557, "instrument_name": "ETH-PERPETUAL", "bids": [[4322.9, 50679.0], [4322.75, 22978.0], [4322.55, 108107.0], [4322.45, 95.0], [4322.35, 9038.0], [4322.3, 17500.0], [4322.2, 9626.0], [4322.15, 22500.0], [4322.1, 76262.0], [4322.0, 53694.0], [4321.95, 2174.0], [4321.9, 123199.0], [4321.8, 10797.0], [4321.7, 5377.0], [4321.45, 10797.0], [4321.25, 14.0], [4321.0, 53132.0], [4320.85, 10799.0], [4320.8, 1229.0], [4320.6, 10806.0]], "asks": [[4322.95, 14855.0], [4323.3, 50000.0], [4323.4, 4379.0], [4323.7, 29953.0], [4323.75, 99842.0], [4323.9, 43642.0], [4323.95, 25025.0], [4324.0, 123398.0], [4324.05, 2871.0], [4324.1, 4410.0], [4324.15, 5378.0], [4324.2, 6806.0], [4324.25, 10707.0], [4324.35, 13317.0], [4324.45, 4437.0], [4324.5, 10387.0], [4324.6, 4402.0], [4324.75, 3063.0], [4324.8, 10209.0], [4324.95, 20004.0]]}}}
{"jsonrpc": "2.0", "method": "subscription", "params": {"channel": "book.ETH-PERPETUAL.none.20.100ms", "data": {"timestamp": 1756859890572, "change_id": 84950214641, "instrument_name": "ETH-PERPETUAL", "bids": [[4322.9, 68179.0], [4322.85, 3000.0], [4322.8, 6000.0], [4322.75, 22978.0], [4322.55, 108107.0], [4322.45, 95.0], [4322.4, 13000.0], [4322.35, 2888.0], [4322.2, 9626.0], [4322.15, 22500.0], [4322.1, 75000.0], [4322.0, 37082.0], [4321.95, 50.0], [4321.9, 123199.0], [4321.8, 10797.0], [4321.75, 1230.0], [4321.7, 5377.0], [4321.45, 10797.0], [4321.3, 20927.0], [4321.25, 14.0]], "asks": [[4322.95, 14855.0], [4323.15, 6000.0], [4323.3, 50000.0], [4323.4, 4379.0], [4323.45, 3900.0], [4323.5, 13000.0], [4323.55, 100.0], [4323.7, 29953.0], [4323.75, 99842.0], [4323.9, 63642.0], [4323.95, 25025.0], [4324.0, 123398.0], [4324.05, 2771.0], [4324.1, 4410.0], [4324.15, 5378.0], [4324.2, 18444.0], [4324.25, 10707.0], [4324.35, 13317.0], [4324.4, 22978.0], [4324.45, 4437.0]]}}}
{"jsonrpc": "2.0", "method": "subscription", "params": {"channel": "book.ETH-PERPETUAL.none.20.100ms", "data": {"timestamp": 1756859890894, "change_id": 84950215213, "instrument_name": "ETH-PERPETUAL", "bids": [[4322.9, 68339.0], [4322.85, 3000.0], [4322.8, 6000.0], [4322.75, 22978.0], [4322.55, 108107.0], [4322.45, 95.0], [4322.4, 13000.0], [4322.35, 2888.0], [4322.2, 9626.0], [4322.15, 22500.0], [4322.1, 75000.0], [4322.0, 37082.0], [4321.95, 50.0], [4321.9, 123199.0], [4321.8, 10797.0], [4321.75, 1230.0], [4321.7, 5377.0], [4321.45, 10797.0], [4321.3, 20927.0], [4321.25, 14.0]], "asks": [[4322.95, 14855.0], [4323.15, 6000.0], [4323.3, 50000.0], [4323.4, 4379.0], [4323.45, 3900.0], [4323.5, 13000.0], [4323.55, 100.0], [4323.7, 29953.0], [4323.75, 99842.0], [4323.9, 74448.0], [4323.95, 25025.0], [4324.0, 123398.0], [4324.05, 2771.0], [4324.1, 4410.0], [4324.15, 5378.0], [4324.2, 18444.0], [4324.25, 10707.0], [4324.35, 13317.0], [4324.4, 22978.0], [4324.45, 4437.0]]}}}
{"jsonrpc": "2.0", "method": "subscription", "params": {"channel": "book.ETH-PERPETUAL.none.20.100ms", "data": {"timestamp": 1756859891277, "change_id": 84950215906, "instrument_name": "ETH-PERPETUAL", "bids": [[4322.9, 85639.0], [4322.85, 3000.0], [4322.8, 18083.0], [4322.75, 22978.0], [4322.6, 53661.0], [4322.55, 108107.0], [4322.45, 95.0], [4322.4, 13000.0], [4322.35, 2888.0], [4322.2, 9626.0], [4322.15, 22500.0], [4322.1, 75000.0], [4322.0, 37082.0], [4321.95, 50.0], [4321.9, 123199.0], [4321.8, 10797.0], [4321.75, 1230.0], [4321.7, 5377.0], [4321.55, 4379.0], [4321.45, 10797.0]], "asks": [[4322.95, 10476.0], [4323.3, 50000.0], [4323.4, 4379.0], [4323.55, 100.0], [4323.7, 29953.0], [4323.75, 99842.0], [4323.9, 74448.0], [4323.95, 25025.0], [4324.0, 123398.0], [4324.05, 2771.0], [4324.1, 4410.0], [4324.15, 5378.0], [4324.2, 18444.0], [4324.25, 10707.0], [4324.35, 13317.0], [4324.4, 22978.0], [4324.45, 4437.0], [4324.5, 10387.0], [4324.6, 4402.0], [4324.75, 1239.0]]}}}
{"jsonrpc": "2.0", "method": "subscription", "params": {"channel": "book.ETH-PERPETUAL.none.20.100ms", "data": {"timestamp": 1756859891604, "change_id": 84950217124, "instrument_name": "ETH-PERPETUAL", "bids": [[4323.55, 36610.0], [4323.4, 90.0], [4323.3, 5637.0], [4323.25, 17500.0], [4323.2, 6000.0], [4323.15, 4200.0], [4323.1, 14000.0], [4322.95, 61712.0], [4322.9, 17460.0], [4322.85, 108107.0], [4322.8, 6893.0], [4322.75, 22978.0], [4322.6, 36960.0], [4322.55, 123199.0], [4322.4, 4856.0], [4322.35, 10782.0], [4322.3, 10806.0], [4322.15, 22500.0], [4322.1, 75000.0], [4322.05, 10806.0]], "asks": [[4323.6, 14855.0], [4323.85, 50000.0], [4323.9, 43642.0], [4323.95, 13000.0], [4324.0, 124712.0], [4324.05, 4379.0], [4324.15, 100.0], [4324.2, 6893.0], [4324.4, 22978.0], [4324.45, 4437.0], [4324.5, 10387.0], [4324.6, 17146.0], [4324.65, 13094.0], [4324.75, 1239.0], [4324.8, 14685.0], [4324.85, 13808.0], [4324.9, 1113.0], [4325.0, 76521.0], [4325.05, 195008.0], [4325.2, 10517.0]]}}}
{"jsonrpc": "2.0", "method": "subscription", "params": {"channel": "book.ETH-PERPETUAL.none.20.100ms", "data": {"timestamp": 1756859891939, "change_id": 84950217829, "instrument_name": "ETH-PERPETUAL", "bids": [[4323.55, 29745.0], [4323.4, 3000.0], [4323.3, 6000.0], [4323.25, 6825.0], [4323.2, 17500.0], [4322.95, 61712.0], [4322.9, 30460.0], [4322.85, 108107.0], [4322.8, 6893.0], [4322.75, 22978.0], [4322.6, 36960.0], [4322.55, 123199.0], [4322.4, 4856.0], [4322.35, 10782.0], [4322.3, 10806.0], [4322.15, 22500.0], [4322.1, 75000.0], [4322.05, 10806.0], [4322.0, 3254.0], [4321.95, 50.0]], "asks": [[4323.6, 17855.0], [4323.85, 90919.0], [4324.0, 128642.0], [4324.05, 4379.0], [4324.15, 13100.0], [4324.2, 6893.0], [4324.4, 22978.0], [4324.45, 4437.0], [4324.5, 10387.0], [4324.6, 17146.0], [4324.65, 13094.0], [4324.8, 14685.0], [4324.85, 13808.0], [4325.0, 77634.0], [4325.05, 195008.0], [4325.2, 24769.0], [4325.25, 350.0], [4325.3, 62190.0], [4325.35, 4402.0], [4325.4, 20004.0]]}}}
{"jsonrpc": "2.0", "method": "subscription", "params": {"channel": "book.ETH-PERPETUAL.none.20.100ms", "data": {"timestamp": 1756859892271, "change_id": 84950219580, "instrument_name": "ETH-PERPETUAL", "bids": [[4323.95, 68199.0], [4323.9, 3000.0], [4323.8, 6000.0], [4323.6, 95.0], [4323.55, 102740.0], [4323.25, 36960.0], [4323.2, 123199.0], [4323.0, 10428.0], [4322.95, 17300.0], [4322.9, 17460.0], [4322.85, 10806.0], [4322.8, 6893.0], [4322.75, 33760.0], [4322.5, 1230.0], [4322.4, 3242.0], [4322.3, 10806.0], [4322.15, 26879.0], [4322.1, 75000.0], [4322.05, 10806.0], [4322.0, 4327.0]], "asks": [[4324.0, 123398.0], [4324.4, 6000.0], [4324.45, 108103.0], [4324.55, 2935.0], [4324.6, 9783.0], [4324.75, 3163.0], [4324.8, 14443.0], [4324.85, 13000.0], [4325.0, 7838.0], [4325.05, 10209.0], [4325.1, 12209.0], [4325.2, 13538.0], [4325.25, 350.0], [4325.3, 30302.0], [4325.35, 17797.0], [4325.45, 3080.0], [4325.5, 11062.0], [4325.6, 4363.0], [4325.7, 10263.0], [4325.8, 4281.0]]}}}
{"jsonrpc": "2.0", "method": "subscription", "params": {"channel": "book.ETH-PERPETUAL.none.20.100ms", "data": {"timestamp": 1756859892600, "change_id": 84950220562, "instrument_name": "ETH-PERPETUAL", "bids": [[4323.95, 68359.0], [4323.9, 37231.0], [4323.85, 108103.0], [4323.8, 6000.0], [4323.6, 95.0], [4323.25, 36960.0], [4323.2, 123199.0], [4323.0, 10428.0], [4322.95, 17300.0], [4322.9, 17300.0], [4322.85, 10806.0], [4322.8, 10580.0], [4322.75, 33760.0], [4322.6, 4379.0], [4322.5, 1230.0], [4322.4, 3242.0], [4322.3, 10806.0], [4322.15, 26879.0], [4322.1, 75000.0], [4322.05, 10806.0]], "asks": [[4324.0, 199.0], [4324.45, 108103.0], [4324.55, 1321.0], [4324.6, 4402.0], [4324.75, 3163.0], [4324.8, 50539.0], [4324.85, 13000.0], [4324.95, 123199.0], [4325.0, 3063.0], [4325.05, 10209.0], [4325.2, 19736.0], [4325.25, 23328.0], [4325.3, 30302.0], [4325.35, 17797.0], [4325.4, 5380.0], [4325.45, 3080.0], [4325.5, 10265.0], [4325.6, 4363.0], [4325.7, 10263.0], [4325.75, 1113.0]]}}}
{"jsonrpc": "2.0", "method": "subscription", "params": {"channel": "book.ETH-PERPETUAL.none.20.100ms", "data": {"timestamp": 1756859892924, "change_id": 84950221019, "instrument_name": "ETH-PERPETUAL", "bids": [[4323.95, 85659.0], [4323.9, 37231.0], [4323.85, 108103.0], [4323.8, 6000.0], [4323.7, 3929.0], [4323.65, 13000.0], [4323.6, 95.0], [4323.25, 36960.0], [4323.2, 123199.0], [4323.0, 3242.0], [4322.85, 10806.0], [4322.8, 10580.0], [4322.75, 33760.0], [4322.6, 4379.0], [4322.5, 1230.0], [4322.4, 3242.0], [4322.3, 10806.0], [4322.15, 26879.0], [4322.1, 75000.0], [4322.05, 10806.0]], "asks": [[4324.0, 199.0], [4324.3, 3000.0], [4324.45, 114103.0], [4324.55, 1321.0], [4324.6, 4402.0], [4324.75, 21780.0], [4324.8, 70539.0], [4324.95, 135303.0], [4325.0, 3063.0], [4325.05, 10209.0], [4325.2, 19736.0], [4325.25, 23328.0], [4325.3, 10302.0], [4325.35, 17797.0], [4325.4, 5380.0], [4325.45, 3080.0], [4325.5, 10265.0], [4325.6, 8199.0], [4325.65, 13491.0], [4325.7, 10263.0]]}}}
{"jsonrpc": "2.0", "method": "subscription", "params": {"channel": "book.ETH-PERPETUAL.none.20.100ms", "data": {"timestamp": 1756859893225, "change_id": 84950221746, "instrument_name": "ETH-PERPETUAL", "bids": [[4323.95, 85499.0], [4323.9, 37231.0], [4323.85, 108103.0], [4323.8, 6000.0], [4323.6, 95.0], [4323.55, 3900.0], [4323.5, 13000.0], [4323.25, 36960.0], [4323.2, 123199.0], [4323.0, 3242.0], [4322.85, 10806.0], [4322.8, 10580.0], [4322.75, 33760.0], [4322.6, 4379.0], [4322.5, 1230.0], [4322.4, 3242.0], [4322.3, 10806.0], [4322.15, 26879.0], [4322.1, 75000.0], [4322.05, 10806.0]], "asks": [[4324.0, 199.0], [4324.4, 37652.0], [4324.45, 108103.0], [4324.6, 17402.0], [4324.7, 3093.0], [4324.75, 100.0], [4324.8, 50539.0], [4324.95, 135303.0], [4325.0, 8680.0], [4325.05, 10209.0], [4325.1, 20000.0], [4325.2, 19736.0], [4325.25, 23328.0], [4325.3, 10302.0], [4325.35, 17797.0], [4325.4, 5380.0], [4325.45, 3080.0], [4325.5, 10265.0], [4325.6, 8744.0], [4325.65, 13491.0]]}}}
{"jsonrpc": "2.0", "method": "subscription", "params": {"channel": "book.ETH-PERPETUAL.none.20.100ms", "data": {"timestamp": 1756859893579, "change_id": 84950222186, "instrument_name": "ETH-PERPETUAL", "bids": [[4323.95, 85499.0], [4323.9, 37231.0], [4323.85, 108103.0], [4323.8, 6000.0], [4323.6, 95.0], [4323.55, 3900.0], [4323.5, 13000.0], [4323.25, 36960.0], [4323.2, 123199.0], [4323.0, 3242.0], [4322.85, 10806.0], [4322.8, 10580.0], [4322.75, 33760.0], [4322.6, 4379.0], [4322.5, 1230.0], [4322.4, 3242.0], [4322.3, 10806.0], [4322.15, 26879.0], [4322.1, 75000.0], [4322.05, 10806.0]], "asks": [[4324.0, 199.0], [4324.4, 37652.0], [4324.45, 108103.0], [4324.6, 17402.0], [4324.7, 8706.0], [4324.75, 20100.0], [4324.8, 50539.0], [4324.95, 123199.0], [4325.0, 3063.0], [4325.05, 10209.0], [4325.2, 19736.0], [4325.25, 23328.0], [4325.3, 10302.0], [4325.35, 17797.0], [4325.4, 5380.0], [4325.45, 3080.0], [4325.5, 10265.0], [4325.6, 8744.0], [4325.65, 13491.0], [4325.7, 10263.0]]}}}
{"jsonrpc": "2.0", "method": "subscription", "params": {"channel": "book.ETH-PERPETUAL.none.20.100ms", "data": {"timestamp": 1756859893811, "change_id": 84950222602, "instrument_name": "ETH-PERPETUAL", "bids": [[4323.95, 85499.0], [4323.9, 37231.0], [4323.85, 108103.0], [4323.8, 6000.0], [4323.6, 95.0], [4323.55, 3900.0], [4323.5, 13000.0], [4323.25, 36960.0], [4323.2, 123199.0], [4323.0, 3242.0], [4322.85, 10806.0], [4322.8, 10580.0], [4322.75, 33760.0], [4322.6, 4379.0], [4322.5, 1230.0], [4322.4, 3242.0], [4322.3, 10806.0], [4322.15, 26879.0], [4322.1, 75000.0], [4322.05, 10806.0]], "asks": [[4324.0, 199.0], [4324.4, 37652.0], [4324.45, 108103.0], [4324.5, 13100.0], [4324.6, 4402.0], [4324.7, 8706.0], [4324.75, 20000.0], [4324.8, 50539.0], [4324.95, 123199.0], [4325.0, 3063.0], [4325.05, 10209.0], [4325.2, 19736.0], [4325.25, 23328.0], [4325.3, 10302.0], [4325.35, 17797.0], [4325.4, 5380.0], [4325.45, 4319.0], [4325.5, 10265.0], [4325.6, 13653.0], [4325.65, 13491.0]]}}}
{"jsonrpc": "2.0", "method": "subscription", "params": {"channel": "book.ETH-PERPETUAL.none.20.100ms", "data": {"timestamp": 1756859894163, "change_id": 84950223140, "instrument_name": "ETH-PERPETUAL", "bids": [[4323.95, 85499.0], [4323.9, 34231.0], [4323.85, 108103.0], [4323.8, 3000.0], [4323.7, 1829.0], [4323.65, 6000.0], [4323.6, 95.0], [4323.35, 13000.0], [4323.25, 36960.0], [4323.2, 123199.0], [4323.0, 3242.0], [4322.85, 10806.0], [4322.8, 10580.0], [4322.75, 33760.0], [4322.6, 4379.0], [4322.5, 1230.0], [4322.4, 3242.0], [4322.3, 10806.0], [4322.15, 26879.0], [4322.1, 75000.0]], "asks": [[4324.0, 199.0], [4324.05, 3000.0], [4324.2, 6000.0], [4324.4, 37652.0], [4324.45, 108103.0], [4324.5, 13100.0], [4324.6, 4402.0], [4324.7, 8706.0], [4324.75, 20000.0], [4324.8, 50539.0], [4324.95, 135824.0], [4325.0, 3063.0], [4325.05, 10209.0], [4325.2, 19736.0], [4325.25, 28709.0], [4325.3, 10302.0], [4325.35, 17797.0], [4325.45, 4319.0], [4325.5, 10265.0], [4325.6, 13653.0]]}}}
{"jsonrpc": "2.0", "method": "subscription", "params": {"channel": "book.ETH-PERPETUAL.none.20.100ms", "data": {"timestamp": 1756859894564, "change_id": 84950223715, "instrument_name": "ETH-PERPETUAL", "bids": [[4323.95, 85499.0], [4323.9, 34231.0], [4323.85, 108103.0], [4323.8, 3000.0], [4323.7, 1829.0], [4323.65, 6000.0], [4323.6, 95.0], [4323.35, 13000.0], [4323.25, 36960.0], [4323.2, 123199.0], [4323.0, 3242.0], [4322.85, 10806.0], [4322.8, 10580.0], [4322.75, 33760.0], [4322.6, 4379.0], [4322.5, 1230.0], [4322.4, 3242.0], [4322.3, 10806.0], [4322.15, 26879.0], [4322.1, 75000.0]], "asks": [[4324.0, 199.0], [4324.05, 3000.0], [4324.2, 6000.0], [4324.4, 37652.0], [4324.45, 108103.0], [4324.5, 13100.0], [4324.6, 4402.0], [4324.7, 8706.0], [4324.75, 20000.0], [4324.8, 50539.0], [4324.95, 123199.0], [4325.0, 3063.0], [4325.05, 10209.0], [4325.2, 19736.0], [4325.25, 28709.0], [4325.3, 10302.0], [4325.35, 17797.0], [4325.45, 4319.0], [4325.5, 10265.0], [4325.6, 13653.0]]}}}
{"jsonrpc": "2.0", "method": "subscription", "params": {"channel": "book.ETH-PERPETUAL.none.20.100ms", "data": {"timestamp": 1756859894877, "change_id": 84950224199, "instrument_name": "ETH-PERPETUAL", "bids": [[4323.95, 85499.0], [4323.9, 34231.0], [4323.85, 108103.0], [4323.7, 4829.0], [4323.65, 6000.0], [4323.6, 95.0], [4323.35, 13000.0], [4323.25, 36960.0], [4323.2, 123199.0], [4323.0, 3242.0], [4322.85, 10806.0], [4322.8, 10580.0], [4322.75, 33760.0], [4322.6, 4379.0], [4322.5, 1230.0], [4322.4, 3242.0], [4322.3, 10806.0], [4322.15, 26879.0], [4322.1, 75000.0], [4322.05, 10806.0]], "asks": [[4324.0, 199.0], [4324.05, 3000.0], [4324.2, 6000.0], [4324.4, 37652.0], [4324.45, 108103.0], [4324.5, 13100.0], [4324.6, 4402.0], [4324.7, 8706.0], [4324.75, 20000.0], [4324.8, 50539.0], [4324.95, 123199.0], [4325.0, 3063.0], [4325.05, 10209.0], [4325.2, 19736.0], [4325.25, 28709.0], [4325.3, 10302.0], [4325.35, 17797.0], [4325.45, 4319.0], [4325.5, 10265.0], [4325.6, 13653.0]]}}}
{"jsonrpc": "2.0", "method": "subscription", "params": {"channel": "book.ETH-PERPETUAL.none.20.100ms", "data": {"timestamp": 1756859895214, "change_id": 84950225078, "instrument_name": "ETH-PERPETUAL", "bids": [[4323.95, 85499.0], [4323.9, 37231.0], [4323.85, 108103.0], [4323.8, 6000.0], [4323.6, 95.0], [4323.55, 1314.0], [4323.5, 4379.0], [4323.25, 36960.0], [4323.2, 123199.0], [4323.1, 1314.0], [4323.05, 4379.0], [4323.0, 3242.0], [4322.85, 10806.0], [4322.8, 10580.0], [4322.75, 33760.0], [4322.6, 4379.0], [4322.5, 1230.0], [4322.4, 3242.0], [4322.3, 10806.0], [4322.15, 26879.0]], "asks": [[4324.0, 199.0], [4324.7, 9864.0], [4324.75, 32880.0], [4324.8, 40330.0], [4324.95, 123199.0], [4325.0, 3063.0], [4325.05, 10209.0], [4325.1, 100.0], [4325.2, 9374.0], [4325.25, 5731.0], [4325.3, 10302.0], [4325.35, 17797.0], [4325.45, 10827.0], [4325.5, 10265.0], [4325.55, 22978.0], [4325.6, 8744.0], [4325.65, 13491.0], [4325.7, 10263.0], [4325.8, 4281.0], [4325.85, 20000.0]]}}}
{"jsonrpc": "2.0", "method": "subscription", "params": {"channel": "book.ETH-PERPETUAL.none.20.100ms", "data": {"timestamp": 1756859895561, "change_id": 84950226058, "instrument_name": "ETH-PERPETUAL", "bids": [[4324.9, 36609.0], [4324.4, 6580.0], [4324.2, 23068.0], [4324.15, 49735.0], [4324.1, 122096.0], [4324.0, 40703.0], [4323.95, 9786.0], [4323.8, 10810.0], [4323.75, 1614.0], [4323.7, 5379.0], [4323.45, 3243.0], [4323.4, 10810.0], [4323.3, 1230.0], [4323.25, 36960.0], [4323.2, 123199.0], [4323.1, 1314.0], [4323.05, 4379.0], [4323.0, 3242.0], [4322.85, 10806.0], [4322.8, 5710.0]], "asks": [[4324.95, 123199.0], [4325.2, 21656.0], [4325.25, 4729.0], [4325.35, 50000.0], [4325.4, 20000.0], [4325.45, 3080.0], [4325.5, 10365.0], [4325.6, 8744.0], [4325.65, 13491.0], [4325.7, 14642.0], [4325.8, 10380.0], [4325.85, 13232.0], [4325.9, 22978.0], [4326.0, 4998.0], [4326.05, 10257.0], [4326.15, 7518.0], [4326.2, 4361.0], [4326.25, 4281.0], [4326.3, 10257.0], [4326.4, 8694.0]]}}}
{"jsonrpc": "2.0", "method": "subscription", "params": {"channel": "book.ETH-PERPETUAL.none.20.100ms", "data": {"timestamp": 1756859895877, "change_id": 84950227149, "instrument_name": "ETH-PERPETUAL", "bids": [[4324.9, 50699.0], [4324.4, 43157.0], [4324.35, 108096.0], [4324.3, 17500.0], [4324.2, 22978.0], [4324.15, 5219.0], [4324.0, 59808.0], [4323.95, 9786.0], [4323.85, 123199.0], [4323.8, 10810.0], [4323.75, 1614.0], [4323.7, 5379.0], [4323.45, 3243.0], [4323.4, 10810.0], [4323.3, 1230.0], [4323.1, 1314.0], [4323.05, 4379.0], [4323.0, 3242.0], [4322.85, 10806.0], [4322.8, 5710.0]], "asks": [[4324.95, 126241.0], [4325.0, 1800.0], [4325.05, 6000.0], [4325.2, 21656.0], [4325.25, 4829.0], [4325.35, 50000.0], [4325.45, 3080.0], [4325.5, 10265.0], [4325.6, 8744.0], [4325.65, 13491.0], [4325.7, 14642.0], [4325.8, 10380.0], [4325.85, 13232.0], [4325.9, 22978.0], [4326.0, 4998.0], [4326.05, 10257.0], [4326.15, 6721.0], [4326.2, 4361.0], [4326.25, 4281.0], [4326.3, 10257.0]]}}}
{"jsonrpc": "2.0", "method": "subscription", "params": {"channel": "book.ETH-PERPETUAL.none.20.100ms", "data": {"timestamp": 1756859896236, "change_id": 84950228178, "instrument_name": "ETH-PERPETUAL", "bids": [[4324.9, 36699.0], [4324.65, 3000.0], [4324.55, 31890.0], [4324.5, 75000.0], [4324.45, 37300.0], [4324.4, 43157.0], [4324.35, 108096.0], [4324.3, 17500.0], [4324.2, 22978.0], [4324.15, 5219.0], [4324.0, 59808.0], [4323.95, 9786.0], [4323.85, 123199.0], [4323.8, 10810.0], [4323.75, 1614.0], [4323.7, 5379.0], [4323.45, 3243.0], [4323.4, 10810.0], [4323.3, 1230.0], [4323.1, 1314.0]], "asks": [[4324.95, 123241.0], [4325.25, 4729.0], [4325.35, 50000.0], [4325.5, 6000.0], [4325.55, 20000.0], [4325.6, 1314.0], [4325.65, 100.0], [4325.7, 4379.0], [4326.0, 5143.0], [4326.05, 10257.0], [4326.15, 6721.0], [4326.2, 4361.0], [4326.25, 4281.0], [4326.3, 10257.0], [4326.4, 6672.0], [4326.45, 13265.0], [4326.55, 10257.0], [4326.6, 61494.0], [4326.65, 184799.0], [4326.75, 1297.0]]}}}
{"jsonrpc": "2.0", "method": "subscription", "params": {"channel": "book.ETH-PERPETUAL.none.20.100ms", "data": {"timestamp": 1756859896557, "change_id": 84950228905, "instrument_name": "ETH-PERPETUAL", "bids": [[4324.9, 15655.0], [4324.55, 31890.0], [4324.5, 75000.0], [4324.45, 17390.0], [4324.4, 49157.0], [4324.35, 108096.0], [4324.2, 22978.0], [4324.15, 23816.0], [4324.0, 77308.0], [4323.95, 9626.0], [4323.85, 123199.0], [4323.8, 10810.0], [4323.75, 1614.0], [4323.7, 5379.0], [4323.45, 3243.0], [4323.4, 10810.0], [4323.1, 1314.0], [4323.05, 4379.0], [4323.0, 3242.0], [4322.85, 10806.0]], "asks": [[4324.95, 123299.0], [4325.0, 3000.0], [4325.05, 1800.0], [4325.1, 6000.0], [4325.25, 52158.0], [4325.3, 108095.0], [4325.35, 50000.0], [4325.5, 6000.0], [4325.55, 20000.0], [4325.6, 1314.0], [4325.7, 4379.0], [4325.95, 100.0], [4326.0, 5143.0], [4326.05, 10257.0], [4326.15, 6621.0], [4326.2, 10710.0], [4326.25, 27259.0], [4326.3, 10257.0], [4326.4, 12224.0], [4326.45, 13265.0]]}}}
