{"jsonrpc": "2.0", "id": 1, "result": ["book.ETH-PERPETUAL.none.20.100ms"], "usIn": 1740391783107433, "usOut": 1740391783107646, "usDiff": 213, "testnet": false}
{"jsonrpc": "2.0", "method": "subscription", "params": {"channel": "book.ETH-PERPETUAL.none.20.100ms", "data": {"timestamp": 1740391783090, "change_id": 59510857436, "instrument_name": "ETH-PERPETUAL", "bids": [[2684.55, 39081.0], [2683.95, 5101.0], [2683.9, 7500.0], [2683.85, 1341.0], [2683.8, 9502.0], [2683.75, 337.0], [2683.65, 2658.0], [2683.6, 7420.0], [2683.5, 3418.0], [2683.45, 10000.0], [2683.4, 1027.0], [2683.3, 100.0], [2683.25, 27618.0], [2683.2, 117308.0], [2683.15, 10100.0], [2683.1, 76145.0], [2683.05, 16000.0], [2683.0, 4008.0], [2682.9, 3480.0], [2682.85, 100.0]], "asks": [[2684.6, 55692.0], [2684.65, 13333.0], [2684.75, 337.0], [2684.8, 11000.0], [2684.85, 37365.0], [2684.9, 31479.0], [2685.0, 69155.0], [2685.05, 12911.0], [2685.1, 250.0], [2685.15, 1388.0], [2685.2, 39124.0], [2685.25, 66958.0], [2685.3, 5817.0], [2685.35, 29591.0], [2685.4, 50398.0], [2685.45, 120309.0], [2685.55, 100.0], [2685.6, 401117.0], [2685.75, 1614.0], [2685.85, 1442.0]]}}}
{"jsonrpc": "2.0", "method": "subscription", "params": {"channel": "book.ETH-PERPETUAL.none.20.100ms", "data": {"timestamp": 1740391783163, "change_id": 59510857464, "instrument_name": "ETH-PERPETUAL", "bids": [[2684.55, 38681.0], [2683.95, 5101.0], [2683.9, 7500.0], [2683.85, 1341.0], [2683.8, 9502.0], [2683.75, 337.0], [2683.65, 2658.0], [2683.6, 7420.0], [2683.5, 3418.0], [2683.45, 10000.0], [2683.4, 1027.0], [2683.3, 100.0], [2683.25, 27618.0], [2683.2, 105468.0], [2683.15, 10500.0], [2683.1, 87985.0], [2683.05, 16000.0], [2683.0, 4008.0], [2682.9, 3480.0], [2682.85, 100.0]], "asks": [[2684.6, 55692.0], [2684.65, 13333.0], [2684.75, 337.0], [2684.8, 11000.0], [2684.85, 23974.0], [2684.9, 31479.0], [2685.0, 26213.0], [2685.05, 12911.0], [2685.1, 12098.0], [2685.15, 15386.0], [2685.2, 25126.0], [2685.25, 55110.0], [2685.3, 5817.0], [2685.35, 29591.0], [2685.4, 50398.0], [2685.45, 120309.0], [2685.55, 100.0], [2685.6, 401117.0], [2685.75, 1614.0], [2685.85, 1442.0]]}}}
{"jsonrpc": "2.0", "method": "subscription", "params": {"channel": "book.ETH-PERPETUAL.none.20.100ms", "data": {"timestamp": 1740391783525, "change_id": 59510857739, "instrument_name": "ETH-PERPETUAL", "bids": [[2684.55, 50081.0], [2683.95, 5101.0], [2683.9, 7500.0], [2683.85, 1341.0], [2683.8, 9502.0], [2683.75, 337.0], [2683.65, 2658.0], [2683.6, 7420.0], [2683.5, 3418.0], [2683.45, 10000.0], [2683.4, 1027.0], [2683.3, 11940.0], [2683.25, 27618.0], [2683.2, 119455.0], [2683.15, 10100.0], [2683.1, 76145.0], [2683.05, 811.0], [2683.0, 655.0], [2682.9, 3480.0], [2682.85, 14086.0]], "asks": [[2684.6, 34085.0], [2684.65, 13333.0], [2684.75, 337.0], [2684.8, 11000.0], [2684.85, 19775.0], [2684.9, 31479.0], [2684.95, 288.0], [2685.0, 12466.0], [2685.05, 23161.0], [2685.15, 15135.0], [2685.2, 36724.0], [2685.25, 67091.0], [2685.3, 5817.0], [2685.35, 19591.0], [2685.4, 50398.0], [2685.45, 120309.0], [2685.55, 100.0], [2685.6, 401117.0], [2685.75, 268.0], [2685.85, 1442.0]]}}}
{"jsonrpc": "2.0", "method": "subscription", "params": {"channel": "book.ETH-PERPETUAL.none.20.100ms", "data": {"timestamp": 1740391783836, "change_id": 59510858170, "instrument_name": "ETH-PERPETUAL", "bids": [[2684.55, 50084.0], [2684.0, 3000.0], [2683.95, 15101.0], [2683.9, 7500.0], [2683.85, 1341.0], [2683.8, 9502.0], [2683.65, 2658.0], [2683.6, 7420.0], [2683.5, 3418.0], [2683.45, 10000.0], [2683.4, 1027.0], [2683.3, 11940.0], [2683.25, 41605.0], [2683.2, 105468.0], [2683.15, 10100.0], [2683.1, 76145.0], [2683.05, 811.0], [2683.0, 150.0], [2682.95, 13986.0], [2682.9, 3480.0]], "asks": [[2684.6, 17947.0], [2684.65, 10421.0], [2684.75, 337.0], [2684.8, 11000.0], [2684.85, 6937.0], [2684.9, 21479.0], [2685.0, 2395.0], [2685.05, 2911.0], [2685.15, 26856.0], [2685.2, 971.0], [2685.25, 67090.0], [2685.3, 17665.0], [2685.35, 33589.0], [2685.4, 50398.0], [2685.45, 120309.0], [2685.55, 100.0], [2685.6, 401117.0], [2685.75, 268.0], [2685.85, 1442.0], [2685.95, 18644.0]]}}}
{"jsonrpc": "2.0", "method": "subscription", "params": {"channel": "book.ETH-PERPETUAL.none.20.100ms", "data": {"timestamp": 1740391784192, "change_id": 59510858749, "instrument_name": "ETH-PERPETUAL", "bids": [[2684.55, 50529.0], [2684.5, 1.0], [2684.1, 5813.0], [2684.05, 9378.0], [2683.95, 12280.0], [2683.9, 7600.0], [2683.8, 100.0], [2683.65, 2658.0], [2683.6, 7420.0], [2683.5, 3418.0], [2683.45, 10000.0], [2683.4, 1027.0], [2683.3, 25927.0], [2683.25, 27618.0], [2683.2, 105468.0], [2683.15, 10100.0], [2683.1, 76145.0], [2683.05, 811.0], [2683.0, 3503.0], [2682.95, 13986.0]], "asks": [[2684.6, 1855.0], [2684.75, 337.0], [2684.85, 6937.0], [2684.9, 21979.0], [2684.95, 7320.0], [2685.0, 2290.0], [2685.05, 2811.0], [2685.15, 19932.0], [2685.2, 1221.0], [2685.25, 65358.0], [2685.3, 15847.0], [2685.35, 31439.0], [2685.4, 64396.0], [2685.45, 120309.0], [2685.55, 100.0], [2685.6, 401117.0], [2685.75, 4484.0], [2685.85, 100.0], [2686.0, 52545.0], [2686.05, 10000.0]]}}}
{"jsonrpc": "2.0", "method": "subscription", "params": {"channel": "book.ETH-PERPETUAL.none.20.100ms", "data": {"timestamp": 1740391784518, "change_id": 59510859107, "instrument_name": "ETH-PERPETUAL", "bids": [[2684.55, 60679.0], [2684.5, 1.0], [2684.25, 17.0], [2684.2, 3300.0], [2684.15, 11000.0], [2684.1, 5462.0], [2684.05, 9378.0], [2683.95, 13621.0], [2683.9, 7600.0], [2683.8, 100.0], [2683.75, 336.0], [2683.65, 2658.0], [2683.6, 7420.0], [2683.5, 3418.0], [2683.45, 10000.0], [2683.4, 1027.0], [2683.3, 25927.0], [2683.25, 27618.0], [2683.2, 105468.0], [2683.15, 10100.0]], "asks": [[2684.6, 1677.0], [2684.7, 9500.0], [2684.75, 3150.0], [2684.8, 9377.0], [2684.85, 2528.0], [2684.95, 7320.0], [2685.0, 2290.0], [2685.05, 2811.0], [2685.15, 11565.0], [2685.2, 10971.0], [2685.25, 22184.0], [2685.3, 1600.0], [2685.35, 33588.0], [2685.4, 62246.0], [2685.45, 120309.0], [2685.55, 14098.0], [2685.6, 401117.0], [2685.75, 1614.0], [2685.85, 100.0], [2685.95, 1342.0]]}}}
{"jsonrpc": "2.0", "method": "subscription", "params": {"channel": "book.ETH-PERPETUAL.none.20.100ms", "data": {"timestamp": 1740391784850, "change_id": 59510860194, "instrument_name": "ETH-PERPETUAL", "bids": [[2684.7, 105102.0], [2684.65, 10000.0], [2684.6, 15216.0], [2684.55, 27500.0], [2684.5, 30001.0], [2684.4, 3065.0], [2684.35, 100.0], [2684.25, 15613.0], [2684.2, 7320.0], [2684.15, 11000.0], [2684.1, 2813.0], [2684.0, 100.0], [2683.95, 13621.0], [2683.9, 7600.0], [2683.8, 100.0], [2683.75, 336.0], [2683.7, 25827.0], [2683.6, 100.0], [2683.5, 3418.0], [2683.45, 10000.0]], "asks": [[2684.75, 337.0], [2685.0, 1105.0], [2685.15, 1397.0], [2685.25, 2184.0], [2685.3, 1500.0], [2685.35, 20091.0], [2685.4, 49280.0], [2685.45, 3000.0], [2685.6, 15334.0], [2685.65, 2811.0], [2685.7, 13997.0], [2685.75, 1514.0], [2685.85, 288.0], [2685.9, 100.0], [2685.95, 25846.0], [2686.0, 2545.0], [2686.05, 10100.0], [2686.15, 6028.0], [2686.25, 1517.0], [2686.3, 100.0]]}}}
{"jsonrpc": "2.0", "method": "subscription", "params": {"channel": "book.ETH-PERPETUAL.none.20.100ms", "data": {"timestamp": 1740391785184, "change_id": 59510861229, "instrument_name": "ETH-PERPETUAL", "bids": [[2684.95, 101399.0], [2684.85, 29106.0], [2684.8, 10000.0], [2684.75, 11000.0], [2684.7, 57328.0], [2684.65, 10000.0], [2684.6, 162.0], [2684.55, 13484.0], [2684.5, 7321.0], [2684.4, 3065.0], [2684.35, 100.0], [2684.25, 13417.0], [2684.15, 11000.0], [2684.1, 21137.0], [2684.05, 49280.0], [2684.0, 25927.0], [2683.95, 10000.0], [2683.9, 100.0], [2683.8, 100.0], [2683.75, 336.0]], "asks": [[2685.0, 168.0], [2685.25, 2184.0], [2685.4, 49280.0], [2685.6, 6340.0], [2685.65, 8291.0], [2685.75, 1514.0], [2685.85, 13137.0], [2685.9, 50693.0], [2686.0, 16542.0], [2686.05, 17255.0], [2686.2, 25846.0], [2686.25, 1517.0], [2686.3, 7316.0], [2686.35, 10000.0], [2686.4, 100.0], [2686.5, 942.0], [2686.55, 4500.0], [2686.65, 10000.0], [2686.7, 132470.0], [2686.75, 17534.0]]}}}
{"jsonrpc": "2.0", "method": "subscription", "params": {"channel": "book.ETH-PERPETUAL.none.20.100ms", "data": {"timestamp": 1740391785512, "change_id": 59510862625, "instrument_name": "ETH-PERPETUAL", "bids": [[2685.2, 102474.0], [2685.15, 9377.0], [2685.1, 5925.0], [2685.05, 10000.0], [2685.0, 22896.0], [2684.95, 30000.0], [2684.85, 12094.0], [2684.8, 7320.0], [2684.75, 11000.0], [2684.7, 23906.0], [2684.65, 10000.0], [2684.6, 100.0], [2684.55, 288.0], [2684.5, 1.0], [2684.35, 100.0], [2684.3, 1824.0], [2684.25, 17453.0], [2684.15, 26936.0], [2684.1, 21137.0], [2684.05, 50380.0]], "asks": [[2685.25, 2184.0], [2685.3, 1405.0], [2685.35, 2999.0], [2685.5, 999.0], [2685.65, 4254.0], [2685.7, 11000.0], [2685.75, 1514.0], [2685.9, 10992.0], [2685.95, 9382.0], [2686.0, 568.0], [2686.05, 25074.0], [2686.15, 13997.0], [2686.2, 20392.0], [2686.25, 15515.0], [2686.3, 4316.0], [2686.35, 36476.0], [2686.4, 49380.0], [2686.5, 45165.0], [2686.55, 4500.0], [2686.65, 10000.0]]}}}
{"jsonrpc": "2.0", "method": "subscription", "params": {"channel": "book.ETH-PERPETUAL.none.20.100ms", "data": {"timestamp": 1740391785843, "change_id": 59510863358, "instrument_name": "ETH-PERPETUAL", "bids": [[2685.2, 110262.0], [2685.15, 9377.0], [2685.1, 5925.0], [2685.05, 10000.0], [2685.0, 22896.0], [2684.95, 30000.0], [2684.85, 12094.0], [2684.8, 7320.0], [2684.75, 11000.0], [2684.7, 23906.0], [2684.65, 10000.0], [2684.6, 100.0], [2684.5, 541.0], [2684.45, 4196.0], [2684.4, 20604.0], [2684.35, 11940.0], [2684.25, 10117.0], [2684.15, 5305.0], [2684.1, 35123.0], [2684.05, 50380.0]], "asks": [[2685.25, 2184.0], [2685.65, 500.0], [2685.75, 1514.0], [2685.9, 8181.0], [2685.95, 9382.0], [2686.0, 568.0], [2686.05, 17320.0], [2686.2, 7684.0], [2686.25, 2655.0], [2686.3, 100.0], [2686.35, 72141.0], [2686.4, 49380.0], [2686.45, 12967.0], [2686.5, 109163.0], [2686.55, 4500.0], [2686.65, 10000.0], [2686.7, 132470.0], [2686.75, 4990.0], [2686.8, 404032.0], [2686.85, 5928.0]]}}}
{"jsonrpc": "2.0", "method": "subscription", "params": {"channel": "book.ETH-PERPETUAL.none.20.100ms", "data": {"timestamp": 1740391786163, "change_id": 59510863840, "instrument_name": "ETH-PERPETUAL", "bids": [[2685.2, 121262.0], [2685.15, 24677.0], [2685.1, 30000.0], [2685.05, 10100.0], [2684.85, 12094.0], [2684.8, 7320.0], [2684.75, 11000.0], [2684.7, 23906.0], [2684.65, 10000.0], [2684.6, 100.0], [2684.5, 4093.0], [2684.4, 19101.0], [2684.35, 100.0], [2684.3, 13987.0], [2684.25, 10117.0], [2684.15, 1109.0], [2684.1, 21948.0], [2684.05, 50380.0], [2684.0, 14086.0], [2683.95, 10000.0]], "asks": [[2685.25, 874.0], [2685.65, 500.0], [2685.75, 1514.0], [2685.9, 23181.0], [2685.95, 288.0], [2686.0, 50568.0], [2686.05, 17320.0], [2686.2, 10637.0], [2686.25, 2655.0], [2686.3, 14097.0], [2686.35, 43190.0], [2686.4, 50351.0], [2686.45, 26965.0], [2686.5, 45165.0], [2686.55, 4500.0], [2686.65, 10000.0], [2686.7, 132470.0], [2686.75, 4990.0], [2686.8, 404032.0], [2686.85, 5928.0]]}}}
{"jsonrpc": "2.0", "method": "subscription", "params": {"channel": "book.ETH-PERPETUAL.none.20.100ms", "data": {"timestamp": 1740391786502, "change_id": 59510864304, "instrument_name": "ETH-PERPETUAL", "bids": [[2685.6, 105287.0], [2685.45, 2812.0], [2685.4, 17300.0], [2685.3, 9290.0], [2685.25, 21952.0], [2685.2, 19516.0], [2685.15, 9030.0], [2685.1, 30000.0], [2685.05, 100.0], [2685.0, 10000.0], [2684.85, 12094.0], [2684.8, 7320.0], [2684.75, 11000.0], [2684.7, 25619.0], [2684.65, 10000.0], [2684.6, 100.0], [2684.55, 11840.0], [2684.5, 4093.0], [2684.45, 13987.0], [2684.35, 100.0]], "asks": [[2685.65, 1905.0], [2685.75, 1514.0], [2686.0, 50568.0], [2686.05, 38185.0], [2686.15, 2811.0], [2686.2, 3827.0], [2686.25, 2655.0], [2686.3, 100.0], [2686.35, 43190.0], [2686.4, 50351.0], [2686.45, 15116.0], [2686.5, 45165.0], [2686.55, 11401.0], [2686.6, 25846.0], [2686.65, 10000.0], [2686.7, 132470.0], [2686.75, 4990.0], [2686.8, 404032.0], [2686.85, 5928.0], [2686.95, 3334.0]]}}}
{"jsonrpc": "2.0", "method": "subscription", "params": {"channel": "book.ETH-PERPETUAL.none.20.100ms", "data": {"timestamp": 1740391786830, "change_id": 59510865325, "instrument_name": "ETH-PERPETUAL", "bids": [[2685.6, 105727.0], [2685.45, 14156.0], [2685.4, 9474.0], [2685.35, 30000.0], [2685.3, 19290.0], [2685.25, 10304.0], [2685.2, 19228.0], [2685.15, 5409.0], [2685.1, 7320.0], [2685.05, 100.0], [2685.0, 10000.0], [2684.85, 12094.0], [2684.75, 11000.0], [2684.7, 39857.0], [2684.65, 10000.0], [2684.6, 100.0], [2684.5, 4737.0], [2684.45, 13986.0], [2684.4, 4844.0], [2684.35, 100.0]], "asks": [[2685.65, 130.0], [2685.75, 1514.0], [2686.0, 168.0], [2686.1, 934.0], [2686.2, 8571.0], [2686.25, 1805.0], [2686.3, 9373.0], [2686.35, 50510.0], [2686.4, 50251.0], [2686.5, 45065.0], [2686.55, 8222.0], [2686.6, 100.0], [2686.65, 23997.0], [2686.7, 132470.0], [2686.75, 17977.0], [2686.8, 402254.0], [2686.85, 4199.0], [2686.9, 13998.0], [2686.95, 3334.0], [2687.0, 11013.0]]}}}
{"jsonrpc": "2.0", "method": "subscription", "params": {"channel": "book.ETH-PERPETUAL.none.20.100ms", "data": {"timestamp": 1740391787165, "change_id": 59510866025, "instrument_name": "ETH-PERPETUAL", "bids": [[2685.7, 97334.0], [2685.65, 11593.0], [2685.6, 10000.0], [2685.5, 30000.0], [2685.45, 3060.0], [2685.4, 10100.0], [2685.3, 9290.0], [2685.25, 10304.0], [2685.2, 19228.0], [2685.15, 5409.0], [2685.1, 7320.0], [2685.05, 100.0], [2685.0, 10000.0], [2684.85, 8127.0], [2684.8, 13987.0], [2684.75, 11840.0], [2684.7, 3958.0], [2684.65, 10000.0], [2684.6, 100.0], [2684.5, 4737.0]], "asks": [[2685.75, 1514.0], [2686.0, 168.0], [2686.2, 1450.0], [2686.25, 1517.0], [2686.3, 9373.0], [2686.35, 40510.0], [2686.4, 70771.0], [2686.5, 45065.0], [2686.55, 4500.0], [2686.65, 10000.0], [2686.7, 132470.0], [2686.75, 1913.0], [2686.8, 402254.0], [2686.85, 11338.0], [2686.9, 25845.0], [2686.95, 18451.0], [2687.0, 11013.0], [2687.05, 100.0], [2687.1, 1512.0], [2687.15, 4365.0]]}}}
{"jsonrpc": "2.0", "method": "subscription", "params": {"channel": "book.ETH-PERPETUAL.none.20.100ms", "data": {"timestamp": 1740391787481, "change_id": 59510866966, "instrument_name": "ETH-PERPETUAL", "bids": [[2685.95, 31590.0], [2685.85, 3300.0], [2685.75, 19148.0], [2685.7, 26873.0], [2685.6, 288.0], [2685.45, 1814.0], [2685.4, 7420.0], [2685.3, 9290.0], [2685.25, 10304.0], [2685.2, 19228.0], [2685.15, 4372.0], [2685.05, 100.0], [2685.0, 28366.0], [2684.95, 49280.0], [2684.85, 100.0], [2684.7, 10489.0], [2684.65, 10000.0], [2684.6, 11940.0], [2684.55, 42921.0], [2684.5, 77936.0]], "asks": [[2686.0, 168.0], [2686.1, 3450.0], [2686.15, 11000.0], [2686.2, 500.0], [2686.25, 6977.0], [2686.3, 19373.0], [2686.35, 15037.0], [2686.4, 49280.0], [2686.5, 10687.0], [2686.55, 15497.0], [2686.6, 7320.0], [2686.65, 10000.0], [2686.7, 146468.0], [2686.75, 14049.0], [2686.8, 402254.0], [2686.9, 971.0], [2686.95, 4453.0], [2687.0, 11013.0], [2687.05, 100.0], [2687.15, 100.0]]}}}
{"jsonrpc": "2.0", "method": "subscription", "params": {"channel": "book.ETH-PERPETUAL.none.20.100ms", "data": {"timestamp": 1740391787823, "change_id": 59510867839, "instrument_name": "ETH-PERPETUAL", "bids": [[2685.95, 440.0], [2685.75, 2336.0], [2685.7, 7500.0], [2685.6, 2814.0], [2685.55, 9379.0], [2685.3, 6710.0], [2685.25, 10304.0], [2685.2, 11728.0], [2685.1, 5226.0], [2685.05, 10100.0], [2685.0, 25686.0], [2684.95, 49280.0], [2684.85, 100.0], [2684.7, 5188.0], [2684.65, 10000.0], [2684.6, 100.0], [2684.55, 23406.0], [2684.5, 76146.0], [2684.4, 30800.0], [2684.35, 26047.0]], "asks": [[2686.0, 19882.0], [2686.1, 3450.0], [2686.15, 11000.0], [2686.2, 24692.0], [2686.25, 41517.0], [2686.3, 26793.0], [2686.35, 47206.0], [2686.4, 49280.0], [2686.45, 28689.0], [2686.5, 54365.0], [2686.55, 2548.0], [2686.65, 10000.0], [2686.7, 132470.0], [2686.75, 2201.0], [2686.8, 406519.0], [2686.9, 971.0], [2686.95, 4453.0], [2687.0, 11013.0], [2687.05, 100.0], [2687.15, 100.0]]}}}
{"jsonrpc": "2.0", "method": "subscription", "params": {"channel": "book.ETH-PERPETUAL.none.20.100ms", "data": {"timestamp": 1740391788154, "change_id": 59510868438, "instrument_name": "ETH-PERPETUAL", "bids": [[2685.7, 37500.0], [2685.35, 288.0], [2685.3, 6610.0], [2685.25, 10304.0], [2685.2, 11728.0], [2685.15, 1342.0], [2685.1, 2226.0], [2685.05, 100.0], [2685.0, 25686.0], [2684.95, 49280.0], [2684.85, 100.0], [2684.7, 4078.0], [2684.65, 10000.0], [2684.6, 100.0], [2684.55, 24066.0], [2684.5, 76146.0], [2684.4, 30800.0], [2684.35, 100.0], [2684.25, 70562.0], [2684.15, 13987.0]], "asks": [[2685.75, 21963.0], [2685.85, 3000.0], [2685.9, 10000.0], [2685.95, 15057.0], [2686.0, 47715.0], [2686.05, 100.0], [2686.1, 9592.0], [2686.15, 24997.0], [2686.2, 34298.0], [2686.25, 67363.0], [2686.3, 38910.0], [2686.35, 40423.0], [2686.4, 49530.0], [2686.45, 250.0], [2686.5, 50842.0], [2686.55, 5548.0], [2686.65, 10000.0], [2686.7, 132470.0], [2686.75, 774.0], [2686.8, 406519.0]]}}}
{"jsonrpc": "2.0", "method": "subscription", "params": {"channel": "book.ETH-PERPETUAL.none.20.100ms", "data": {"timestamp": 1740391788483, "change_id": 59510869278, "instrument_name": "ETH-PERPETUAL", "bids": [[2685.7, 7500.0], [2685.35, 288.0], [2685.3, 6610.0], [2685.2, 11000.0], [2685.15, 9382.0], [2685.0, 18366.0], [2684.95, 49280.0], [2684.85, 3000.0], [2684.8, 10000.0], [2684.6, 3386.0], [2684.55, 7860.0], [2684.5, 1.0], [2684.4, 3101.0], [2684.35, 100.0], [2684.25, 26247.0], [2684.2, 11840.0], [2684.15, 30000.0], [2684.1, 30464.0], [2684.05, 14137.0], [2684.0, 76245.0]], "asks": [[2685.75, 57538.0], [2685.8, 16815.0], [2685.85, 9382.0], [2685.9, 40764.0], [2685.95, 40000.0], [2686.0, 81100.0], [2686.05, 8452.0], [2686.15, 14691.0], [2686.2, 28210.0], [2686.25, 1517.0], [2686.3, 42728.0], [2686.35, 19302.0], [2686.4, 49280.0], [2686.5, 1961.0], [2686.55, 5548.0], [2686.65, 10000.0], [2686.7, 132470.0], [2686.75, 774.0], [2686.8, 402254.0], [2686.95, 3334.0]]}}}
{"jsonrpc": "2.0", "method": "subscription", "params": {"channel": "book.ETH-PERPETUAL.none.20.100ms", "data": {"timestamp": 1740391788811, "change_id": 59510870556, "instrument_name": "ETH-PERPETUAL", "bids": [[2685.95, 102934.0], [2685.85, 8813.0], [2685.8, 21000.0], [2685.75, 15817.0], [2685.7, 7500.0], [2685.6, 9389.0], [2685.5, 2196.0], [2685.45, 7320.0], [2685.35, 100.0], [2685.3, 12038.0], [2685.2, 11000.0], [2685.15, 32503.0], [2685.1, 10000.0], [2685.05, 11940.0], [2685.0, 32354.0], [2684.95, 49280.0], [2684.85, 3000.0], [2684.8, 10000.0], [2684.7, 6413.0], [2684.65, 19914.0]], "asks": [[2686.0, 297.0], [2686.25, 1517.0], [2686.35, 500.0], [2686.4, 49280.0], [2686.5, 7393.0], [2686.55, 10337.0], [2686.6, 7320.0], [2686.65, 10000.0], [2686.75, 674.0], [2686.85, 7854.0], [2686.95, 29180.0], [2687.0, 11013.0], [2687.05, 100.0], [2687.1, 4552.0], [2687.15, 14498.0], [2687.25, 3911.0], [2687.3, 10000.0], [2687.4, 250.0], [2687.5, 1013.0], [2687.55, 4478.0]]}}}
{"jsonrpc": "2.0", "method": "subscription", "params": {"channel": "book.ETH-PERPETUAL.none.20.100ms", "data": {"timestamp": 1740391789139, "change_id": 59510871140, "instrument_name": "ETH-PERPETUAL", "bids": [[2685.95, 66007.0], [2685.85, 18212.0], [2685.8, 21000.0], [2685.75, 13286.0], [2685.7, 7788.0], [2685.5, 2196.0], [2685.45, 8662.0], [2685.35, 640.0], [2685.3, 12038.0], [2685.2, 11000.0], [2685.15, 25530.0], [2685.1, 10000.0], [2685.05, 100.0], [2685.0, 18366.0], [2684.95, 49280.0], [2684.85, 3030.0], [2684.8, 10000.0], [2684.7, 9522.0], [2684.65, 17768.0], [2684.6, 16126.0]], "asks": [[2686.0, 1589.0], [2686.25, 1517.0], [2686.35, 15537.0], [2686.4, 52123.0], [2686.5, 19633.0], [2686.55, 24335.0], [2686.6, 21318.0], [2686.65, 21848.0], [2686.75, 1954.0], [2686.8, 4265.0], [2686.85, 100.0], [2686.95, 3334.0], [2687.0, 11013.0], [2687.05, 100.0], [2687.15, 500.0], [2687.25, 3911.0], [2687.3, 10000.0], [2687.35, 1139.0], [2687.4, 250.0], [2687.5, 1013.0]]}}}
{"jsonrpc": "2.0", "method": "subscription", "params": {"channel": "book.ETH-PERPETUAL.none.20.100ms", "data": {"timestamp": 1740391789470, "change_id": 59510871756, "instrument_name": "ETH-PERPETUAL", "bids": [[2685.95, 595.0], [2685.65, 3300.0], [2685.6, 11000.0], [2685.55, 2820.0], [2685.5, 9399.0], [2685.35, 100.0], [2685.3, 12038.0], [2685.2, 11000.0], [2685.15, 22500.0], [2685.1, 2226.0], [2685.05, 7420.0], [2685.0, 18366.0], [2684.95, 49280.0], [2684.85, 3030.0], [2684.8, 10000.0], [2684.7, 11575.0], [2684.6, 2950.0], [2684.55, 65684.0], [2684.5, 76145.0], [2684.45, 13988.0]], "asks": [[2686.0, 21251.0], [2686.1, 9399.0], [2686.15, 9000.0], [2686.2, 30000.0], [2686.25, 6300.0], [2686.3, 17320.0], [2686.35, 24657.0], [2686.4, 52123.0], [2686.5, 58458.0], [2686.55, 948.0], [2686.6, 11948.0], [2686.65, 11568.0], [2686.75, 674.0], [2686.8, 4553.0], [2686.85, 100.0], [2686.9, 1139.0], [2686.95, 4305.0], [2687.0, 10676.0], [2687.05, 100.0], [2687.15, 500.0]]}}}
{"jsonrpc": "2.0", "method": "subscription", "params": {"channel": "book.ETH-PERPETUAL.none.20.100ms", "data": {"timestamp": 1740391789801, "change_id": 59510872251, "instrument_name": "ETH-PERPETUAL", "bids": [[2685.95, 8383.0], [2685.65, 3300.0], [2685.6, 11000.0], [2685.55, 2820.0], [2685.5, 9399.0], [2685.35, 100.0], [2685.3, 12038.0], [2685.2, 12342.0], [2685.15, 22500.0], [2685.1, 2226.0], [2685.05, 7960.0], [2685.0, 18366.0], [2684.95, 49280.0], [2684.85, 3030.0], [2684.8, 10000.0], [2684.7, 16500.0], [2684.65, 11840.0], [2684.6, 16938.0], [2684.55, 53844.0], [2684.5, 76145.0]], "asks": [[2686.0, 21246.0], [2686.05, 2820.0], [2686.1, 9399.0], [2686.2, 8600.0], [2686.25, 11348.0], [2686.3, 17320.0], [2686.35, 15037.0], [2686.4, 52123.0], [2686.45, 250.0], [2686.5, 13780.0], [2686.55, 1198.0], [2686.6, 39944.0], [2686.65, 21568.0], [2686.75, 20674.0], [2686.8, 4553.0], [2686.85, 14153.0], [2686.9, 45873.0], [2686.95, 4305.0], [2687.0, 10676.0], [2687.05, 100.0]]}}}
{"jsonrpc": "2.0", "method": "subscription", "params": {"channel": "book.ETH-PERPETUAL.none.20.100ms", "data": {"timestamp": 1740391790134, "change_id": 59510872670, "instrument_name": "ETH-PERPETUAL", "bids": [[2685.95, 39676.0], [2685.75, 25.0], [2685.65, 3300.0], [2685.6, 11000.0], [2685.5, 2818.0], [2685.45, 9393.0], [2685.35, 100.0], [2685.3, 12038.0], [2685.25, 1346.0], [2685.2, 12342.0], [2685.15, 22500.0], [2685.1, 2226.0], [2685.05, 7960.0], [2685.0, 18366.0], [2684.95, 49280.0], [2684.85, 3030.0], [2684.8, 10000.0], [2684.7, 14088.0], [2684.65, 11840.0], [2684.6, 2950.0]], "asks": [[2686.0, 6341.0], [2686.1, 9399.0], [2686.2, 9096.0], [2686.25, 1348.0], [2686.3, 31305.0], [2686.35, 15037.0], [2686.4, 52373.0], [2686.5, 4063.0], [2686.55, 948.0], [2686.6, 100.0], [2686.65, 11568.0], [2686.7, 13998.0], [2686.75, 36520.0], [2686.8, 4553.0], [2686.85, 100.0], [2686.9, 1139.0], [2686.95, 4305.0], [2687.0, 10676.0], [2687.05, 100.0], [2687.15, 100.0]]}}}
{"jsonrpc": "2.0", "method": "subscription", "params": {"channel": "book.ETH-PERPETUAL.none.20.100ms", "data": {"timestamp": 1740391790449, "change_id": 59510872999, "instrument_name": "ETH-PERPETUAL", "bids": [[2685.95, 50674.0], [2685.75, 25.0], [2685.6, 6118.0], [2685.55, 11000.0], [2685.45, 9393.0], [2685.35, 100.0], [2685.3, 12038.0], [2685.25, 1346.0], [2685.2, 12342.0], [2685.15, 22500.0], [2685.1, 2226.0], [2685.05, 7960.0], [2685.0, 18366.0], [2684.95, 49280.0], [2684.9, 11840.0], [2684.85, 3030.0], [2684.8, 23988.0], [2684.7, 100.0], [2684.6, 2950.0], [2684.55, 23324.0]], "asks": [[2686.0, 12041.0], [2686.05, 5200.0], [2686.1, 9399.0], [2686.2, 5600.0], [2686.25, 1348.0], [2686.3, 17320.0], [2686.35, 15037.0], [2686.4, 52123.0], [2686.5, 4063.0], [2686.55, 948.0], [2686.6, 100.0], [2686.65, 11568.0], [2686.75, 674.0], [2686.8, 4553.0], [2686.85, 28096.0], [2686.9, 57610.0], [2686.95, 4305.0], [2687.0, 10676.0], [2687.05, 100.0], [2687.15, 100.0]]}}}
{"jsonrpc": "2.0", "method": "subscription", "params": {"channel": "book.ETH-PERPETUAL.none.20.100ms", "data": {"timestamp": 1740391790793, "change_id": 59510873428, "instrument_name": "ETH-PERPETUAL", "bids": [[2685.95, 50674.0], [2685.75, 25.0], [2685.6, 6118.0], [2685.55, 11000.0], [2685.45, 9393.0], [2685.35, 100.0], [2685.3, 13380.0], [2685.25, 1346.0], [2685.2, 11000.0], [2685.15, 22500.0], [2685.1, 2226.0], [2685.05, 7960.0], [2685.0, 18366.0], [2684.95, 49280.0], [2684.85, 14870.0], [2684.8, 10000.0], [2684.7, 5181.0], [2684.65, 13988.0], [2684.6, 2950.0], [2684.55, 23324.0]], "asks": [[2686.0, 12501.0], [2686.05, 5200.0], [2686.1, 9399.0], [2686.2, 5600.0], [2686.25, 1348.0], [2686.3, 17320.0], [2686.35, 28959.0], [2686.4, 52123.0], [2686.45, 21491.0], [2686.5, 54063.0], [2686.55, 1198.0], [2686.6, 100.0], [2686.65, 18297.0], [2686.7, 250.0], [2686.75, 24672.0], [2686.8, 36357.0], [2686.85, 25946.0], [2686.9, 45762.0], [2686.95, 4305.0], [2687.0, 10676.0]]}}}
{"jsonrpc": "2.0", "method": "subscription", "params": {"channel": "book.ETH-PERPETUAL.none.20.100ms", "data": {"timestamp": 1740391791119, "change_id": 59510873850, "instrument_name": "ETH-PERPETUAL", "bids": [[2685.95, 39827.0], [2685.75, 25.0], [2685.6, 6118.0], [2685.55, 11000.0], [2685.45, 9393.0], [2685.4, 2629.0], [2685.35, 7420.0], [2685.3, 13380.0], [2685.25, 1346.0], [2685.2, 11000.0], [2685.15, 22500.0], [2685.05, 640.0], [2685.0, 18366.0], [2684.95, 49280.0], [2684.85, 3030.0], [2684.8, 21840.0], [2684.7, 100.0], [2684.65, 13988.0], [2684.6, 2950.0], [2684.55, 23174.0]], "asks": [[2686.0, 2004.0], [2686.1, 2816.0], [2686.15, 9388.0], [2686.2, 3404.0], [2686.25, 1348.0], [2686.3, 10000.0], [2686.35, 28959.0], [2686.4, 52123.0], [2686.45, 21491.0], [2686.5, 14035.0], [2686.55, 1198.0], [2686.6, 100.0], [2686.65, 29294.0], [2686.7, 26096.0], [2686.75, 14672.0], [2686.8, 4265.0], [2686.85, 100.0], [2686.9, 45762.0], [2686.95, 4305.0], [2687.0, 10676.0]]}}}
{"jsonrpc": "2.0", "method": "subscription", "params": {"channel": "book.ETH-PERPETUAL.none.20.100ms", "data": {"timestamp": 1740391791448, "change_id": 59510874368, "instrument_name": "ETH-PERPETUAL", "bids": [[2685.95, 8215.0], [2685.75, 25.0], [2685.6, 5766.0], [2685.5, 11000.0], [2685.45, 9393.0], [2685.35, 100.0], [2685.3, 13380.0], [2685.25, 1346.0], [2685.2, 11000.0], [2685.15, 22500.0], [2685.1, 7320.0], [2685.05, 100.0], [2685.0, 18366.0], [2684.95, 49280.0], [2684.85, 3030.0], [2684.8, 10000.0], [2684.7, 100.0], [2684.6, 2950.0], [2684.55, 53724.0], [2684.5, 78161.0]], "asks": [[2686.0, 48760.0], [2686.05, 11000.0], [2686.1, 4660.0], [2686.15, 9388.0], [2686.2, 10754.0], [2686.25, 1348.0], [2686.3, 10100.0], [2686.35, 40062.0], [2686.4, 77969.0], [2686.45, 45489.0], [2686.5, 57150.0], [2686.55, 1198.0], [2686.6, 100.0], [2686.65, 20288.0], [2686.75, 674.0], [2686.8, 4265.0], [2686.85, 100.0], [2686.9, 45762.0], [2686.95, 4305.0], [2687.0, 10676.0]]}}}
{"jsonrpc": "2.0", "method": "subscription", "params": {"channel": "book.ETH-PERPETUAL.none.20.100ms", "data": {"timestamp": 1740391791780, "change_id": 59510874912, "instrument_name": "ETH-PERPETUAL", "bids": [[2685.95, 8095.0], [2685.75, 313.0], [2685.6, 2818.0], [2685.45, 9393.0], [2685.3, 12038.0], [2685.25, 1346.0], [2685.2, 11000.0], [2685.15, 24726.0], [2685.1, 7320.0], [2685.05, 100.0], [2685.0, 18366.0], [2684.95, 49280.0], [2684.85, 540.0], [2684.75, 10000.0], [2684.7, 100.0], [2684.6, 2138.0], [2684.55, 13743.0], [2684.5, 32136.0], [2684.45, 11840.0], [2684.4, 3065.0]], "asks": [[2686.0, 59194.0], [2686.05, 11000.0], [2686.1, 2816.0], [2686.2, 23954.0], [2686.25, 31348.0], [2686.3, 10100.0], [2686.35, 54060.0], [2686.4, 77969.0], [2686.45, 21491.0], [2686.5, 54475.0], [2686.55, 1198.0], [2686.6, 100.0], [2686.65, 10288.0], [2686.75, 674.0], [2686.8, 4265.0], [2686.85, 14120.0], [2686.9, 45762.0], [2686.95, 4305.0], [2687.0, 10676.0], [2687.05, 100.0]]}}}
{"jsonrpc": "2.0", "method": "subscription", "params": {"channel": "book.ETH-PERPETUAL.none.20.100ms", "data": {"timestamp": 1740391792116, "change_id": 59510875369, "instrument_name": "ETH-PERPETUAL", "bids": [[2685.95, 7500.0], [2685.75, 313.0], [2685.6, 2818.0], [2685.45, 9393.0], [2685.3, 12038.0], [2685.25, 1346.0], [2685.2, 11000.0], [2685.15, 24726.0], [2685.1, 7320.0], [2685.05, 100.0], [2685.0, 18366.0], [2684.95, 50622.0], [2684.85, 540.0], [2684.75, 10000.0], [2684.7, 100.0], [2684.6, 2138.0], [2684.55, 550.0], [2684.5, 32136.0], [2684.4, 3065.0], [2684.35, 14088.0]], "asks": [[2686.0, 49294.0], [2686.05, 11000.0], [2686.1, 4844.0], [2686.15, 10000.0], [2686.2, 23954.0], [2686.25, 31598.0], [2686.3, 36196.0], [2686.35, 33642.0], [2686.4, 52123.0], [2686.5, 4225.0], [2686.55, 948.0], [2686.6, 100.0], [2686.65, 10288.0], [2686.7, 10000.0], [2686.75, 674.0], [2686.8, 14265.0], [2686.85, 14120.0], [2686.9, 45762.0], [2686.95, 4305.0], [2687.0, 60676.0]]}}}
{"jsonrpc": "2.0", "method": "subscription", "params": {"channel": "book.ETH-PERPETUAL.none.20.100ms", "data": {"timestamp": 1740391792442, "change_id": 59510875648, "instrument_name": "ETH-PERPETUAL", "bids": [[2685.95, 7500.0], [2685.75, 313.0], [2685.6, 2818.0], [2685.45, 9393.0], [2685.3, 12038.0], [2685.25, 1346.0], [2685.2, 11000.0], [2685.15, 24726.0], [2685.1, 7320.0], [2685.05, 100.0], [2685.0, 18366.0], [2684.95, 50622.0], [2684.85, 540.0], [2684.75, 10000.0], [2684.7, 100.0], [2684.6, 2138.0], [2684.55, 550.0], [2684.5, 32136.0], [2684.4, 3065.0], [2684.35, 100.0]], "asks": [[2686.0, 105791.0], [2686.05, 11000.0], [2686.1, 15842.0], [2686.15, 31489.0], [2686.2, 45652.0], [2686.25, 67444.0], [2686.3, 20350.0], [2686.35, 19644.0], [2686.4, 52123.0], [2686.5, 4225.0], [2686.55, 948.0], [2686.6, 100.0], [2686.65, 10288.0], [2686.75, 674.0], [2686.8, 4265.0], [2686.85, 14120.0], [2686.9, 45762.0], [2686.95, 4305.0], [2687.0, 10676.0], [2687.05, 100.0]]}}}
{"jsonrpc": "2.0", "method": "subscription", "params": {"channel": "book.ETH-PERPETUAL.none.20.100ms", "data": {"timestamp": 1740391792770, "change_id": 59510875942, "instrument_name": "ETH-PERPETUAL", "bids": [[2685.95, 8082.0], [2685.75, 313.0], [2685.6, 2818.0], [2685.45, 9393.0], [2685.3, 12038.0], [2685.25, 1346.0], [2685.2, 11000.0], [2685.15, 24726.0], [2685.1, 7320.0], [2685.05, 100.0], [2685.0, 18366.0], [2684.95, 50622.0], [2684.85, 540.0], [2684.75, 10000.0], [2684.7, 100.0], [2684.6, 2138.0], [2684.55, 550.0], [2684.5, 32136.0], [2684.4, 33269.0], [2684.35, 100.0]], "asks": [[2686.0, 105791.0], [2686.05, 11000.0], [2686.1, 15842.0], [2686.15, 41489.0], [2686.2, 31654.0], [2686.25, 77444.0], [2686.3, 34348.0], [2686.35, 19644.0], [2686.4, 52123.0], [2686.5, 4225.0], [2686.55, 948.0], [2686.6, 100.0], [2686.65, 10288.0], [2686.75, 674.0], [2686.8, 4265.0], [2686.85, 100.0], [2686.9, 1139.0], [2686.95, 3334.0], [2687.0, 10676.0], [2687.05, 100.0]]}}}
{"jsonrpc": "2.0", "method": "subscription", "params": {"channel": "book.ETH-PERPETUAL.none.20.100ms", "data": {"timestamp": 1740391793100, "change_id": 59510876472, "instrument_name": "ETH-PERPETUAL", "bids": [[2685.95, 8082.0], [2685.75, 25.0], [2685.3, 6610.0], [2685.25, 1346.0], [2685.15, 22500.0], [2685.0, 18366.0], [2684.95, 49280.0], [2684.85, 2766.0], [2684.8, 7320.0], [2684.7, 100.0], [2684.6, 2138.0], [2684.55, 550.0], [2684.5, 32136.0], [2684.4, 33269.0], [2684.35, 100.0], [2684.25, 86245.0], [2684.15, 25828.0], [2684.1, 3075.0], [2684.0, 100.0], [2683.95, 10000.0]], "asks": [[2686.0, 135892.0], [2686.05, 11000.0], [2686.1, 25842.0], [2686.15, 47335.0], [2686.2, 24977.0], [2686.25, 1348.0], [2686.3, 10100.0], [2686.35, 19394.0], [2686.4, 52123.0], [2686.5, 18084.0], [2686.55, 948.0], [2686.6, 100.0], [2686.65, 55229.0], [2686.75, 674.0], [2686.8, 4265.0], [2686.85, 100.0], [2686.95, 20055.0], [2687.0, 10676.0], [2687.05, 100.0], [2687.15, 100.0]]}}}
{"jsonrpc": "2.0", "method": "subscription", "params": {"channel": "book.ETH-PERPETUAL.none.20.100ms", "data": {"timestamp": 1740391793435, "change_id": 59510877997, "instrument_name": "ETH-PERPETUAL", "bids": [[2685.0, 18047.0], [2684.95, 7.0], [2684.7, 7064.0], [2684.65, 11249.0], [2684.6, 22110.0], [2684.55, 3855.0], [2684.5, 2016.0], [2684.45, 9382.0], [2684.2, 941.0], [2684.05, 4821.0], [2684.0, 10000.0], [2683.95, 7320.0], [2683.85, 3582.0], [2683.8, 11940.0], [2683.65, 22592.0], [2683.6, 63368.0], [2683.55, 30000.0], [2683.5, 3130.0], [2683.45, 10000.0], [2683.4, 14086.0]], "asks": [[2685.05, 1620.0], [2685.15, 8380.0], [2685.2, 10000.0], [2685.3, 17102.0], [2685.4, 1310.0], [2685.45, 17958.0], [2685.5, 40000.0], [2685.6, 14060.0], [2685.65, 100.0], [2685.7, 13998.0], [2685.75, 40394.0], [2685.8, 10150.0], [2685.95, 17885.0], [2686.0, 66731.0], [2686.15, 1823.0], [2686.2, 10477.0], [2686.25, 1348.0], [2686.3, 35100.0], [2686.35, 29644.0], [2686.4, 60669.0]]}}}
{"jsonrpc": "2.0", "method": "subscription", "params": {"channel": "book.ETH-PERPETUAL.none.20.100ms", "data": {"timestamp": 1740391793766, "change_id": 59510878907, "instrument_name": "ETH-PERPETUAL", "bids": [[2685.0, 984.0], [2684.7, 7064.0], [2684.65, 11000.0], [2684.6, 21000.0], [2684.55, 3819.0], [2684.5, 11398.0], [2684.25, 1342.0], [2684.05, 4921.0], [2684.0, 10000.0], [2683.95, 7320.0], [2683.9, 7431.0], [2683.8, 25928.0], [2683.65, 23132.0], [2683.6, 49380.0], [2683.55, 30000.0], [2683.5, 6947.0], [2683.45, 10000.0], [2683.4, 100.0], [2683.35, 13986.0], [2683.3, 100.0]], "asks": [[2685.05, 13663.0], [2685.15, 8131.0], [2685.2, 10000.0], [2685.3, 16990.0], [2685.4, 7591.0], [2685.45, 39441.0], [2685.5, 40000.0], [2685.6, 8697.0], [2685.65, 100.0], [2685.75, 35119.0], [2685.8, 10150.0], [2685.85, 14969.0], [2685.9, 11848.0], [2685.95, 3409.0], [2686.0, 11264.0], [2686.15, 1823.0], [2686.2, 10477.0], [2686.25, 1348.0], [2686.3, 35100.0], [2686.35, 34054.0]]}}}
{"jsonrpc": "2.0", "method": "subscription", "params": {"channel": "book.ETH-PERPETUAL.none.20.100ms", "data": {"timestamp": 1740391794085, "change_id": 59510879481, "instrument_name": "ETH-PERPETUAL", "bids": [[2685.0, 38196.0], [2684.95, 6.0], [2684.7, 7064.0], [2684.65, 11000.0], [2684.6, 21000.0], [2684.55, 3818.0], [2684.5, 11394.0], [2684.25, 1342.0], [2684.15, 935.0], [2684.05, 4921.0], [2684.0, 10000.0], [2683.95, 7320.0], [2683.9, 100.0], [2683.8, 7466.0], [2683.7, 25828.0], [2683.65, 15384.0], [2683.6, 49380.0], [2683.5, 6947.0], [2683.45, 10000.0], [2683.4, 100.0]], "asks": [[2685.05, 3763.0], [2685.15, 8131.0], [2685.2, 10000.0], [2685.3, 16990.0], [2685.4, 11085.0], [2685.45, 53706.0], [2685.5, 40250.0], [2685.55, 10000.0], [2685.6, 25756.0], [2685.65, 25946.0], [2685.7, 13998.0], [2685.75, 11100.0], [2685.8, 23239.0], [2685.85, 971.0], [2685.9, 42658.0], [2685.95, 2519.0], [2686.0, 6496.0], [2686.15, 1823.0], [2686.2, 10477.0], [2686.25, 2395.0]]}}}
{"jsonrpc": "2.0", "method": "subscription", "params": {"channel": "book.ETH-PERPETUAL.none.20.100ms", "data": {"timestamp": 1740391794425, "change_id": 59510879850, "instrument_name": "ETH-PERPETUAL", "bids": [[2685.0, 324.0], [2684.75, 336.0], [2684.55, 3818.0], [2684.5, 11682.0], [2684.25, 1679.0], [2684.05, 1921.0], [2683.95, 7320.0], [2683.9, 100.0], [2683.85, 3030.0], [2683.8, 14458.0], [2683.65, 34369.0], [2683.6, 79380.0], [2683.55, 13988.0], [2683.5, 3635.0], [2683.45, 10000.0], [2683.4, 100.0], [2683.3, 4880.0], [2683.25, 14136.0], [2683.2, 19190.0], [2683.15, 10100.0]], "asks": [[2685.05, 44359.0], [2685.1, 11000.0], [2685.15, 8131.0], [2685.2, 10000.0], [2685.3, 16702.0], [2685.4, 11085.0], [2685.45, 75180.0], [2685.5, 90250.0], [2685.55, 23998.0], [2685.6, 29000.0], [2685.65, 11948.0], [2685.75, 100.0], [2685.8, 23239.0], [2685.85, 971.0], [2685.9, 42658.0], [2685.95, 2519.0], [2686.0, 6496.0], [2686.15, 1823.0], [2686.2, 10477.0], [2686.25, 2395.0]]}}}
{"jsonrpc": "2.0", "method": "subscription", "params": {"channel": "book.ETH-PERPETUAL.none.20.100ms", "data": {"timestamp": 1740391794755, "change_id": 59510880839, "instrument_name": "ETH-PERPETUAL", "bids": [[2684.75, 336.0], [2684.5, 2016.0], [2684.25, 337.0], [2683.65, 43861.0], [2683.6, 156946.0], [2683.5, 3635.0], [2683.45, 10000.0], [2683.4, 100.0], [2683.3, 100.0], [2683.25, 150.0], [2683.2, 6724.0], [2683.15, 10100.0], [2683.05, 14448.0], [2683.0, 15193.0], [2682.9, 13988.0], [2682.85, 3100.0], [2682.8, 10000.0], [2682.7, 100.0], [2682.6, 8347.0], [2682.55, 100.0]], "asks": [[2684.8, 68764.0], [2684.85, 18381.0], [2684.9, 10000.0], [2684.95, 40100.0], [2685.0, 30161.0], [2685.05, 52719.0], [2685.1, 11000.0], [2685.25, 100.0], [2685.3, 9109.0], [2685.4, 250.0], [2685.45, 44189.0], [2685.5, 10000.0], [2685.55, 49280.0], [2685.6, 1138.0], [2685.65, 100.0], [2685.75, 100.0], [2685.8, 23089.0], [2685.85, 971.0], [2685.9, 42658.0], [2685.95, 20407.0]]}}}
{"jsonrpc": "2.0", "method": "subscription", "params": {"channel": "book.ETH-PERPETUAL.none.20.100ms", "data": {"timestamp": 1740391795087, "change_id": 59510881816, "instrument_name": "ETH-PERPETUAL", "bids": [[2684.75, 8498.0], [2684.5, 2016.0], [2684.25, 337.0], [2684.2, 3030.0], [2684.15, 10000.0], [2684.1, 2914.0], [2684.05, 9380.0], [2683.9, 5132.0], [2683.85, 17420.0], [2683.8, 935.0], [2683.7, 100.0], [2683.65, 43861.0], [2683.6, 156866.0], [2683.55, 11840.0], [2683.5, 17623.0], [2683.45, 10000.0], [2683.4, 100.0], [2683.3, 4880.0], [2683.25, 150.0], [2683.2, 20710.0]], "asks": [[2684.8, 11406.0], [2685.0, 3880.0], [2685.05, 2697.0], [2685.1, 7320.0], [2685.25, 100.0], [2685.4, 971.0], [2685.45, 18441.0], [2685.5, 23998.0], [2685.55, 49280.0], [2685.6, 7814.0], [2685.65, 25946.0], [2685.75, 100.0], [2685.8, 23089.0], [2685.85, 4305.0], [2685.9, 42658.0], [2685.95, 18867.0], [2686.0, 62556.0], [2686.15, 1823.0], [2686.2, 10477.0], [2686.25, 1916.0]]}}}
{"jsonrpc": "2.0", "method": "subscription", "params": {"channel": "book.ETH-PERPETUAL.none.20.100ms", "data": {"timestamp": 1740391795412, "change_id": 59510882387, "instrument_name": "ETH-PERPETUAL", "bids": [[2684.75, 83136.0], [2684.5, 2304.0], [2684.45, 3300.0], [2684.4, 11000.0], [2684.35, 2919.0], [2684.3, 9394.0], [2684.25, 15671.0], [2684.2, 45100.0], [2684.15, 10000.0], [2684.1, 100.0], [2683.9, 5132.0], [2683.85, 17420.0], [2683.8, 935.0], [2683.75, 7331.0], [2683.7, 25928.0], [2683.65, 43861.0], [2683.6, 126866.0], [2683.5, 4735.0], [2683.45, 10000.0], [2683.4, 100.0]], "asks": [[2684.8, 11403.0], [2685.05, 11359.0], [2685.1, 7320.0], [2685.15, 5359.0], [2685.2, 20632.0], [2685.3, 6546.0], [2685.35, 10000.0], [2685.4, 1221.0], [2685.45, 28979.0], [2685.5, 20000.0], [2685.55, 49280.0], [2685.6, 11093.0], [2685.65, 100.0], [2685.75, 39943.0], [2685.8, 23089.0], [2685.85, 4305.0], [2685.9, 42658.0], [2685.95, 16617.0], [2686.0, 56160.0], [2686.15, 1823.0]]}}}
{"jsonrpc": "2.0", "method": "subscription", "params": {"channel": "book.ETH-PERPETUAL.none.20.100ms", "data": {"timestamp": 1740391795743, "change_id": 59510882866, "instrument_name": "ETH-PERPETUAL", "bids": [[2684.75, 68044.0], [2684.5, 2304.0], [2684.45, 3300.0], [2684.4, 11000.0], [2684.25, 15671.0], [2684.2, 45100.0], [2684.15, 10000.0], [2684.1, 100.0], [2683.9, 5387.0], [2683.85, 10100.0], [2683.8, 9106.0], [2683.75, 3582.0], [2683.7, 100.0], [2683.65, 55701.0], [2683.6, 126866.0], [2683.55, 13988.0], [2683.5, 4735.0], [2683.45, 10000.0], [2683.4, 100.0], [2683.35, 4810.0]], "asks": [[2684.8, 11403.0], [2685.0, 3135.0], [2685.05, 10449.0], [2685.2, 2870.0], [2685.4, 250.0], [2685.45, 37340.0], [2685.5, 60000.0], [2685.55, 57701.0], [2685.6, 31609.0], [2685.65, 100.0], [2685.7, 11848.0], [2685.75, 4392.0], [2685.8, 10000.0], [2685.85, 4305.0], [2685.95, 1848.0], [2686.0, 6160.0], [2686.05, 1138.0], [2686.15, 1823.0], [2686.2, 10477.0], [2686.25, 2451.0]]}}}
{"jsonrpc": "2.0", "method": "subscription", "params": {"channel": "book.ETH-PERPETUAL.none.20.100ms", "data": {"timestamp": 1740391796081, "change_id": 59510883343, "instrument_name": "ETH-PERPETUAL", "bids": [[2684.75, 68043.0], [2684.5, 2016.0], [2684.45, 5706.0], [2684.4, 20394.0], [2684.25, 15671.0], [2684.2, 45100.0], [2684.15, 10000.0], [2684.1, 1442.0], [2683.9, 5387.0], [2683.85, 10100.0], [2683.8, 9106.0], [2683.75, 3582.0], [2683.7, 100.0], [2683.65, 55701.0], [2683.6, 125525.0], [2683.55, 13988.0], [2683.5, 3635.0], [2683.45, 10000.0], [2683.4, 911.0], [2683.35, 4810.0]], "asks": [[2684.8, 11277.0], [2685.0, 3135.0], [2685.05, 10449.0], [2685.2, 2870.0], [2685.25, 116.0], [2685.35, 11979.0], [2685.4, 31733.0], [2685.45, 47340.0], [2685.5, 70000.0], [2685.55, 57701.0], [2685.6, 29459.0], [2685.65, 100.0], [2685.7, 13998.0], [2685.75, 18591.0], [2685.8, 54632.0], [2685.85, 4305.0], [2685.95, 1848.0], [2686.0, 6160.0], [2686.05, 1138.0], [2686.15, 1823.0]]}}}
{"jsonrpc": "2.0", "method": "subscription", "params": {"channel": "book.ETH-PERPETUAL.none.20.100ms", "data": {"timestamp": 1740391796404, "change_id": 59510883580, "instrument_name": "ETH-PERPETUAL", "bids": [[2684.75, 58609.0], [2684.55, 7011.0], [2684.5, 13016.0], [2684.4, 9394.0], [2684.25, 15671.0], [2684.2, 45100.0], [2684.15, 10000.0], [2684.1, 1442.0], [2683.9, 5387.0], [2683.85, 10100.0], [2683.8, 9106.0], [2683.75, 3582.0], [2683.7, 100.0], [2683.65, 55701.0], [2683.6, 125525.0], [2683.55, 13988.0], [2683.5, 3635.0], [2683.45, 10000.0], [2683.4, 911.0], [2683.35, 4810.0]], "asks": [[2684.8, 11277.0], [2685.05, 549.0], [2685.1, 3300.0], [2685.15, 11926.0], [2685.2, 2870.0], [2685.25, 116.0], [2685.35, 6711.0], [2685.4, 21733.0], [2685.45, 47340.0], [2685.5, 70000.0], [2685.55, 93546.0], [2685.6, 3614.0], [2685.65, 100.0], [2685.7, 13998.0], [2685.75, 19562.0], [2685.8, 54632.0], [2685.85, 4305.0], [2685.95, 1848.0], [2686.0, 6160.0], [2686.05, 1138.0]]}}}
{"jsonrpc": "2.0", "method": "subscription", "params": {"channel": "book.ETH-PERPETUAL.none.20.100ms", "data": {"timestamp": 1740391796733, "change_id": 59510883835, "instrument_name": "ETH-PERPETUAL", "bids": [[2684.75, 58459.0], [2684.55, 6723.0], [2684.5, 13304.0], [2684.4, 9394.0], [2684.25, 15671.0], [2684.2, 45100.0], [2684.15, 10000.0], [2684.1, 1442.0], [2683.9, 5387.0], [2683.85, 10100.0], [2683.8, 9106.0], [2683.7, 100.0], [2683.65, 43861.0], [2683.6, 139513.0], [2683.55, 11840.0], [2683.5, 3635.0], [2683.45, 10000.0], [2683.4, 911.0], [2683.35, 150.0], [2683.3, 100.0]], "asks": [[2684.8, 11401.0], [2685.05, 3849.0], [2685.15, 11000.0], [2685.2, 2870.0], [2685.25, 116.0], [2685.35, 6711.0], [2685.4, 21733.0], [2685.45, 37340.0], [2685.5, 24305.0], [2685.55, 67701.0], [2685.65, 100.0], [2685.7, 39843.0], [2685.75, 19562.0], [2685.8, 54632.0], [2685.95, 1848.0], [2686.0, 56160.0], [2686.15, 1823.0], [2686.2, 10477.0], [2686.25, 3799.0], [2686.3, 35250.0]]}}}
{"jsonrpc": "2.0", "method": "subscription", "params": {"channel": "book.ETH-PERPETUAL.none.20.100ms", "data": {"timestamp": 1740391797066, "change_id": 59510884981, "instrument_name": "ETH-PERPETUAL", "bids": [[2685.0, 117633.0], [2684.9, 3000.0], [2684.85, 24820.0], [2684.8, 11100.0], [2684.75, 42151.0], [2684.55, 6723.0], [2684.5, 13116.0], [2684.45, 10000.0], [2684.4, 100.0], [2684.3, 100.0], [2684.25, 15671.0], [2684.2, 45100.0], [2684.15, 10000.0], [2684.1, 8271.0], [2683.95, 25828.0], [2683.9, 3000.0], [2683.85, 10100.0], [2683.8, 935.0], [2683.7, 14086.0], [2683.65, 49789.0]], "asks": [[2685.05, 300.0], [2685.25, 116.0], [2685.45, 788.0], [2685.6, 1138.0], [2685.75, 2317.0], [2685.9, 5141.0], [2685.95, 18171.0], [2686.0, 132.0], [2686.05, 12600.0], [2686.1, 25845.0], [2686.15, 15821.0], [2686.2, 3659.0], [2686.25, 2456.0], [2686.3, 10250.0], [2686.5, 4394.0], [2686.55, 16596.0], [2686.6, 6028.0], [2686.65, 11343.0], [2686.7, 1600.0], [2686.75, 842.0]]}}}
{"jsonrpc": "2.0", "method": "subscription", "params": {"channel": "book.ETH-PERPETUAL.none.20.100ms", "data": {"timestamp": 1740391797390, "change_id": 59510885473, "instrument_name": "ETH-PERPETUAL", "bids": [[2685.0, 89962.0], [2684.9, 3000.0], [2684.85, 13645.0], [2684.8, 11000.0], [2684.75, 1439.0], [2684.55, 1067.0], [2684.5, 3458.0], [2684.4, 100.0], [2684.3, 100.0], [2684.25, 15671.0], [2684.2, 45100.0], [2684.15, 10000.0], [2684.1, 8271.0], [2683.9, 14840.0], [2683.85, 10100.0], [2683.8, 935.0], [2683.7, 14088.0], [2683.65, 49789.0], [2683.6, 125525.0], [2683.5, 17621.0]], "asks": [[2685.05, 2199.0], [2685.25, 116.0], [2685.35, 3450.0], [2685.4, 11000.0], [2685.45, 500.0], [2685.5, 1136.0], [2685.55, 2870.0], [2685.6, 6710.0], [2685.65, 19389.0], [2685.75, 13329.0], [2685.8, 14097.0], [2685.85, 11848.0], [2685.9, 13998.0], [2685.95, 18171.0], [2686.0, 132.0], [2686.05, 100.0], [2686.1, 971.0], [2686.15, 51103.0], [2686.2, 3659.0], [2686.25, 1916.0]]}}}
{"jsonrpc": "2.0", "method": "subscription", "params": {"channel": "book.ETH-PERPETUAL.none.20.100ms", "data": {"timestamp": 1740391797729, "change_id": 59510885709, "instrument_name": "ETH-PERPETUAL", "bids": [[2685.0, 89962.0], [2684.9, 3000.0], [2684.85, 13645.0], [2684.8, 11000.0], [2684.75, 1439.0], [2684.55, 1067.0], [2684.5, 3458.0], [2684.4, 100.0], [2684.3, 100.0], [2684.25, 15671.0], [2684.2, 45100.0], [2684.15, 10000.0], [2684.1, 8271.0], [2683.95, 13988.0], [2683.9, 14840.0], [2683.85, 10100.0], [2683.8, 935.0], [2683.7, 100.0], [2683.65, 49789.0], [2683.6, 125525.0]], "asks": [[2685.05, 1905.0], [2685.25, 116.0], [2685.35, 3738.0], [2685.4, 11000.0], [2685.45, 16636.0], [2685.5, 50000.0], [2685.55, 2870.0], [2685.6, 12857.0], [2685.65, 19389.0], [2685.7, 21485.0], [2685.75, 5575.0], [2685.8, 100.0], [2685.9, 13997.0], [2685.95, 18171.0], [2686.0, 16285.0], [2686.05, 1238.0], [2686.1, 14969.0], [2686.15, 51643.0], [2686.2, 3659.0], [2686.25, 1916.0]]}}}
{"jsonrpc": "2.0", "method": "subscription", "params": {"channel": "book.ETH-PERPETUAL.none.20.100ms", "data": {"timestamp": 1740391798057, "change_id": 59510886251, "instrument_name": "ETH-PERPETUAL", "bids": [[2685.0, 117633.0], [2684.9, 3000.0], [2684.85, 13645.0], [2684.8, 11000.0], [2684.75, 1439.0], [2684.6, 100.0], [2684.55, 1067.0], [2684.5, 3458.0], [2684.4, 100.0], [2684.3, 100.0], [2684.25, 15671.0], [2684.2, 45100.0], [2684.15, 10000.0], [2684.1, 8271.0], [2683.95, 11840.0], [2683.9, 13988.0], [2683.85, 10100.0], [2683.8, 935.0], [2683.7, 100.0], [2683.65, 63775.0]], "asks": [[2685.05, 1905.0], [2685.25, 116.0], [2685.35, 3450.0], [2685.4, 11000.0], [2685.45, 1636.0], [2685.55, 2870.0], [2685.6, 11942.0], [2685.65, 19389.0], [2685.7, 21485.0], [2685.75, 1346.0], [2685.9, 32243.0], [2685.95, 32168.0], [2686.0, 80283.0], [2686.05, 1238.0], [2686.1, 971.0], [2686.15, 51103.0], [2686.2, 3659.0], [2686.25, 45487.0], [2686.3, 10250.0], [2686.5, 29394.0]]}}}
{"jsonrpc": "2.0", "method": "subscription", "params": {"channel": "book.ETH-PERPETUAL.none.20.100ms", "data": {"timestamp": 1740391798389, "change_id": 59510886521, "instrument_name": "ETH-PERPETUAL", "bids": [[2685.0, 117633.0], [2684.9, 3000.0], [2684.85, 13645.0], [2684.8, 11000.0], [2684.75, 1439.0], [2684.6, 100.0], [2684.55, 1067.0], [2684.5, 3458.0], [2684.4, 100.0], [2684.3, 100.0], [2684.25, 15671.0], [2684.2, 45100.0], [2684.15, 21840.0], [2684.1, 8271.0], [2683.95, 13988.0], [2683.85, 10100.0], [2683.8, 935.0], [2683.7, 14086.0], [2683.65, 49789.0], [2683.6, 125525.0]], "asks": [[2685.05, 1905.0], [2685.25, 116.0], [2685.4, 11000.0], [2685.45, 1636.0], [2685.55, 2870.0], [2685.6, 11942.0], [2685.65, 9677.0], [2685.7, 21485.0], [2685.75, 1346.0], [2685.85, 100.0], [2685.9, 7154.0], [2685.95, 18171.0], [2686.0, 4437.0], [2686.05, 1238.0], [2686.1, 40814.0], [2686.15, 51103.0], [2686.2, 3659.0], [2686.25, 45487.0], [2686.3, 10250.0], [2686.5, 29394.0]]}}}
{"jsonrpc": "2.0", "method": "subscription", "params": {"channel": "book.ETH-PERPETUAL.none.20.100ms", "data": {"timestamp": 1740391798720, "change_id": 59510886846, "instrument_name": "ETH-PERPETUAL", "bids": [[2685.0, 117633.0], [2684.9, 3000.0], [2684.85, 16276.0], [2684.8, 11000.0], [2684.75, 1151.0], [2684.7, 10100.0], [2684.6, 100.0], [2684.55, 1067.0], [2684.5, 3458.0], [2684.4, 100.0], [2684.3, 100.0], [2684.25, 15671.0], [2684.2, 45100.0], [2684.15, 35828.0], [2684.1, 8271.0], [2683.9, 13986.0], [2683.85, 10100.0], [2683.8, 935.0], [2683.7, 100.0], [2683.65, 49789.0]], "asks": [[2685.05, 1605.0], [2685.25, 116.0], [2685.6, 3580.0], [2685.65, 9677.0], [2685.7, 909.0], [2685.75, 1346.0], [2685.9, 7154.0], [2685.95, 18171.0], [2686.0, 4437.0], [2686.05, 1138.0], [2686.1, 24056.0], [2686.15, 51103.0], [2686.2, 43502.0], [2686.25, 46027.0], [2686.3, 10250.0], [2686.5, 54394.0], [2686.6, 6028.0], [2686.65, 11343.0], [2686.7, 1600.0], [2686.75, 842.0]]}}}
{"jsonrpc": "2.0", "method": "subscription", "params": {"channel": "book.ETH-PERPETUAL.none.20.100ms", "data": {"timestamp": 1740391799051, "change_id": 59510887819, "instrument_name": "ETH-PERPETUAL", "bids": [[2685.2, 93973.0], [2685.15, 14980.0], [2685.1, 10000.0], [2685.05, 11249.0], [2685.0, 20381.0], [2684.85, 6276.0], [2684.8, 11100.0], [2684.75, 902.0], [2684.7, 10100.0], [2684.65, 1342.0], [2684.6, 100.0], [2684.5, 2116.0], [2684.4, 100.0], [2684.35, 7880.0], [2684.3, 25928.0], [2684.25, 15671.0], [2684.2, 45100.0], [2684.15, 10000.0], [2684.1, 8271.0], [2684.05, 1100.0]], "asks": [[2685.25, 116.0], [2685.75, 1346.0], [2685.85, 2813.0], [2685.9, 17030.0], [2685.95, 18171.0], [2686.0, 50232.0], [2686.05, 2870.0], [2686.1, 16302.0], [2686.15, 51103.0], [2686.2, 20625.0], [2686.25, 71332.0], [2686.3, 10250.0], [2686.4, 13998.0], [2686.45, 4305.0], [2686.5, 4394.0], [2686.6, 100.0], [2686.65, 10000.0], [2686.7, 1500.0], [2686.75, 842.0], [2686.8, 126269.0]]}}}
{"jsonrpc": "2.0", "method": "subscription", "params": {"channel": "book.ETH-PERPETUAL.none.20.100ms", "data": {"timestamp": 1740391799379, "change_id": 59510888457, "instrument_name": "ETH-PERPETUAL", "bids": [[2685.7, 49401.0], [2685.45, 9112.0], [2685.4, 11000.0], [2685.3, 19373.0], [2685.25, 25866.0], [2685.2, 49221.0], [2685.15, 3461.0], [2685.05, 11000.0], [2685.0, 288.0], [2684.9, 100.0], [2684.85, 4562.0], [2684.8, 100.0], [2684.75, 336.0], [2684.7, 10100.0], [2684.65, 1342.0], [2684.6, 7404.0], [2684.55, 28944.0], [2684.5, 2116.0], [2684.45, 8171.0], [2684.4, 100.0]], "asks": [[2685.75, 1146.0], [2685.8, 288.0], [2685.9, 9873.0], [2686.0, 3432.0], [2686.05, 11000.0], [2686.1, 15331.0], [2686.15, 49280.0], [2686.2, 5644.0], [2686.25, 1916.0], [2686.3, 18421.0], [2686.4, 4452.0], [2686.45, 13997.0], [2686.5, 15064.0], [2686.6, 26487.0], [2686.65, 10000.0], [2686.7, 1500.0], [2686.75, 842.0], [2686.8, 126269.0], [2686.85, 407038.0], [2686.95, 17867.0]]}}}
{"jsonrpc": "2.0", "method": "subscription", "params": {"channel": "book.ETH-PERPETUAL.none.20.100ms", "data": {"timestamp": 1740391799712, "change_id": 59510889098, "instrument_name": "ETH-PERPETUAL", "bids": [[2685.7, 47602.0], [2685.45, 9112.0], [2685.4, 11000.0], [2685.3, 29048.0], [2685.25, 11100.0], [2685.2, 21150.0], [2685.15, 3461.0], [2685.05, 11000.0], [2684.9, 100.0], [2684.85, 4562.0], [2684.8, 100.0], [2684.75, 336.0], [2684.7, 10100.0], [2684.65, 1342.0], [2684.6, 100.0], [2684.55, 17511.0], [2684.5, 63236.0], [2684.45, 8171.0], [2684.4, 29838.0], [2684.3, 14088.0]], "asks": [[2685.75, 12069.0], [2685.9, 9373.0], [2686.0, 3432.0], [2686.05, 11000.0], [2686.1, 15331.0], [2686.15, 49280.0], [2686.2, 5644.0], [2686.25, 1916.0], [2686.3, 18421.0], [2686.35, 12548.0], [2686.4, 1139.0], [2686.45, 25845.0], [2686.5, 14841.0], [2686.6, 4071.0], [2686.65, 10000.0], [2686.7, 1500.0], [2686.75, 842.0], [2686.8, 126269.0], [2686.85, 402732.0], [2686.95, 17867.0]]}}}
{"jsonrpc": "2.0", "method": "subscription", "params": {"channel": "book.ETH-PERPETUAL.none.20.100ms", "data": {"timestamp": 1740391800029, "change_id": 59510889746, "instrument_name": "ETH-PERPETUAL", "bids": [[2685.7, 39195.0], [2685.45, 9112.0], [2685.4, 11000.0], [2685.3, 34630.0], [2685.25, 11000.0], [2685.2, 21288.0], [2685.15, 25961.0], [2685.05, 11000.0], [2684.9, 100.0], [2684.85, 4562.0], [2684.8, 100.0], [2684.75, 336.0], [2684.7, 10100.0], [2684.6, 100.0], [2684.55, 17511.0], [2684.5, 63236.0], [2684.45, 22159.0], [2684.4, 29838.0], [2684.3, 100.0], [2684.25, 86292.0]], "asks": [[2685.75, 21004.0], [2685.85, 2812.0], [2685.9, 9373.0], [2686.0, 3300.0], [2686.05, 11000.0], [2686.1, 15331.0], [2686.15, 52150.0], [2686.2, 19957.0], [2686.25, 33487.0], [2686.3, 28671.0], [2686.35, 22915.0], [2686.4, 1139.0], [2686.45, 39843.0], [2686.5, 4980.0], [2686.6, 4071.0], [2686.65, 10000.0], [2686.7, 1500.0], [2686.75, 674.0], [2686.8, 126269.0], [2686.85, 402732.0]]}}}
{"jsonrpc": "2.0", "method": "subscription", "params": {"channel": "book.ETH-PERPETUAL.none.20.100ms", "data": {"timestamp": 1740391800372, "change_id": 59510890102, "instrument_name": "ETH-PERPETUAL", "bids": [[2685.7, 38644.0], [2685.45, 6111.0], [2685.4, 9370.0], [2685.35, 11000.0], [2685.3, 15257.0], [2685.25, 11000.0], [2685.2, 21000.0], [2685.15, 25961.0], [2685.1, 1342.0], [2684.9, 100.0], [2684.85, 917.0], [2684.8, 100.0], [2684.75, 336.0], [2684.7, 100.0], [2684.6, 100.0], [2684.55, 17511.0], [2684.5, 61396.0], [2684.45, 8171.0], [2684.4, 29838.0], [2684.3, 26078.0]], "asks": [[2685.75, 64270.0], [2685.8, 11000.0], [2685.85, 2812.0], [2685.9, 9661.0], [2685.95, 18330.0], [2686.0, 50169.0], [2686.05, 11100.0], [2686.1, 15331.0], [2686.15, 52150.0], [2686.2, 31181.0], [2686.25, 47652.0], [2686.3, 40519.0], [2686.35, 10250.0], [2686.4, 15137.0], [2686.5, 5149.0], [2686.6, 4071.0], [2686.65, 10000.0], [2686.7, 2041.0], [2686.75, 842.0], [2686.8, 126269.0]]}}}
{"jsonrpc": "2.0", "method": "subscription", "params": {"channel": "book.ETH-PERPETUAL.none.20.100ms", "data": {"timestamp": 1740391800692, "change_id": 59510890488, "instrument_name": "ETH-PERPETUAL", "bids": [[2685.7, 39191.0], [2685.45, 6111.0], [2685.4, 9370.0], [2685.35, 11000.0], [2685.3, 15257.0], [2685.25, 11000.0], [2685.2, 21000.0], [2685.15, 25961.0], [2685.1, 1342.0], [2684.9, 100.0], [2684.85, 4078.0], [2684.8, 10100.0], [2684.75, 336.0], [2684.7, 100.0], [2684.6, 100.0], [2684.55, 26460.0], [2684.5, 61396.0], [2684.45, 8171.0], [2684.4, 29838.0], [2684.3, 25928.0]], "asks": [[2685.75, 31854.0], [2685.85, 2812.0], [2685.9, 9373.0], [2685.95, 3381.0], [2686.0, 169.0], [2686.05, 11100.0], [2686.1, 15331.0], [2686.15, 52150.0], [2686.2, 13508.0], [2686.25, 2166.0], [2686.3, 32668.0], [2686.35, 19868.0], [2686.4, 12987.0], [2686.5, 8470.0], [2686.6, 1071.0], [2686.65, 10000.0], [2686.7, 2041.0], [2686.75, 842.0], [2686.8, 126269.0], [2686.85, 402732.0]]}}}
{"jsonrpc": "2.0", "method": "subscription", "params": {"channel": "book.ETH-PERPETUAL.none.20.100ms", "data": {"timestamp": 1740391801023, "change_id": 59510891120, "instrument_name": "ETH-PERPETUAL", "bids": [[2685.7, 39041.0], [2685.45, 6111.0], [2685.4, 9370.0], [2685.35, 11000.0], [2685.3, 15257.0], [2685.25, 11000.0], [2685.2, 21288.0], [2685.15, 25961.0], [2685.1, 1342.0], [2684.9, 100.0], [2684.85, 917.0], [2684.8, 100.0], [2684.75, 336.0], [2684.7, 100.0], [2684.6, 100.0], [2684.55, 26460.0], [2684.5, 61396.0], [2684.45, 8171.0], [2684.4, 29838.0], [2684.3, 25928.0]], "asks": [[2685.75, 41850.0], [2685.85, 3100.0], [2685.9, 9373.0], [2685.95, 17958.0], [2686.0, 51080.0], [2686.05, 11100.0], [2686.1, 15331.0], [2686.15, 52150.0], [2686.2, 38277.0], [2686.25, 47652.0], [2686.3, 54517.0], [2686.35, 2136.0], [2686.4, 1139.0], [2686.5, 8470.0], [2686.6, 1071.0], [2686.65, 10000.0], [2686.7, 2041.0], [2686.75, 13896.0], [2686.8, 169781.0], [2686.85, 402732.0]]}}}
{"jsonrpc": "2.0", "method": "subscription", "params": {"channel": "book.ETH-PERPETUAL.none.20.100ms", "data": {"timestamp": 1740391801359, "change_id": 59510891676, "instrument_name": "ETH-PERPETUAL", "bids": [[2685.7, 50199.0], [2685.55, 3300.0], [2685.5, 11000.0], [2685.45, 5697.0], [2685.4, 9364.0], [2685.35, 11000.0], [2685.3, 15257.0], [2685.25, 11100.0], [2685.2, 21000.0], [2685.15, 25961.0], [2685.1, 100.0], [2685.0, 100.0], [2684.9, 100.0], [2684.85, 6134.0], [2684.8, 18271.0], [2684.75, 336.0], [2684.7, 100.0], [2684.65, 4226.0], [2684.6, 14088.0], [2684.55, 26460.0]], "asks": [[2685.75, 1413.0], [2685.85, 288.0], [2685.9, 9373.0], [2686.0, 3469.0], [2686.05, 11000.0], [2686.1, 15331.0], [2686.15, 49280.0], [2686.2, 12773.0], [2686.25, 23405.0], [2686.3, 10000.0], [2686.5, 11623.0], [2686.6, 15068.0], [2686.65, 53841.0], [2686.7, 13889.0], [2686.75, 842.0], [2686.8, 169781.0], [2686.85, 403779.0], [2686.95, 7610.0], [2687.0, 10845.0], [2687.05, 100.0]]}}}
{"jsonrpc": "2.0", "method": "subscription", "params": {"channel": "book.ETH-PERPETUAL.none.20.100ms", "data": {"timestamp": 1740391801684, "change_id": 59510892044, "instrument_name": "ETH-PERPETUAL", "bids": [[2685.7, 39199.0], [2685.55, 3300.0], [2685.5, 11000.0], [2685.45, 5697.0], [2685.4, 9652.0], [2685.35, 11000.0], [2685.3, 16599.0], [2685.25, 11100.0], [2685.2, 21000.0], [2685.15, 25961.0], [2685.1, 100.0], [2685.0, 100.0], [2684.9, 100.0], [2684.85, 6529.0], [2684.8, 18271.0], [2684.75, 336.0], [2684.7, 7431.0], [2684.6, 11940.0], [2684.55, 32437.0], [2684.5, 59380.0]], "asks": [[2685.75, 1288.0], [2686.0, 169.0], [2686.05, 11500.0], [2686.1, 15331.0], [2686.15, 58638.0], [2686.2, 3575.0], [2686.25, 1916.0], [2686.3, 10000.0], [2686.4, 100.0], [2686.45, 29280.0], [2686.5, 67422.0], [2686.6, 26917.0], [2686.65, 18171.0], [2686.7, 14806.0], [2686.75, 842.0], [2686.8, 169781.0], [2686.85, 402732.0], [2686.95, 7610.0], [2687.0, 10845.0], [2687.05, 100.0]]}}}
{"jsonrpc": "2.0", "method": "subscription", "params": {"channel": "book.ETH-PERPETUAL.none.20.100ms", "data": {"timestamp": 1740391802021, "change_id": 59510892687, "instrument_name": "ETH-PERPETUAL", "bids": [[2685.7, 76870.0], [2685.55, 3300.0], [2685.5, 11000.0], [2685.45, 5697.0], [2685.4, 9652.0], [2685.35, 11000.0], [2685.3, 16599.0], [2685.25, 11400.0], [2685.2, 21000.0], [2685.15, 25961.0], [2685.1, 100.0], [2685.0, 100.0], [2684.9, 100.0], [2684.85, 6529.0], [2684.8, 18271.0], [2684.75, 336.0], [2684.7, 7431.0], [2684.6, 25928.0], [2684.55, 18449.0], [2684.5, 61397.0]], "asks": [[2685.75, 2730.0], [2685.8, 4002.0], [2686.0, 169.0], [2686.05, 11500.0], [2686.1, 15331.0], [2686.15, 49280.0], [2686.2, 13846.0], [2686.25, 1916.0], [2686.3, 13172.0], [2686.4, 100.0], [2686.5, 17422.0], [2686.6, 40914.0], [2686.65, 18171.0], [2686.7, 14806.0], [2686.75, 842.0], [2686.8, 169781.0], [2686.85, 403871.0], [2686.95, 7610.0], [2687.0, 10845.0], [2687.05, 100.0]]}}}
{"jsonrpc": "2.0", "method": "subscription", "params": {"channel": "book.ETH-PERPETUAL.none.20.100ms", "data": {"timestamp": 1740391802355, "change_id": 59510892887, "instrument_name": "ETH-PERPETUAL", "bids": [[2685.7, 39195.0], [2685.55, 6188.0], [2685.5, 11000.0], [2685.45, 14300.0], [2685.4, 288.0], [2685.35, 11000.0], [2685.3, 16599.0], [2685.25, 11400.0], [2685.2, 21000.0], [2685.15, 25961.0], [2685.1, 100.0], [2685.0, 100.0], [2684.9, 100.0], [2684.85, 6529.0], [2684.8, 18271.0], [2684.75, 336.0], [2684.7, 7431.0], [2684.6, 11940.0], [2684.55, 32437.0], [2684.5, 61397.0]], "asks": [[2685.75, 13858.0], [2685.8, 4002.0], [2686.0, 3619.0], [2686.05, 11000.0], [2686.1, 15331.0], [2686.15, 49380.0], [2686.2, 13846.0], [2686.25, 1916.0], [2686.3, 13172.0], [2686.35, 20915.0], [2686.4, 21591.0], [2686.5, 72763.0], [2686.55, 27995.0], [2686.6, 1071.0], [2686.65, 18171.0], [2686.7, 14806.0], [2686.75, 842.0], [2686.8, 169781.0], [2686.85, 403871.0], [2686.95, 7610.0]]}}}
{"jsonrpc": "2.0", "method": "subscription", "params": {"channel": "book.ETH-PERPETUAL.none.20.100ms", "data": {"timestamp": 1740391802669, "change_id": 59510893999, "instrument_name": "ETH-PERPETUAL", "bids": [[2685.25, 30813.0], [2684.95, 2808.0], [2684.9, 9359.0], [2684.75, 336.0], [2684.7, 1342.0], [2684.55, 18449.0], [2684.5, 51397.0], [2684.4, 911.0], [2684.3, 100.0], [2684.25, 337.0], [2684.2, 100.0], [2684.15, 10000.0], [2684.1, 8271.0], [2683.9, 91015.0], [2683.85, 10500.0], [2683.8, 150.0], [2683.75, 13988.0], [2683.7, 1600.0], [2683.6, 100.0], [2683.5, 17621.0]], "asks": [[2685.3, 13392.0], [2685.4, 3000.0], [2685.45, 10000.0], [2685.55, 2808.0], [2685.6, 30256.0], [2685.65, 21100.0], [2685.7, 11249.0], [2685.75, 41821.0], [2685.8, 42173.0], [2685.85, 28245.0], [2685.9, 11848.0], [2685.95, 100.0], [2686.0, 419.0], [2686.1, 15331.0], [2686.15, 49380.0], [2686.2, 4492.0], [2686.25, 1516.0], [2686.3, 10000.0], [2686.35, 6760.0], [2686.4, 21591.0]]}}}
{"jsonrpc": "2.0", "method": "subscription", "params": {"channel": "book.ETH-PERPETUAL.none.20.100ms", "data": {"timestamp": 1740391803015, "change_id": 59510894684, "instrument_name": "ETH-PERPETUAL", "bids": [[2685.25, 31210.0], [2684.95, 2808.0], [2684.9, 9359.0], [2684.75, 336.0], [2684.7, 1342.0], [2684.6, 288.0], [2684.55, 18449.0], [2684.5, 51397.0], [2684.4, 100.0], [2684.3, 100.0], [2684.25, 337.0], [2684.2, 100.0], [2684.15, 10000.0], [2684.1, 8271.0], [2683.95, 13988.0], [2683.9, 91015.0], [2683.85, 10100.0], [2683.8, 150.0], [2683.7, 1600.0], [2683.6, 100.0]], "asks": [[2685.3, 20892.0], [2685.4, 3000.0], [2685.45, 10000.0], [2685.55, 2808.0], [2685.6, 30256.0], [2685.65, 21100.0], [2685.7, 11249.0], [2685.75, 35846.0], [2685.8, 42173.0], [2685.85, 250.0], [2685.9, 11120.0], [2685.95, 350.0], [2686.0, 169.0], [2686.05, 39843.0], [2686.1, 15331.0], [2686.15, 50518.0], [2686.2, 4492.0], [2686.25, 1516.0], [2686.3, 10000.0], [2686.35, 6760.0]]}}}
{"jsonrpc": "2.0", "method": "subscription", "params": {"channel": "book.ETH-PERPETUAL.none.20.100ms", "data": {"timestamp": 1740391803340, "change_id": 59510895069, "instrument_name": "ETH-PERPETUAL", "bids": [[2685.25, 1059.0], [2685.05, 3300.0], [2685.0, 11000.0], [2684.95, 2808.0], [2684.9, 9359.0], [2684.75, 336.0], [2684.6, 288.0], [2684.55, 18449.0], [2684.5, 51397.0], [2684.4, 100.0], [2684.3, 100.0], [2684.25, 337.0], [2684.2, 100.0], [2684.15, 10000.0], [2684.1, 8271.0], [2683.95, 25828.0], [2683.9, 79175.0], [2683.85, 37100.0], [2683.8, 550.0], [2683.7, 1600.0]], "asks": [[2685.3, 23532.0], [2685.35, 11000.0], [2685.4, 3000.0], [2685.45, 27808.0], [2685.5, 50000.0], [2685.6, 23267.0], [2685.65, 21100.0], [2685.7, 13133.0], [2685.75, 32701.0], [2685.8, 43659.0], [2685.9, 22591.0], [2685.95, 4676.0], [2686.0, 169.0], [2686.05, 39843.0], [2686.1, 15331.0], [2686.15, 51489.0], [2686.2, 4492.0], [2686.25, 1516.0], [2686.3, 10000.0], [2686.4, 100.0]]}}}
{"jsonrpc": "2.0", "method": "subscription", "params": {"channel": "book.ETH-PERPETUAL.none.20.100ms", "data": {"timestamp": 1740391803674, "change_id": 59510895394, "instrument_name": "ETH-PERPETUAL", "bids": [[2685.25, 28954.0], [2685.05, 3300.0], [2685.0, 11000.0], [2684.95, 2808.0], [2684.9, 9359.0], [2684.75, 336.0], [2684.7, 3086.0], [2684.65, 10000.0], [2684.6, 288.0], [2684.55, 18449.0], [2684.5, 51397.0], [2684.45, 951.0], [2684.4, 1442.0], [2684.3, 100.0], [2684.25, 337.0], [2684.2, 100.0], [2684.15, 35828.0], [2684.1, 8271.0], [2683.9, 80356.0], [2683.85, 10100.0]], "asks": [[2685.3, 1743.0], [2685.55, 2808.0], [2685.6, 23267.0], [2685.65, 21100.0], [2685.7, 3133.0], [2685.75, 25384.0], [2685.8, 33659.0], [2685.9, 20196.0], [2685.95, 4676.0], [2686.0, 50169.0], [2686.1, 15331.0], [2686.15, 65486.0], [2686.2, 18490.0], [2686.25, 13364.0], [2686.3, 10000.0], [2686.4, 100.0], [2686.5, 17240.0], [2686.6, 100.0], [2686.65, 11047.0], [2686.7, 1500.0]]}}}
{"jsonrpc": "2.0", "method": "subscription", "params": {"channel": "book.ETH-PERPETUAL.none.20.100ms", "data": {"timestamp": 1740391803985, "change_id": 59510896093, "instrument_name": "ETH-PERPETUAL", "bids": [[2685.25, 28954.0], [2685.05, 3300.0], [2685.0, 11000.0], [2684.95, 2808.0], [2684.9, 9359.0], [2684.75, 336.0], [2684.6, 288.0], [2684.55, 18449.0], [2684.5, 51397.0], [2684.45, 951.0], [2684.4, 1442.0], [2684.3, 100.0], [2684.25, 337.0], [2684.2, 100.0], [2684.15, 35828.0], [2684.1, 8271.0], [2683.95, 26273.0], [2683.9, 77326.0], [2683.85, 10100.0], [2683.8, 150.0]], "asks": [[2685.3, 1743.0], [2685.55, 2808.0], [2685.6, 23267.0], [2685.65, 21100.0], [2685.7, 3133.0], [2685.75, 25134.0], [2685.8, 33909.0], [2685.9, 20196.0], [2685.95, 14676.0], [2686.0, 50169.0], [2686.1, 29328.0], [2686.15, 77335.0], [2686.2, 16831.0], [2686.25, 1516.0], [2686.3, 10000.0], [2686.35, 43019.0], [2686.4, 100.0], [2686.5, 17240.0], [2686.6, 100.0], [2686.65, 11047.0]]}}}
{"jsonrpc": "2.0", "method": "subscription", "params": {"channel": "book.ETH-PERPETUAL.none.20.100ms", "data": {"timestamp": 1740391804334, "change_id": 59510896355, "instrument_name": "ETH-PERPETUAL", "bids": [[2685.25, 40105.0], [2685.05, 3300.0], [2685.0, 17108.0], [2684.95, 11000.0], [2684.9, 9359.0], [2684.75, 336.0], [2684.6, 288.0], [2684.55, 18449.0], [2684.5, 51397.0], [2684.45, 951.0], [2684.4, 1442.0], [2684.3, 100.0], [2684.25, 337.0], [2684.2, 100.0], [2684.15, 10000.0], [2684.1, 8271.0], [2684.0, 25828.0], [2683.95, 26273.0], [2683.9, 77326.0], [2683.85, 10100.0]], "asks": [[2685.3, 1743.0], [2685.45, 6108.0], [2685.5, 11000.0], [2685.6, 23267.0], [2685.65, 21100.0], [2685.7, 3133.0], [2685.75, 21173.0], [2685.8, 29657.0], [2685.9, 29946.0], [2685.95, 4426.0], [2686.0, 50169.0], [2686.05, 13997.0], [2686.1, 41177.0], [2686.15, 51489.0], [2686.2, 16831.0], [2686.25, 1516.0], [2686.3, 10000.0], [2686.35, 43019.0], [2686.4, 100.0], [2686.5, 943.0]]}}}
{"jsonrpc": "2.0", "method": "subscription", "params": {"channel": "book.ETH-PERPETUAL.none.20.100ms", "data": {"timestamp": 1740391804666, "change_id": 59510896522, "instrument_name": "ETH-PERPETUAL", "bids": [[2685.25, 46575.0], [2685.05, 3300.0], [2685.0, 17108.0], [2684.95, 11000.0], [2684.9, 9359.0], [2684.75, 7086.0], [2684.7, 25989.0], [2684.65, 10000.0], [2684.6, 288.0], [2684.55, 19791.0], [2684.5, 51397.0], [2684.45, 951.0], [2684.4, 100.0], [2684.3, 100.0], [2684.25, 337.0], [2684.2, 100.0], [2684.15, 10000.0], [2684.1, 22259.0], [2684.05, 11840.0], [2683.95, 26273.0]], "asks": [[2685.3, 1992.0], [2685.45, 6108.0], [2685.5, 11000.0], [2685.6, 23267.0], [2685.65, 21100.0], [2685.7, 2884.0], [2685.75, 21173.0], [2685.8, 29657.0], [2685.9, 29946.0], [2685.95, 4426.0], [2686.0, 64166.0], [2686.1, 41177.0], [2686.15, 51489.0], [2686.2, 16831.0], [2686.25, 1516.0], [2686.3, 10000.0], [2686.35, 43019.0], [2686.4, 100.0], [2686.5, 943.0], [2686.6, 100.0]]}}}
{"jsonrpc": "2.0", "method": "subscription", "params": {"channel": "book.ETH-PERPETUAL.none.20.100ms", "data": {"timestamp": 1740391804996, "change_id": 59510897524, "instrument_name": "ETH-PERPETUAL", "bids": [[2685.25, 85247.0], [2685.2, 9356.0], [2685.05, 11888.0], [2685.0, 47108.0], [2684.95, 21000.0], [2684.75, 7186.0], [2684.7, 32884.0], [2684.65, 10000.0], [2684.6, 388.0], [2684.55, 45619.0], [2684.5, 51397.0], [2684.45, 9122.0], [2684.4, 100.0], [2684.3, 100.0], [2684.25, 337.0], [2684.2, 100.0], [2684.15, 23986.0], [2684.1, 100.0], [2683.95, 26273.0], [2683.9, 78137.0]], "asks": [[2685.3, 301.0], [2685.6, 9359.0], [2685.65, 11000.0], [2685.75, 1288.0], [2685.95, 100.0], [2686.0, 169.0], [2686.05, 15722.0], [2686.15, 58522.0], [2686.2, 4372.0], [2686.25, 1516.0], [2686.3, 10000.0], [2686.4, 1681.0], [2686.45, 4326.0], [2686.5, 943.0], [2686.6, 39943.0], [2686.65, 11770.0], [2686.7, 1500.0], [2686.75, 842.0], [2686.8, 126269.0], [2686.85, 404075.0]]}}}
{"jsonrpc": "2.0", "method": "subscription", "params": {"channel": "book.ETH-PERPETUAL.none.20.100ms", "data": {"timestamp": 1740391805310, "change_id": 59510897811, "instrument_name": "ETH-PERPETUAL", "bids": [[2685.25, 85535.0], [2685.2, 9356.0], [2685.05, 11888.0], [2685.0, 41000.0], [2684.75, 7186.0], [2684.7, 25933.0], [2684.65, 10000.0], [2684.6, 100.0], [2684.55, 19791.0], [2684.5, 51397.0], [2684.45, 9122.0], [2684.4, 100.0], [2684.3, 100.0], [2684.25, 26165.0], [2684.2, 100.0], [2684.15, 10000.0], [2684.1, 100.0], [2684.0, 13986.0], [2683.95, 27373.0], [2683.9, 78137.0]], "asks": [[2685.3, 172.0], [2685.55, 11000.0], [2685.6, 9359.0], [2685.75, 1288.0], [2685.85, 3000.0], [2685.9, 10000.0], [2686.0, 169.0], [2686.05, 15722.0], [2686.15, 58522.0], [2686.2, 8139.0], [2686.25, 1516.0], [2686.3, 10000.0], [2686.35, 24006.0], [2686.4, 25946.0], [2686.45, 4326.0], [2686.5, 943.0], [2686.6, 1239.0], [2686.65, 11770.0], [2686.7, 1500.0], [2686.75, 842.0]]}}}
{"jsonrpc": "2.0", "method": "subscription", "params": {"channel": "book.ETH-PERPETUAL.none.20.100ms", "data": {"timestamp": 1740391805649, "change_id": 59510898640, "instrument_name": "ETH-PERPETUAL", "bids": [[2685.7, 101480.0], [2685.65, 14579.0], [2685.6, 10000.0], [2685.55, 11000.0], [2685.5, 17105.0], [2685.3, 6753.0], [2685.25, 12076.0], [2685.2, 10000.0], [2685.15, 100.0], [2685.05, 3400.0], [2685.0, 11000.0], [2684.95, 100.0], [2684.85, 100.0], [2684.8, 20011.0], [2684.75, 21174.0], [2684.7, 25933.0], [2684.65, 10000.0], [2684.6, 100.0], [2684.55, 32435.0], [2684.5, 51397.0]], "asks": [[2685.75, 1288.0], [2685.95, 623.0], [2686.0, 169.0], [2686.15, 49280.0], [2686.2, 917.0], [2686.25, 1516.0], [2686.45, 2734.0], [2686.5, 12917.0], [2686.65, 11770.0], [2686.7, 1500.0], [2686.75, 942.0], [2686.85, 25945.0], [2686.9, 18324.0], [2686.95, 3284.0], [2687.0, 10845.0], [2687.05, 100.0], [2687.15, 1041.0], [2687.2, 180.0], [2687.25, 3704.0], [2687.3, 10000.0]]}}}
{"jsonrpc": "2.0", "method": "subscription", "params": {"channel": "book.ETH-PERPETUAL.none.20.100ms", "data": {"timestamp": 1740391805982, "change_id": 59510899991, "instrument_name": "ETH-PERPETUAL", "bids": [[2685.95, 45724.0], [2685.9, 70302.0], [2685.85, 30100.0], [2685.75, 34062.0], [2685.7, 11000.0], [2685.6, 6967.0], [2685.55, 11000.0], [2685.5, 7500.0], [2685.4, 2581.0], [2685.35, 8171.0], [2685.3, 10061.0], [2685.25, 37716.0], [2685.2, 10000.0], [2685.15, 100.0], [2685.05, 100.0], [2684.95, 6028.0], [2684.85, 14086.0], [2684.8, 21478.0], [2684.75, 436.0], [2684.7, 25933.0]], "asks": [[2686.0, 169.0], [2686.25, 1516.0], [2686.3, 934.0], [2686.35, 1442.0], [2686.5, 843.0], [2686.6, 971.0], [2686.7, 1500.0], [2686.75, 842.0], [2686.8, 1828.0], [2686.95, 3284.0], [2687.0, 845.0], [2687.05, 100.0], [2687.15, 12709.0], [2687.2, 180.0], [2687.25, 17701.0], [2687.3, 10000.0], [2687.35, 25846.0], [2687.4, 101204.0], [2687.5, 51012.0], [2687.55, 3135.0]]}}}
{"jsonrpc": "2.0", "method": "subscription", "params": {"channel": "book.ETH-PERPETUAL.none.20.100ms", "data": {"timestamp": 1740391806293, "change_id": 59510900904, "instrument_name": "ETH-PERPETUAL", "bids": [[2686.2, 90315.0], [2686.1, 3000.0], [2686.05, 26649.0], [2686.0, 39365.0], [2685.95, 10000.0], [2685.9, 17330.0], [2685.85, 100.0], [2685.75, 21000.0], [2685.6, 9827.0], [2685.55, 11000.0], [2685.5, 7788.0], [2685.45, 11840.0], [2685.4, 20121.0], [2685.35, 57451.0], [2685.3, 100.0], [2685.25, 888.0], [2685.2, 10000.0], [2685.15, 100.0], [2685.05, 100.0], [2685.0, 14526.0]], "asks": [[2686.25, 1516.0], [2686.5, 843.0], [2686.7, 1500.0], [2686.75, 842.0], [2686.8, 500.0], [2687.0, 845.0], [2687.05, 100.0], [2687.15, 3208.0], [2687.2, 180.0], [2687.25, 30480.0], [2687.3, 10000.0], [2687.35, 13997.0], [2687.4, 57184.0], [2687.5, 26858.0], [2687.55, 3135.0], [2687.6, 11770.0], [2687.65, 100.0], [2687.75, 7530.0], [2687.8, 25100.0], [2687.85, 1343.0]]}}}
{"jsonrpc": "2.0", "method": "subscription", "params": {"channel": "book.ETH-PERPETUAL.none.20.100ms", "data": {"timestamp": 1740391806633, "change_id": 59510901560, "instrument_name": "ETH-PERPETUAL", "bids": [[2686.2, 97815.0], [2686.1, 3100.0], [2686.05, 26649.0], [2686.0, 39365.0], [2685.95, 10000.0], [2685.9, 18242.0], [2685.85, 100.0], [2685.75, 21000.0], [2685.6, 6922.0], [2685.55, 11000.0], [2685.5, 7600.0], [2685.4, 31961.0], [2685.35, 57451.0], [2685.3, 100.0], [2685.25, 788.0], [2685.2, 31481.0], [2685.15, 100.0], [2685.05, 100.0], [2685.0, 14526.0], [2684.95, 6028.0]], "asks": [[2686.25, 1516.0], [2686.5, 843.0], [2686.75, 1130.0], [2686.8, 500.0], [2686.95, 3063.0], [2687.0, 10209.0], [2687.15, 3108.0], [2687.2, 280.0], [2687.25, 30480.0], [2687.3, 10000.0], [2687.35, 11848.0], [2687.4, 71181.0], [2687.45, 13998.0], [2687.5, 1553.0], [2687.55, 3135.0], [2687.6, 11770.0], [2687.65, 100.0], [2687.75, 7530.0], [2687.8, 44200.0], [2687.85, 1500.0]]}}}
{"jsonrpc": "2.0", "method": "subscription", "params": {"channel": "book.ETH-PERPETUAL.none.20.100ms", "data": {"timestamp": 1740391806966, "change_id": 59510902223, "instrument_name": "ETH-PERPETUAL", "bids": [[2686.2, 98102.0], [2686.1, 100.0], [2686.05, 16649.0], [2686.0, 39365.0], [2685.95, 10000.0], [2685.9, 18242.0], [2685.85, 100.0], [2685.75, 21000.0], [2685.6, 5680.0], [2685.55, 11000.0], [2685.5, 7600.0], [2685.4, 31961.0], [2685.35, 57451.0], [2685.3, 100.0], [2685.25, 299.0], [2685.2, 10000.0], [2685.15, 100.0], [2685.05, 100.0], [2685.0, 14526.0], [2684.95, 6028.0]], "asks": [[2686.25, 1516.0], [2686.5, 843.0], [2686.6, 2810.0], [2686.75, 842.0], [2686.8, 500.0], [2687.0, 3654.0], [2687.05, 9363.0], [2687.15, 3108.0], [2687.2, 280.0], [2687.25, 30480.0], [2687.3, 10000.0], [2687.4, 71181.0], [2687.45, 1139.0], [2687.5, 26858.0], [2687.55, 4106.0], [2687.6, 11770.0], [2687.65, 100.0], [2687.75, 7530.0], [2687.8, 44200.0], [2687.85, 1500.0]]}}}
{"jsonrpc": "2.0", "method": "subscription", "params": {"channel": "book.ETH-PERPETUAL.none.20.100ms", "data": {"timestamp": 1740391807300, "change_id": 59510903029, "instrument_name": "ETH-PERPETUAL", "bids": [[2686.7, 32623.0], [2686.55, 37671.0], [2686.5, 11000.0], [2686.45, 72057.0], [2686.4, 26420.0], [2686.3, 12039.0], [2686.25, 21000.0], [2686.2, 28021.0], [2686.15, 30000.0], [2686.1, 100.0], [2686.05, 3976.0], [2685.95, 1342.0], [2685.9, 9307.0], [2685.85, 100.0], [2685.8, 25828.0], [2685.75, 18171.0], [2685.65, 3582.0], [2685.6, 3430.0], [2685.5, 100.0], [2685.45, 21289.0]], "asks": [[2686.75, 168.0], [2687.0, 457.0], [2687.05, 9363.0], [2687.25, 22985.0], [2687.4, 57084.0], [2687.45, 1139.0], [2687.5, 336.0], [2687.55, 4106.0], [2687.6, 11770.0], [2687.65, 100.0], [2687.75, 11990.0], [2687.8, 40484.0], [2687.85, 1500.0], [2687.9, 139625.0], [2687.95, 10000.0], [2688.0, 454456.0], [2688.15, 3344.0], [2688.25, 10100.0], [2688.35, 100.0], [2688.45, 3436.0]]}}}
{"jsonrpc": "2.0", "method": "subscription", "params": {"channel": "book.ETH-PERPETUAL.none.20.100ms", "data": {"timestamp": 1740391807636, "change_id": 59510904260, "instrument_name": "ETH-PERPETUAL", "bids": [[2687.35, 13623.0], [2687.2, 10000.0], [2687.15, 21963.0], [2687.1, 76141.0], [2687.05, 9363.0], [2687.0, 436.0], [2686.85, 5725.0], [2686.8, 3336.0], [2686.7, 11000.0], [2686.6, 100.0], [2686.55, 3300.0], [2686.5, 11000.0], [2686.3, 12036.0], [2686.25, 21000.0], [2686.2, 18788.0], [2686.15, 2481.0], [2686.1, 8271.0], [2686.05, 8151.0], [2686.0, 11840.0], [2685.95, 13988.0]], "asks": [[2687.4, 49280.0], [2687.5, 336.0], [2687.55, 971.0], [2687.75, 3094.0], [2687.8, 8171.0], [2687.85, 1500.0], [2687.9, 139525.0], [2687.95, 10000.0], [2688.0, 454456.0], [2688.05, 7754.0], [2688.1, 25845.0], [2688.15, 6811.0], [2688.2, 13998.0], [2688.25, 10100.0], [2688.35, 1878.0], [2688.45, 9364.0], [2688.55, 10400.0], [2688.6, 100.0], [2688.65, 180.0], [2688.75, 14066.0]]}}}
{"jsonrpc": "2.0", "method": "subscription", "params": {"channel": "book.ETH-PERPETUAL.none.20.100ms", "data": {"timestamp": 1740391807963, "change_id": 59510905585, "instrument_name": "ETH-PERPETUAL", "bids": [[2687.35, 45699.0], [2687.25, 8535.0], [2687.2, 10000.0], [2687.1, 20848.0], [2687.05, 9363.0], [2687.0, 436.0], [2686.8, 5883.0], [2686.75, 10000.0], [2686.7, 11000.0], [2686.6, 100.0], [2686.55, 4643.0], [2686.5, 11000.0], [2686.3, 25242.0], [2686.25, 46828.0], [2686.2, 70261.0], [2686.1, 8271.0], [2686.05, 29573.0], [2685.9, 90481.0], [2685.85, 100.0], [2685.8, 13986.0]], "asks": [[2687.4, 50724.0], [2687.5, 336.0], [2687.7, 5347.0], [2687.75, 9361.0], [2687.8, 8171.0], [2687.85, 1500.0], [2687.9, 139525.0], [2687.95, 10250.0], [2688.0, 404456.0], [2688.1, 5338.0], [2688.15, 27985.0], [2688.2, 25846.0], [2688.25, 10100.0], [2688.3, 1328.0], [2688.35, 4426.0], [2688.45, 3436.0], [2688.5, 1846.0], [2688.55, 10400.0], [2688.6, 100.0], [2688.65, 1524.0]]}}}
{"jsonrpc": "2.0", "method": "subscription", "params": {"channel": "book.ETH-PERPETUAL.none.20.100ms", "data": {"timestamp": 1740391808299, "change_id": 59510906032, "instrument_name": "ETH-PERPETUAL", "bids": [[2687.35, 49624.0], [2687.3, 9363.0], [2687.25, 5372.0], [2687.2, 10000.0], [2687.1, 7500.0], [2687.0, 436.0], [2686.85, 945.0], [2686.8, 3336.0], [2686.75, 10000.0], [2686.7, 100.0], [2686.6, 100.0], [2686.55, 1343.0], [2686.3, 37082.0], [2686.25, 23988.0], [2686.2, 51761.0], [2686.1, 8271.0], [2686.05, 29573.0], [2685.9, 90481.0], [2685.85, 100.0], [2685.8, 13986.0]], "asks": [[2687.4, 1542.0], [2687.5, 336.0], [2687.6, 288.0], [2687.65, 11000.0], [2687.7, 2901.0], [2687.8, 8171.0], [2687.85, 1500.0], [2687.9, 139525.0], [2687.95, 10000.0], [2688.0, 457340.0], [2688.1, 1139.0], [2688.15, 13738.0], [2688.2, 36817.0], [2688.25, 73378.0], [2688.3, 1328.0], [2688.35, 4426.0], [2688.45, 3436.0], [2688.5, 2387.0], [2688.55, 10400.0], [2688.6, 100.0]]}}}
{"jsonrpc": "2.0", "method": "subscription", "params": {"channel": "book.ETH-PERPETUAL.none.20.100ms", "data": {"timestamp": 1740391808628, "change_id": 59510906473, "instrument_name": "ETH-PERPETUAL", "bids": [[2687.35, 806.0], [2687.25, 4777.0], [2687.1, 16860.0], [2687.0, 436.0], [2686.7, 100.0], [2686.6, 100.0], [2686.55, 1343.0], [2686.3, 12036.0], [2686.25, 10000.0], [2686.2, 49280.0], [2686.15, 3582.0], [2686.1, 11939.0], [2686.05, 29573.0], [2685.95, 13988.0], [2685.9, 89299.0], [2685.85, 100.0], [2685.8, 120.0], [2685.75, 21415.0], [2685.7, 27000.0], [2685.65, 400.0]], "asks": [[2687.4, 33918.0], [2687.5, 336.0], [2687.6, 5515.0], [2687.65, 11920.0], [2687.7, 5348.0], [2687.75, 100.0], [2687.8, 8171.0], [2687.85, 10863.0], [2687.9, 139525.0], [2687.95, 10000.0], [2688.0, 413196.0], [2688.05, 40093.0], [2688.1, 1139.0], [2688.15, 20018.0], [2688.2, 1222.0], [2688.25, 59380.0], [2688.3, 1328.0], [2688.35, 4426.0], [2688.45, 3436.0], [2688.5, 2387.0]]}}}
{"jsonrpc": "2.0", "method": "subscription", "params": {"channel": "book.ETH-PERPETUAL.none.20.100ms", "data": {"timestamp": 1740391808958, "change_id": 59510907117, "instrument_name": "ETH-PERPETUAL", "bids": [[2687.35, 1326.0], [2687.25, 4777.0], [2687.1, 16860.0], [2687.0, 724.0], [2686.6, 100.0], [2686.3, 12036.0], [2686.25, 10000.0], [2686.2, 58755.0], [2686.15, 8171.0], [2686.1, 25927.0], [2686.05, 29573.0], [2685.9, 89299.0], [2685.85, 100.0], [2685.75, 32236.0], [2685.7, 27000.0], [2685.6, 14443.0], [2685.55, 45944.0], [2685.5, 100.0], [2685.45, 1767.0], [2685.4, 100.0]], "asks": [[2687.4, 33918.0], [2687.5, 336.0], [2687.6, 7875.0], [2687.65, 11000.0], [2687.7, 14590.0], [2687.75, 100.0], [2687.8, 11055.0], [2687.85, 10863.0], [2687.9, 139525.0], [2687.95, 10000.0], [2688.0, 413196.0], [2688.05, 14247.0], [2688.1, 26985.0], [2688.15, 20018.0], [2688.2, 972.0], [2688.25, 59380.0], [2688.3, 1328.0], [2688.35, 4426.0], [2688.45, 3436.0], [2688.5, 2387.0]]}}}
{"jsonrpc": "2.0", "method": "subscription", "params": {"channel": "book.ETH-PERPETUAL.none.20.100ms", "data": {"timestamp": 1740391809284, "change_id": 59510907883, "instrument_name": "ETH-PERPETUAL", "bids": [[2687.15, 7580.0], [2687.1, 7500.0], [2687.0, 436.0], [2686.9, 2805.0], [2686.85, 9351.0], [2686.3, 11936.0], [2686.2, 49280.0], [2686.1, 100.0], [2686.05, 29573.0], [2685.9, 83371.0], [2685.85, 100.0], [2685.8, 8171.0], [2685.75, 18800.0], [2685.7, 27000.0], [2685.6, 14443.0], [2685.55, 45944.0], [2685.5, 14088.0], [2685.45, 1767.0], [2685.4, 4732.0], [2685.35, 12651.0]], "asks": [[2687.2, 35960.0], [2687.25, 25116.0], [2687.3, 10000.0], [2687.4, 20482.0], [2687.45, 38171.0], [2687.5, 9687.0], [2687.55, 31420.0], [2687.6, 19097.0], [2687.65, 22848.0], [2687.7, 9242.0], [2687.75, 100.0], [2687.85, 2428.0], [2687.9, 139525.0], [2687.95, 20000.0], [2688.0, 458783.0], [2688.1, 4139.0], [2688.15, 30018.0], [2688.2, 972.0], [2688.25, 59380.0], [2688.35, 100.0]]}}}
{"jsonrpc": "2.0", "method": "subscription", "params": {"channel": "book.ETH-PERPETUAL.none.20.100ms", "data": {"timestamp": 1740391809618, "change_id": 59510908487, "instrument_name": "ETH-PERPETUAL", "bids": [[2687.15, 7500.0], [2687.1, 7500.0], [2687.0, 436.0], [2686.65, 2809.0], [2686.6, 9363.0], [2686.3, 11936.0], [2686.2, 49280.0], [2686.1, 100.0], [2686.05, 29573.0], [2685.9, 83371.0], [2685.85, 100.0], [2685.8, 8171.0], [2685.75, 18760.0], [2685.7, 27000.0], [2685.6, 100.0], [2685.5, 100.0], [2685.45, 1767.0], [2685.4, 7705.0], [2685.35, 26639.0], [2685.3, 3670.0]], "asks": [[2687.2, 37060.0], [2687.25, 71966.0], [2687.3, 10000.0], [2687.35, 39843.0], [2687.4, 25065.0], [2687.45, 8171.0], [2687.5, 50336.0], [2687.55, 6294.0], [2687.6, 5349.0], [2687.65, 11250.0], [2687.7, 250.0], [2687.75, 100.0], [2687.85, 2428.0], [2687.9, 139525.0], [2687.95, 10000.0], [2688.0, 418783.0], [2688.1, 6673.0], [2688.15, 40018.0], [2688.2, 972.0], [2688.25, 59380.0]]}}}
{"jsonrpc": "2.0", "method": "subscription", "params": {"channel": "book.ETH-PERPETUAL.none.20.100ms", "data": {"timestamp": 1740391809935, "change_id": 59510909409, "instrument_name": "ETH-PERPETUAL", "bids": [[2687.0, 436.0], [2686.4, 2810.0], [2686.35, 9367.0], [2686.3, 11936.0], [2686.2, 49280.0], [2686.1, 1343.0], [2686.05, 29573.0], [2685.9, 83371.0], [2685.85, 100.0], [2685.8, 10288.0], [2685.75, 8680.0], [2685.7, 27000.0], [2685.6, 180.0], [2685.55, 5566.0], [2685.5, 10100.0], [2685.45, 9938.0], [2685.4, 100.0], [2685.35, 812.0], [2685.3, 640.0], [2685.25, 3030.0]], "asks": [[2687.05, 69266.0], [2687.1, 10249.0], [2687.15, 64935.0], [2687.2, 33348.0], [2687.25, 58748.0], [2687.3, 20000.0], [2687.35, 10250.0], [2687.4, 6023.0], [2687.45, 11055.0], [2687.5, 336.0], [2687.55, 3352.0], [2687.6, 2215.0], [2687.65, 4327.0], [2687.7, 972.0], [2687.75, 100.0], [2687.85, 2428.0], [2687.9, 186296.0], [2687.95, 10000.0], [2688.0, 404456.0], [2688.1, 2826.0]]}}}
{"jsonrpc": "2.0", "method": "subscription", "params": {"channel": "book.ETH-PERPETUAL.none.20.100ms", "data": {"timestamp": 1740391810280, "change_id": 59510910296, "instrument_name": "ETH-PERPETUAL", "bids": [[2686.25, 296.0], [2686.05, 6063.0], [2686.0, 21000.0], [2685.85, 480.0], [2685.8, 288.0], [2685.75, 16538.0], [2685.7, 27000.0], [2685.65, 30000.0], [2685.6, 180.0], [2685.5, 100.0], [2685.4, 100.0], [2685.3, 100.0], [2685.25, 3030.0], [2685.2, 10000.0], [2685.15, 5460.0], [2685.1, 5928.0], [2685.05, 11939.0], [2685.0, 17442.0], [2684.95, 14088.0], [2684.9, 45728.0]], "asks": [[2686.3, 40125.0], [2686.55, 3000.0], [2686.6, 10000.0], [2686.85, 100.0], [2686.9, 7880.0], [2686.95, 20100.0], [2687.0, 56523.0], [2687.05, 111523.0], [2687.1, 14261.0], [2687.2, 10200.0], [2687.25, 39531.0], [2687.3, 21748.0], [2687.35, 10250.0], [2687.4, 55635.0], [2687.5, 336.0], [2687.55, 1239.0], [2687.6, 2215.0], [2687.7, 972.0], [2687.75, 100.0], [2687.8, 8228.0]]}}}
{"jsonrpc": "2.0", "method": "subscription", "params": {"channel": "book.ETH-PERPETUAL.none.20.100ms", "data": {"timestamp": 1740391810609, "change_id": 59510911500, "instrument_name": "ETH-PERPETUAL", "bids": [[2686.6, 11196.0], [2686.55, 21149.0], [2686.4, 3000.0], [2686.35, 10000.0], [2686.3, 8325.0], [2686.25, 27751.0], [2686.05, 5925.0], [2686.0, 11000.0], [2685.95, 10000.0], [2685.75, 13393.0], [2685.7, 27000.0], [2685.65, 19365.0], [2685.6, 100.0], [2685.5, 1011.0], [2685.45, 1342.0], [2685.4, 100.0], [2685.35, 4226.0], [2685.3, 21314.0], [2685.25, 11839.0], [2685.2, 10000.0]], "asks": [[2686.65, 8182.0], [2686.75, 250.0], [2686.8, 250.0], [2686.85, 3280.0], [2686.9, 100.0], [2686.95, 10000.0], [2687.0, 34636.0], [2687.05, 63119.0], [2687.1, 3030.0], [2687.15, 100.0], [2687.25, 35441.0], [2687.35, 39844.0], [2687.4, 52386.0], [2687.45, 1343.0], [2687.5, 336.0], [2687.55, 2835.0], [2687.6, 1048.0], [2687.7, 6900.0], [2687.75, 100.0], [2687.8, 8228.0]]}}}
{"jsonrpc": "2.0", "method": "subscription", "params": {"channel": "book.ETH-PERPETUAL.none.20.100ms", "data": {"timestamp": 1740391810929, "change_id": 59510912729, "instrument_name": "ETH-PERPETUAL", "bids": [[2686.9, 4622.0], [2686.8, 296.0], [2686.75, 329.0], [2686.65, 6345.0], [2686.6, 10900.0], [2686.45, 2815.0], [2686.4, 9383.0], [2686.25, 168.0], [2686.05, 5925.0], [2686.0, 11000.0], [2685.95, 10100.0], [2685.85, 100.0], [2685.75, 13393.0], [2685.7, 27000.0], [2685.65, 10000.0], [2685.6, 5002.0], [2685.5, 12850.0], [2685.45, 30055.0], [2685.4, 14376.0], [2685.35, 76145.0]], "asks": [[2686.95, 30030.0], [2687.0, 17372.0], [2687.05, 20410.0], [2687.15, 6421.0], [2687.2, 10971.0], [2687.25, 25513.0], [2687.4, 58483.0], [2687.45, 10000.0], [2687.5, 336.0], [2687.55, 24195.0], [2687.6, 15046.0], [2687.65, 25846.0], [2687.7, 5928.0], [2687.75, 100.0], [2687.85, 2428.0], [2687.9, 139525.0], [2687.95, 11343.0], [2688.0, 454456.0], [2688.1, 4994.0], [2688.15, 19675.0]]}}}
{"jsonrpc": "2.0", "method": "subscription", "params": {"channel": "book.ETH-PERPETUAL.none.20.100ms", "data": {"timestamp": 1740391811266, "change_id": 59510913479, "instrument_name": "ETH-PERPETUAL", "bids": [[2686.8, 357.0], [2686.75, 349.0], [2686.5, 169.0], [2686.45, 2815.0], [2686.4, 9383.0], [2686.25, 168.0], [2686.05, 3000.0], [2686.0, 11168.0], [2685.95, 100.0], [2685.85, 100.0], [2685.75, 13562.0], [2685.7, 27000.0], [2685.65, 10000.0], [2685.6, 3257.0], [2685.55, 8171.0], [2685.5, 1011.0], [2685.45, 30055.0], [2685.4, 388.0], [2685.35, 90133.0], [2685.3, 14969.0]], "asks": [[2686.85, 53689.0], [2686.9, 27530.0], [2686.95, 9481.0], [2687.0, 11000.0], [2687.05, 100.0], [2687.1, 24878.0], [2687.15, 30100.0], [2687.2, 1221.0], [2687.25, 39978.0], [2687.3, 26096.0], [2687.35, 23998.0], [2687.4, 62849.0], [2687.45, 24553.0], [2687.5, 336.0], [2687.55, 14447.0], [2687.65, 1778.0], [2687.7, 5928.0], [2687.75, 100.0], [2687.85, 2428.0], [2687.9, 136182.0]]}}}
{"jsonrpc": "2.0", "method": "subscription", "params": {"channel": "book.ETH-PERPETUAL.none.20.100ms", "data": {"timestamp": 1740391811555, "change_id": 59510913695, "instrument_name": "ETH-PERPETUAL", "bids": [[2686.8, 357.0], [2686.75, 349.0], [2686.5, 169.0], [2686.45, 2815.0], [2686.4, 9383.0], [2686.25, 168.0], [2686.05, 3000.0], [2686.0, 11168.0], [2685.95, 100.0], [2685.85, 100.0], [2685.75, 13562.0], [2685.7, 27000.0], [2685.65, 10000.0], [2685.6, 3257.0], [2685.55, 8171.0], [2685.5, 1011.0], [2685.45, 28713.0], [2685.4, 26215.0], [2685.35, 76145.0], [2685.3, 3180.0]], "asks": [[2686.85, 65525.0], [2686.9, 13153.0], [2686.95, 9581.0], [2687.05, 100.0], [2687.1, 14878.0], [2687.15, 30100.0], [2687.2, 1221.0], [2687.25, 52876.0], [2687.3, 10250.0], [2687.35, 25846.0], [2687.4, 72823.0], [2687.45, 11139.0], [2687.5, 336.0], [2687.55, 14447.0], [2687.65, 1778.0], [2687.7, 5928.0], [2687.75, 100.0], [2687.85, 2428.0], [2687.9, 136182.0], [2687.95, 11343.0]]}}}
{"jsonrpc": "2.0", "method": "subscription", "params": {"channel": "book.ETH-PERPETUAL.none.20.100ms", "data": {"timestamp": 1740391811909, "change_id": 59510914307, "instrument_name": "ETH-PERPETUAL", "bids": [[2686.8, 7857.0], [2686.75, 349.0], [2686.5, 169.0], [2686.45, 2815.0], [2686.4, 9383.0], [2686.3, 6800.0], [2686.25, 22668.0], [2686.05, 3000.0], [2686.0, 11168.0], [2685.95, 100.0], [2685.85, 1442.0], [2685.75, 13562.0], [2685.7, 27000.0], [2685.65, 10000.0], [2685.6, 3257.0], [2685.55, 8171.0], [2685.5, 1011.0], [2685.45, 28713.0], [2685.4, 388.0], [2685.35, 76145.0]], "asks": [[2686.85, 67141.0], [2686.9, 27790.0], [2686.95, 9481.0], [2687.0, 50000.0], [2687.05, 100.0], [2687.1, 31162.0], [2687.15, 30100.0], [2687.2, 27067.0], [2687.25, 66874.0], [2687.3, 10250.0], [2687.4, 58825.0], [2687.45, 11139.0], [2687.5, 336.0], [2687.55, 14447.0], [2687.65, 1778.0], [2687.7, 5928.0], [2687.75, 100.0], [2687.85, 2428.0], [2687.9, 136182.0], [2687.95, 11343.0]]}}}
{"jsonrpc": "2.0", "method": "subscription", "params": {"channel": "book.ETH-PERPETUAL.none.20.100ms", "data": {"timestamp": 1740391812260, "change_id": 59510914637, "instrument_name": "ETH-PERPETUAL", "bids": [[2686.8, 22335.0], [2686.75, 349.0], [2686.55, 3321.0], [2686.5, 11069.0], [2686.45, 2815.0], [2686.4, 9383.0], [2686.3, 6800.0], [2686.25, 22668.0], [2686.05, 3000.0], [2686.0, 11168.0], [2685.95, 100.0], [2685.85, 1442.0], [2685.75, 13562.0], [2685.7, 27000.0], [2685.65, 10000.0], [2685.6, 3257.0], [2685.55, 8171.0], [2685.5, 1011.0], [2685.45, 28713.0], [2685.4, 14376.0]], "asks": [[2686.85, 60135.0], [2686.9, 3123.0], [2686.95, 9481.0], [2687.05, 100.0], [2687.1, 16271.0], [2687.15, 21596.0], [2687.2, 1221.0], [2687.25, 52876.0], [2687.3, 10250.0], [2687.35, 13998.0], [2687.4, 84671.0], [2687.45, 11139.0], [2687.5, 336.0], [2687.55, 14447.0], [2687.75, 100.0], [2687.85, 2428.0], [2687.9, 136182.0], [2687.95, 11343.0], [2688.0, 472909.0], [2688.05, 45913.0]]}}}
{"jsonrpc": "2.0", "method": "subscription", "params": {"channel": "book.ETH-PERPETUAL.none.20.100ms", "data": {"timestamp": 1740391812586, "change_id": 59510914856, "instrument_name": "ETH-PERPETUAL", "bids": [[2686.8, 7817.0], [2686.75, 349.0], [2686.55, 3321.0], [2686.5, 11069.0], [2686.45, 2815.0], [2686.4, 9383.0], [2686.3, 6800.0], [2686.25, 22668.0], [2686.05, 3000.0], [2686.0, 11168.0], [2685.95, 100.0], [2685.85, 1442.0], [2685.75, 3699.0], [2685.65, 10000.0], [2685.6, 3257.0], [2685.55, 8171.0], [2685.5, 1011.0], [2685.45, 28713.0], [2685.4, 27388.0], [2685.35, 76185.0]], "asks": [[2686.85, 70138.0], [2686.9, 24332.0], [2686.95, 9481.0], [2687.0, 50000.0], [2687.05, 100.0], [2687.1, 60630.0], [2687.15, 21596.0], [2687.2, 13069.0], [2687.25, 52876.0], [2687.3, 10250.0], [2687.4, 58825.0], [2687.45, 11139.0], [2687.5, 336.0], [2687.55, 14447.0], [2687.75, 100.0], [2687.85, 2428.0], [2687.9, 136182.0], [2687.95, 11343.0], [2688.0, 409764.0], [2688.05, 1048.0]]}}}
{"jsonrpc": "2.0", "method": "subscription", "params": {"channel": "book.ETH-PERPETUAL.none.20.100ms", "data": {"timestamp": 1740391812921, "change_id": 59510915430, "instrument_name": "ETH-PERPETUAL", "bids": [[2686.8, 7817.0], [2686.75, 349.0], [2686.5, 169.0], [2686.45, 2815.0], [2686.4, 9383.0], [2686.3, 6800.0], [2686.25, 22668.0], [2686.05, 3000.0], [2686.0, 11168.0], [2685.95, 1442.0], [2685.85, 100.0], [2685.75, 3699.0], [2685.65, 10000.0], [2685.6, 3257.0], [2685.55, 8171.0], [2685.5, 1011.0], [2685.45, 28713.0], [2685.4, 27388.0], [2685.35, 76185.0], [2685.3, 3180.0]], "asks": [[2686.85, 70317.0], [2686.9, 16817.0], [2686.95, 9481.0], [2687.05, 100.0], [2687.1, 66114.0], [2687.15, 21596.0], [2687.2, 1221.0], [2687.25, 52876.0], [2687.3, 10250.0], [2687.4, 58825.0], [2687.45, 11139.0], [2687.5, 336.0], [2687.55, 14447.0], [2687.65, 13875.0], [2687.7, 46250.0], [2687.75, 100.0], [2687.85, 2428.0], [2687.9, 136182.0], [2687.95, 10000.0], [2688.0, 459764.0]]}}}
{"jsonrpc": "2.0", "method": "subscription", "params": {"channel": "book.ETH-PERPETUAL.none.20.100ms", "data": {"timestamp": 1740391813229, "change_id": 59510915792, "instrument_name": "ETH-PERPETUAL", "bids": [[2686.8, 7817.0], [2686.75, 349.0], [2686.5, 6254.0], [2686.45, 10900.0], [2686.4, 9383.0], [2686.3, 6800.0], [2686.25, 22668.0], [2686.05, 3000.0], [2686.0, 11168.0], [2685.95, 1442.0], [2685.85, 100.0], [2685.75, 3699.0], [2685.65, 10000.0], [2685.6, 3257.0], [2685.55, 8171.0], [2685.5, 1011.0], [2685.45, 28713.0], [2685.4, 27388.0], [2685.35, 76185.0], [2685.3, 10067.0]], "asks": [[2686.85, 70418.0], [2686.9, 31805.0], [2686.95, 9481.0], [2687.0, 50000.0], [2687.05, 100.0], [2687.1, 66190.0], [2687.15, 35593.0], [2687.2, 15219.0], [2687.25, 48680.0], [2687.3, 250.0], [2687.4, 55825.0], [2687.45, 1139.0], [2687.5, 336.0], [2687.55, 14447.0], [2687.65, 13875.0], [2687.7, 47411.0], [2687.75, 1443.0], [2687.85, 2428.0], [2687.9, 136182.0], [2687.95, 10000.0]]}}}
{"jsonrpc": "2.0", "method": "subscription", "params": {"channel": "book.ETH-PERPETUAL.none.20.100ms", "data": {"timestamp": 1740391813579, "change_id": 59510916093, "instrument_name": "ETH-PERPETUAL", "bids": [[2686.8, 7857.0], [2686.75, 349.0], [2686.5, 6254.0], [2686.45, 10900.0], [2686.4, 9383.0], [2686.3, 6800.0], [2686.25, 22668.0], [2686.05, 3000.0], [2686.0, 11168.0], [2685.95, 1442.0], [2685.85, 100.0], [2685.75, 3699.0], [2685.65, 10000.0], [2685.6, 3257.0], [2685.55, 8171.0], [2685.5, 1011.0], [2685.45, 54540.0], [2685.4, 27388.0], [2685.35, 76145.0], [2685.3, 100.0]], "asks": [[2686.85, 32565.0], [2686.9, 21123.0], [2686.95, 9481.0], [2687.0, 50000.0], [2687.05, 100.0], [2687.1, 26271.0], [2687.15, 21596.0], [2687.2, 1221.0], [2687.25, 36832.0], [2687.3, 250.0], [2687.4, 74817.0], [2687.45, 25136.0], [2687.5, 36182.0], [2687.55, 24447.0], [2687.65, 13875.0], [2687.7, 47411.0], [2687.75, 1443.0], [2687.85, 2428.0], [2687.9, 136182.0], [2687.95, 10000.0]]}}}
{"jsonrpc": "2.0", "method": "subscription", "params": {"channel": "book.ETH-PERPETUAL.none.20.100ms", "data": {"timestamp": 1740391813919, "change_id": 59510916675, "instrument_name": "ETH-PERPETUAL", "bids": [[2686.8, 34857.0], [2686.75, 349.0], [2686.5, 6254.0], [2686.45, 10900.0], [2686.4, 9383.0], [2686.3, 6800.0], [2686.25, 22668.0], [2686.05, 3000.0], [2686.0, 11168.0], [2685.95, 1442.0], [2685.85, 100.0], [2685.75, 3699.0], [2685.65, 10000.0], [2685.6, 3257.0], [2685.55, 8171.0], [2685.5, 1011.0], [2685.45, 28713.0], [2685.4, 388.0], [2685.35, 76145.0], [2685.3, 7377.0]], "asks": [[2686.85, 45794.0], [2686.9, 21123.0], [2686.95, 9481.0], [2687.0, 50000.0], [2687.05, 100.0], [2687.1, 16271.0], [2687.15, 21596.0], [2687.2, 1221.0], [2687.25, 43280.0], [2687.3, 14247.0], [2687.35, 25846.0], [2687.4, 55825.0], [2687.45, 1139.0], [2687.5, 336.0], [2687.55, 14447.0], [2687.65, 13875.0], [2687.7, 47411.0], [2687.75, 1443.0], [2687.85, 2428.0], [2687.9, 136182.0]]}}}
{"jsonrpc": "2.0", "method": "subscription", "params": {"channel": "book.ETH-PERPETUAL.none.20.100ms", "data": {"timestamp": 1740391814191, "change_id": 59510916880, "instrument_name": "ETH-PERPETUAL", "bids": [[2686.8, 34940.0], [2686.75, 349.0], [2686.5, 8763.0], [2686.45, 10900.0], [2686.4, 9383.0], [2686.35, 10900.0], [2686.3, 6800.0], [2686.25, 22668.0], [2686.05, 3000.0], [2686.0, 11168.0], [2685.95, 1442.0], [2685.85, 100.0], [2685.75, 3299.0], [2685.65, 10000.0], [2685.6, 3257.0], [2685.55, 8171.0], [2685.5, 1011.0], [2685.45, 28713.0], [2685.4, 26215.0], [2685.35, 76145.0]], "asks": [[2686.85, 36181.0], [2686.9, 11623.0], [2686.95, 9481.0], [2687.05, 100.0], [2687.1, 16271.0], [2687.15, 21596.0], [2687.2, 1221.0], [2687.25, 62029.0], [2687.3, 10250.0], [2687.35, 49843.0], [2687.4, 55825.0], [2687.45, 1139.0], [2687.5, 336.0], [2687.55, 14447.0], [2687.65, 13875.0], [2687.7, 47411.0], [2687.75, 1443.0], [2687.85, 2428.0], [2687.9, 136182.0], [2687.95, 10000.0]]}}}
{"jsonrpc": "2.0", "method": "subscription", "params": {"channel": "book.ETH-PERPETUAL.none.20.100ms", "data": {"timestamp": 1740391814578, "change_id": 59510917587, "instrument_name": "ETH-PERPETUAL", "bids": [[2686.8, 34940.0], [2686.75, 349.0], [2686.5, 8763.0], [2686.45, 10900.0], [2686.4, 9383.0], [2686.35, 10900.0], [2686.3, 6800.0], [2686.25, 22668.0], [2686.05, 3100.0], [2686.0, 11168.0], [2685.95, 1442.0], [2685.85, 100.0], [2685.75, 3299.0], [2685.65, 10000.0], [2685.6, 3257.0], [2685.55, 8171.0], [2685.5, 14999.0], [2685.45, 28713.0], [2685.4, 12227.0], [2685.35, 76145.0]], "asks": [[2686.85, 43099.0], [2686.9, 3123.0], [2686.95, 9769.0], [2687.05, 100.0], [2687.1, 11922.0], [2687.2, 971.0], [2687.25, 67005.0], [2687.3, 10100.0], [2687.35, 10000.0], [2687.4, 80380.0], [2687.5, 90854.0], [2687.55, 14447.0], [2687.75, 776.0], [2687.85, 48731.0], [2687.9, 136182.0], [2687.95, 11343.0], [2688.0, 405132.0], [2688.05, 1048.0], [2688.25, 26668.0], [2688.3, 400.0]]}}}
{"jsonrpc": "2.0", "method": "subscription", "params": {"channel": "book.ETH-PERPETUAL.none.20.100ms", "data": {"timestamp": 1740391814868, "change_id": 59510918020, "instrument_name": "ETH-PERPETUAL", "bids": [[2686.8, 34941.0], [2686.75, 349.0], [2686.5, 8763.0], [2686.45, 10900.0], [2686.4, 9383.0], [2686.35, 10900.0], [2686.3, 6800.0], [2686.25, 22668.0], [2686.05, 3100.0], [2686.0, 11168.0], [2685.95, 100.0], [2685.85, 100.0], [2685.75, 3299.0], [2685.65, 21839.0], [2685.6, 17245.0], [2685.55, 8171.0], [2685.5, 1011.0], [2685.45, 28713.0], [2685.4, 388.0], [2685.35, 76145.0]], "asks": [[2686.85, 20008.0], [2686.9, 3123.0], [2686.95, 9481.0], [2687.0, 674.0], [2687.05, 100.0], [2687.1, 11922.0], [2687.2, 971.0], [2687.25, 57005.0], [2687.3, 350.0], [2687.35, 250.0], [2687.4, 55935.0], [2687.5, 1011.0], [2687.55, 14447.0], [2687.6, 1139.0], [2687.75, 776.0], [2687.8, 39843.0], [2687.85, 48731.0], [2687.9, 136182.0], [2687.95, 11343.0], [2688.0, 455132.0]]}}}
{"jsonrpc": "2.0", "method": "subscription", "params": {"channel": "book.ETH-PERPETUAL.none.20.100ms", "data": {"timestamp": 1740391815235, "change_id": 59510918507, "instrument_name": "ETH-PERPETUAL", "bids": [[2686.8, 45940.0], [2686.75, 349.0], [2686.6, 3351.0], [2686.55, 11000.0], [2686.5, 8763.0], [2686.45, 10900.0], [2686.4, 9383.0], [2686.35, 10900.0], [2686.3, 6800.0], [2686.25, 22668.0], [2686.05, 3100.0], [2686.0, 12511.0], [2685.95, 100.0], [2685.85, 100.0], [2685.75, 3299.0], [2685.65, 10000.0], [2685.6, 15096.0], [2685.55, 8171.0], [2685.5, 14999.0], [2685.45, 28713.0]], "asks": [[2686.85, 30872.0], [2686.9, 3123.0], [2686.95, 9481.0], [2687.0, 674.0], [2687.05, 100.0], [2687.1, 11922.0], [2687.25, 57005.0], [2687.3, 350.0], [2687.35, 10250.0], [2687.4, 84102.0], [2687.45, 10000.0], [2687.5, 65008.0], [2687.55, 15418.0], [2687.6, 1139.0], [2687.65, 11848.0], [2687.75, 14774.0], [2687.85, 48731.0], [2687.9, 136182.0], [2687.95, 11343.0], [2688.0, 405132.0]]}}}
{"jsonrpc": "2.0", "method": "subscription", "params": {"channel": "book.ETH-PERPETUAL.none.20.100ms", "data": {"timestamp": 1740391815565, "change_id": 59510918685, "instrument_name": "ETH-PERPETUAL", "bids": [[2686.8, 34940.0], [2686.75, 349.0], [2686.6, 3351.0], [2686.55, 11000.0], [2686.5, 8763.0], [2686.45, 10900.0], [2686.4, 9383.0], [2686.35, 10900.0], [2686.3, 6800.0], [2686.25, 22668.0], [2686.05, 3100.0], [2686.0, 12511.0], [2685.95, 100.0], [2685.85, 100.0], [2685.75, 3299.0], [2685.65, 10000.0], [2685.6, 3257.0], [2685.55, 22159.0], [2685.5, 12850.0], [2685.45, 28713.0]], "asks": [[2686.85, 30873.0], [2686.9, 3123.0], [2686.95, 9481.0], [2687.0, 962.0], [2687.05, 100.0], [2687.1, 6762.0], [2687.25, 37164.0], [2687.3, 350.0], [2687.35, 10250.0], [2687.4, 79664.0], [2687.45, 10000.0], [2687.5, 40854.0], [2687.55, 15418.0], [2687.6, 1139.0], [2687.75, 776.0], [2687.85, 48731.0], [2687.9, 136182.0], [2687.95, 11343.0], [2688.0, 455132.0], [2688.05, 1048.0]]}}}
{"jsonrpc": "2.0", "method": "subscription", "params": {"channel": "book.ETH-PERPETUAL.none.20.100ms", "data": {"timestamp": 1740391815868, "change_id": 59510919038, "instrument_name": "ETH-PERPETUAL", "bids": [[2686.8, 34940.0], [2686.75, 349.0], [2686.6, 3351.0], [2686.55, 11000.0], [2686.5, 8763.0], [2686.45, 10900.0], [2686.4, 9383.0], [2686.35, 10900.0], [2686.3, 6800.0], [2686.25, 22668.0], [2686.05, 3100.0], [2686.0, 11168.0], [2685.95, 1442.0], [2685.85, 100.0], [2685.75, 3299.0], [2685.65, 10000.0], [2685.6, 3257.0], [2685.55, 8171.0], [2685.5, 26838.0], [2685.45, 28713.0]], "asks": [[2686.85, 33296.0], [2686.9, 3123.0], [2686.95, 9481.0], [2687.0, 674.0], [2687.05, 100.0], [2687.1, 11526.0], [2687.25, 56655.0], [2687.3, 350.0], [2687.35, 10250.0], [2687.4, 79664.0], [2687.45, 23997.0], [2687.5, 26857.0], [2687.55, 15418.0], [2687.6, 1139.0], [2687.75, 776.0], [2687.85, 48731.0], [2687.9, 136182.0], [2687.95, 11343.0], [2688.0, 455132.0], [2688.05, 6976.0]]}}}
