{"jsonrpc": "2.0", "id": 1, "result": ["book.ETH-PERPETUAL.none.20.100ms"], "usIn": 1758776935874360, "usOut": 1758776935874602, "usDiff": 242, "testnet": false}
{"jsonrpc": "2.0", "method": "subscription", "params": {"channel": "book.ETH-PERPETUAL.none.20.100ms", "data": {"timestamp": 1758776935873, "change_id": 87893835135, "instrument_name": "ETH-PERPETUAL", "bids": [[4009.25, 49741.0], [4009.15, 1000.0], [4008.8, 64.0], [4008.65, 7500.0], [4008.6, 25000.0], [4008.55, 10727.0], [4008.5, 22.0], [4008.45, 38489.0], [4008.4, 60807.0], [4008.35, 20841.0], [4008.2, 186187.0], [4008.0, 56041.0], [4007.95, 20841.0], [4007.9, 14375.0], [4007.85, 156000.0], [4007.8, 5994.0], [4007.65, 17757.0], [4007.6, 10306.0], [4007.5, 14375.0], [4007.45, 19979.0]], "asks": [[4009.3, 37331.0], [4009.35, 171790.0], [4009.5, 7500.0], [4009.55, 25000.0], [4009.75, 3960.0], [4009.8, 13200.0], [4010.0, 61207.0], [4010.05, 158000.0], [4010.1, 81.0], [4010.2, 45941.0], [4010.25, 11887.0], [4010.3, 39560.0], [4010.5, 19.0], [4010.55, 15209.0], [4010.6, 50698.0], [4010.85, 4310.0], [4010.9, 14367.0], [4011.25, 18797.0], [4011.3, 14384.0], [4011.4, 50080.0]]}}}
{"jsonrpc": "2.0", "method": "subscription", "params": {"channel": "book.ETH-PERPETUAL.none.20.100ms", "data": {"timestamp": 1758776935938, "change_id": 87893835196, "instrument_name": "ETH-PERPETUAL", "bids": [[4009.25, 49753.0], [4009.15, 1000.0], [4008.8, 64.0], [4008.65, 7500.0], [4008.6, 25000.0], [4008.55, 10727.0], [4008.5, 22.0], [4008.45, 38489.0], [4008.4, 60807.0], [4008.35, 20841.0], [4008.2, 186187.0], [4008.0, 56041.0], [4007.95, 20841.0], [4007.9, 14375.0], [4007.85, 156000.0], [4007.8, 5994.0], [4007.65, 17757.0], [4007.55, 4313.0], [4007.5, 14375.0], [4007.4, 9770.0]], "asks": [[4009.3, 38239.0], [4009.35, 171790.0], [4009.5, 7500.0], [4009.55, 25000.0], [4009.75, 3960.0], [4009.8, 13200.0], [4010.0, 61207.0], [4010.05, 158000.0], [4010.1, 81.0], [4010.2, 45941.0], [4010.25, 11887.0], [4010.3, 39560.0], [4010.5, 19.0], [4010.55, 15209.0], [4010.6, 50698.0], [4010.85, 4310.0], [4010.9, 14367.0], [4011.25, 18797.0], [4011.3, 14384.0], [4011.4, 50000.0]]}}}
{"jsonrpc": "2.0", "method": "subscription", "params": {"channel": "book.ETH-PERPETUAL.none.20.100ms", "data": {"timestamp": 1758776936271, "change_id": 87893836639, "instrument_name": "ETH-PERPETUAL", "bids": [[4008.5, 1440.0], [4008.05, 25000.0], [4007.65, 6252.0], [4007.6, 20841.0], [4007.55, 50573.0], [4007.5, 14375.0], [4007.45, 156000.0], [4007.4, 15858.0], [4007.3, 36375.0], [4007.2, 44820.0], [4007.1, 69312.0], [4007.0, 9099.0], [4006.9, 14369.0], [4006.8, 17757.0], [4006.75, 17293.0], [4006.7, 12320.0], [4006.65, 34348.0], [4006.6, 15324.0], [4006.5, 4311.0], [4006.45, 14369.0]], "asks": [[4008.55, 164100.0], [4008.65, 171753.0], [4009.1, 2000.0], [4009.15, 7559.0], [4009.2, 25100.0], [4009.25, 80.0], [4009.3, 38830.0], [4009.45, 20841.0], [4009.8, 11677.0], [4009.85, 49454.0], [4010.0, 61207.0], [4010.05, 156000.0], [4010.15, 14359.0], [4010.25, 11887.0], [4010.3, 39560.0], [4010.5, 4720.0], [4010.55, 14359.0], [4010.6, 1312.0], [4010.8, 24021.0], [4010.9, 14367.0]]}}}
{"jsonrpc": "2.0", "method": "subscription", "params": {"channel": "book.ETH-PERPETUAL.none.20.100ms", "data": {"timestamp": 1758776936600, "change_id": 87893838525, "instrument_name": "ETH-PERPETUAL", "bids": [[4009.25, 25832.0], [4008.65, 7500.0], [4008.6, 27038.0], [4008.5, 7799.0], [4008.3, 6600.0], [4008.25, 22064.0], [4008.1, 6272.0], [4008.05, 20841.0], [4008.0, 16356.0], [4007.95, 38489.0], [4007.85, 20841.0], [4007.7, 5327.0], [4007.65, 17757.0], [4007.6, 102655.0], [4007.55, 175903.0], [4007.5, 34354.0], [4007.45, 156000.0], [4007.35, 4313.0], [4007.3, 14375.0], [4007.2, 39546.0]], "asks": [[4009.3, 180677.0], [4009.45, 25000.0], [4009.85, 35353.0], [4009.95, 46800.0], [4010.0, 160308.0], [4010.15, 14359.0], [4010.2, 81.0], [4010.25, 17318.0], [4010.3, 21912.0], [4010.35, 38489.0], [4010.5, 15750.0], [4010.55, 14359.0], [4010.6, 49372.0], [4010.85, 4310.0], [4010.9, 14367.0], [4011.2, 19315.0], [4011.3, 14384.0], [4011.4, 50000.0], [4011.45, 5153.0], [4011.5, 7178.0]]}}}
{"jsonrpc": "2.0", "method": "subscription", "params": {"channel": "book.ETH-PERPETUAL.none.20.100ms", "data": {"timestamp": 1758776936932, "change_id": 87893839454, "instrument_name": "ETH-PERPETUAL", "bids": [[4009.25, 92586.0], [4009.2, 1000.0], [4009.05, 25000.0], [4008.95, 1253.0], [4008.8, 417.0], [4008.6, 1135.0], [4008.5, 412.0], [4008.4, 53470.0], [4008.35, 180839.0], [4008.1, 11579.0], [4008.05, 38598.0], [4008.0, 11547.0], [4007.95, 38489.0], [4007.7, 5994.0], [4007.65, 19979.0], [4007.6, 62433.0], [4007.5, 14375.0], [4007.45, 156000.0], [4007.4, 4313.0], [4007.3, 14375.0]], "asks": [[4009.3, 1270.0], [4009.5, 1000.0], [4009.85, 7500.0], [4009.9, 25000.0], [4010.05, 3960.0], [4010.1, 13200.0], [4010.25, 46819.0], [4010.3, 156000.0], [4010.5, 15831.0], [4010.55, 14359.0], [4010.6, 49372.0], [4010.8, 10562.0], [4010.85, 20841.0], [4010.9, 14367.0], [4011.25, 4315.0], [4011.3, 14384.0], [4011.4, 19549.0], [4011.45, 47985.0], [4011.5, 7178.0], [4011.6, 22581.0]]}}}
{"jsonrpc": "2.0", "method": "subscription", "params": {"channel": "book.ETH-PERPETUAL.none.20.100ms", "data": {"timestamp": 1758776937262, "change_id": 87893840019, "instrument_name": "ETH-PERPETUAL", "bids": [[4009.25, 94762.0], [4009.2, 1000.0], [4009.15, 25000.0], [4008.5, 107.0], [4008.4, 53470.0], [4008.35, 180839.0], [4008.1, 16126.0], [4008.05, 38598.0], [4008.0, 31526.0], [4007.95, 38489.0], [4007.6, 62433.0], [4007.5, 14375.0], [4007.45, 156000.0], [4007.4, 4313.0], [4007.3, 14375.0], [4007.2, 39546.0], [4007.15, 72500.0], [4007.1, 69312.0], [4007.0, 4311.0], [4006.9, 14369.0]], "asks": [[4009.3, 270.0], [4009.65, 117290.0], [4010.0, 11460.0], [4010.05, 25000.0], [4010.1, 13200.0], [4010.25, 46819.0], [4010.3, 156000.0], [4010.35, 20841.0], [4010.5, 15831.0], [4010.55, 14359.0], [4010.6, 49372.0], [4010.8, 20789.0], [4010.85, 38489.0], [4010.9, 14367.0], [4011.25, 4315.0], [4011.3, 15696.0], [4011.4, 19549.0], [4011.45, 47985.0], [4011.5, 7178.0], [4011.6, 22581.0]]}}}
{"jsonrpc": "2.0", "method": "subscription", "params": {"channel": "book.ETH-PERPETUAL.none.20.100ms", "data": {"timestamp": 1758776937593, "change_id": 87893841469, "instrument_name": "ETH-PERPETUAL", "bids": [[4009.25, 99116.0], [4009.2, 8500.0], [4009.15, 25000.0], [4008.5, 107.0], [4008.4, 95607.0], [4008.35, 336839.0], [4008.3, 4130.0], [4008.1, 16126.0], [4008.05, 38598.0], [4008.0, 31526.0], [4007.95, 38489.0], [4007.6, 4313.0], [4007.5, 14375.0], [4007.4, 4313.0], [4007.3, 14375.0], [4007.2, 39546.0], [4007.15, 72500.0], [4007.1, 69312.0], [4007.0, 4311.0], [4006.9, 14369.0]], "asks": [[4009.3, 270.0], [4009.7, 162489.0], [4009.8, 1000.0], [4010.0, 10965.0], [4010.1, 13200.0], [4010.2, 25000.0], [4010.25, 6271.0], [4010.35, 20841.0], [4010.5, 15831.0], [4010.55, 14359.0], [4010.6, 28531.0], [4010.8, 20789.0], [4010.85, 38489.0], [4010.9, 35208.0], [4011.15, 1071.0], [4011.25, 4315.0], [4011.3, 15696.0], [4011.4, 5153.0], [4011.5, 7178.0], [4011.6, 22581.0]]}}}
{"jsonrpc": "2.0", "method": "subscription", "params": {"channel": "book.ETH-PERPETUAL.none.20.100ms", "data": {"timestamp": 1758776937925, "change_id": 87893842277, "instrument_name": "ETH-PERPETUAL", "bids": [[4009.75, 49136.0], [4009.5, 649.0], [4009.4, 9851.0], [4009.3, 25000.0], [4009.25, 1087.0], [4008.9, 6252.0], [4008.85, 20841.0], [4008.5, 107.0], [4008.4, 95607.0], [4008.35, 336839.0], [4008.3, 4130.0], [4008.2, 27519.0], [4008.15, 14357.0], [4008.1, 19979.0], [4008.0, 11547.0], [4007.95, 38489.0], [4007.8, 4307.0], [4007.75, 14357.0], [4007.6, 4313.0], [4007.5, 14375.0]], "asks": [[4009.8, 6000.0], [4010.0, 17528.0], [4010.05, 25000.0], [4010.1, 25000.0], [4010.2, 13200.0], [4010.25, 6271.0], [4010.35, 20841.0], [4010.5, 15831.0], [4010.55, 14359.0], [4010.6, 28531.0], [4010.8, 10562.0], [4010.9, 35208.0], [4011.05, 38489.0], [4011.1, 6574.0], [4011.15, 21912.0], [4011.25, 4315.0], [4011.3, 15696.0], [4011.5, 39.0], [4011.6, 22581.0], [4011.65, 14396.0]]}}}
{"jsonrpc": "2.0", "method": "subscription", "params": {"channel": "book.ETH-PERPETUAL.none.20.100ms", "data": {"timestamp": 1758776938256, "change_id": 87893843104, "instrument_name": "ETH-PERPETUAL", "bids": [[4010.1, 82767.0], [4010.05, 80.0], [4009.95, 1000.0], [4009.8, 6895.0], [4009.75, 22965.0], [4009.5, 649.0], [4009.35, 13933.0], [4009.3, 25000.0], [4009.2, 20841.0], [4008.9, 6252.0], [4008.85, 20841.0], [4008.55, 9666.0], [4008.5, 14462.0], [4008.45, 17757.0], [4008.4, 95607.0], [4008.35, 315998.0], [4008.3, 4130.0], [4008.25, 19979.0], [4008.2, 4307.0], [4008.15, 14357.0]], "asks": [[4010.15, 193335.0], [4010.25, 19.0], [4010.35, 25000.0], [4010.5, 19.0], [4010.75, 156000.0], [4010.8, 10562.0], [4010.85, 81.0], [4010.9, 35208.0], [4011.05, 38489.0], [4011.15, 1071.0], [4011.25, 4315.0], [4011.3, 14384.0], [4011.4, 7099.0], [4011.45, 42262.0], [4011.5, 39.0], [4011.6, 10000.0], [4011.65, 14396.0], [4011.8, 4315.0], [4011.85, 14382.0], [4011.95, 50000.0]]}}}
{"jsonrpc": "2.0", "method": "subscription", "params": {"channel": "book.ETH-PERPETUAL.none.20.100ms", "data": {"timestamp": 1758776938577, "change_id": 87893844043, "instrument_name": "ETH-PERPETUAL", "bids": [[4010.1, 84443.0], [4010.05, 80.0], [4009.8, 6895.0], [4009.75, 22804.0], [4009.5, 7500.0], [4009.45, 25000.0], [4009.35, 6252.0], [4009.2, 20841.0], [4008.9, 6252.0], [4008.85, 20841.0], [4008.55, 4339.0], [4008.5, 14462.0], [4008.4, 95607.0], [4008.35, 333755.0], [4008.3, 4130.0], [4008.2, 24286.0], [4008.15, 14357.0], [4008.0, 11547.0], [4007.95, 38489.0], [4007.8, 4307.0]], "asks": [[4010.15, 193335.0], [4010.25, 19.0], [4010.35, 25000.0], [4010.5, 19.0], [4010.75, 156000.0], [4010.8, 10562.0], [4010.85, 81.0], [4010.9, 35208.0], [4011.05, 38489.0], [4011.15, 1071.0], [4011.25, 4315.0], [4011.3, 14384.0], [4011.4, 7099.0], [4011.45, 42262.0], [4011.5, 39.0], [4011.6, 10000.0], [4011.65, 14396.0], [4011.8, 4315.0], [4011.85, 14382.0], [4012.0, 25989.0]]}}}
{"jsonrpc": "2.0", "method": "subscription", "params": {"channel": "book.ETH-PERPETUAL.none.20.100ms", "data": {"timestamp": 1758776938890, "change_id": 87893844471, "instrument_name": "ETH-PERPETUAL", "bids": [[4010.1, 25700.0], [4010.05, 80.0], [4009.55, 7519.0], [4009.5, 25000.0], [4009.45, 64.0], [4009.4, 12852.0], [4009.35, 22000.0], [4009.2, 20841.0], [4008.9, 6252.0], [4008.85, 20841.0], [4008.55, 4339.0], [4008.5, 14462.0], [4008.4, 95607.0], [4008.35, 333755.0], [4008.3, 4130.0], [4008.2, 9634.0], [4008.15, 14357.0], [4008.05, 19979.0], [4008.0, 11547.0], [4007.95, 38489.0]], "asks": [[4010.15, 348916.0], [4010.25, 19.0], [4010.3, 7500.0], [4010.35, 25000.0], [4010.5, 19.0], [4010.6, 81.0], [4010.7, 46800.0], [4010.75, 156000.0], [4010.8, 15639.0], [4010.9, 35208.0], [4011.0, 33110.0], [4011.05, 38489.0], [4011.15, 1071.0], [4011.25, 5627.0], [4011.3, 14384.0], [4011.4, 22789.0], [4011.45, 42262.0], [4011.5, 39.0], [4011.6, 14319.0], [4011.65, 14396.0]]}}}
{"jsonrpc": "2.0", "method": "subscription", "params": {"channel": "book.ETH-PERPETUAL.none.20.100ms", "data": {"timestamp": 1758776939227, "change_id": 87893844796, "instrument_name": "ETH-PERPETUAL", "bids": [[4010.1, 59886.0], [4010.05, 80.0], [4009.7, 13275.0], [4009.65, 22000.0], [4009.6, 25000.0], [4009.45, 64.0], [4009.25, 6252.0], [4009.2, 20841.0], [4008.9, 6252.0], [4008.85, 20841.0], [4008.55, 4339.0], [4008.5, 14462.0], [4008.4, 95607.0], [4008.35, 315998.0], [4008.3, 24109.0], [4008.25, 17757.0], [4008.2, 4307.0], [4008.15, 14357.0], [4008.0, 11547.0], [4007.95, 38489.0]], "asks": [[4010.15, 192427.0], [4010.25, 19.0], [4010.3, 7500.0], [4010.35, 25000.0], [4010.5, 19.0], [4010.6, 81.0], [4010.7, 46800.0], [4010.75, 164090.0], [4010.8, 15639.0], [4010.9, 35208.0], [4011.0, 33110.0], [4011.05, 38489.0], [4011.15, 1071.0], [4011.25, 5627.0], [4011.3, 14384.0], [4011.4, 22789.0], [4011.45, 42262.0], [4011.5, 39.0], [4011.6, 14319.0], [4011.65, 14396.0]]}}}
{"jsonrpc": "2.0", "method": "subscription", "params": {"channel": "book.ETH-PERPETUAL.none.20.100ms", "data": {"timestamp": 1758776939572, "change_id": 87893845484, "instrument_name": "ETH-PERPETUAL", "bids": [[4010.1, 65871.0], [4010.05, 80.0], [4009.7, 6600.0], [4009.65, 22000.0], [4009.45, 64.0], [4009.4, 13752.0], [4009.35, 25000.0], [4009.2, 20841.0], [4008.9, 6252.0], [4008.85, 20841.0], [4008.55, 4339.0], [4008.5, 14440.0], [4008.4, 95607.0], [4008.35, 315998.0], [4008.3, 4130.0], [4008.25, 17757.0], [4008.2, 9762.0], [4008.15, 14357.0], [4008.05, 19979.0], [4008.0, 11547.0]], "asks": [[4010.15, 348916.0], [4010.25, 19.0], [4010.3, 7500.0], [4010.35, 25000.0], [4010.5, 19.0], [4010.6, 81.0], [4010.7, 46800.0], [4010.75, 164090.0], [4010.8, 15639.0], [4010.9, 35208.0], [4011.0, 33110.0], [4011.05, 38489.0], [4011.15, 1071.0], [4011.25, 4315.0], [4011.3, 14384.0], [4011.4, 22789.0], [4011.45, 42262.0], [4011.5, 39.0], [4011.6, 14319.0], [4011.65, 14396.0]]}}}
{"jsonrpc": "2.0", "method": "subscription", "params": {"channel": "book.ETH-PERPETUAL.none.20.100ms", "data": {"timestamp": 1758776939897, "change_id": 87893845840, "instrument_name": "ETH-PERPETUAL", "bids": [[4010.1, 66257.0], [4010.05, 80.0], [4009.75, 14130.0], [4009.7, 25100.0], [4009.65, 22000.0], [4009.45, 64.0], [4009.4, 6252.0], [4009.2, 20841.0], [4008.9, 6252.0], [4008.85, 20841.0], [4008.55, 4339.0], [4008.5, 14440.0], [4008.4, 95607.0], [4008.35, 315998.0], [4008.3, 4130.0], [4008.25, 37736.0], [4008.2, 4307.0], [4008.15, 14357.0], [4008.0, 11547.0], [4007.95, 38489.0]], "asks": [[4010.15, 193335.0], [4010.25, 19.0], [4010.3, 7500.0], [4010.35, 25000.0], [4010.5, 19.0], [4010.6, 81.0], [4010.7, 46800.0], [4010.75, 164090.0], [4010.8, 15639.0], [4010.9, 35208.0], [4011.0, 33110.0], [4011.05, 38489.0], [4011.15, 1071.0], [4011.25, 4315.0], [4011.3, 14384.0], [4011.4, 22789.0], [4011.45, 42262.0], [4011.5, 39.0], [4011.6, 14319.0], [4011.65, 14396.0]]}}}
{"jsonrpc": "2.0", "method": "subscription", "params": {"channel": "book.ETH-PERPETUAL.none.20.100ms", "data": {"timestamp": 1758776940210, "change_id": 87893846228, "instrument_name": "ETH-PERPETUAL", "bids": [[4010.1, 26439.0], [4010.05, 80.0], [4009.75, 6600.0], [4009.65, 22000.0], [4009.45, 64.0], [4009.4, 6252.0], [4009.2, 20841.0], [4009.0, 38.0], [4008.95, 47611.0], [4008.9, 137863.0], [4008.85, 20841.0], [4008.8, 46800.0], [4008.75, 156000.0], [4008.55, 4339.0], [4008.5, 14440.0], [4008.4, 11739.0], [4008.3, 4130.0], [4008.25, 17757.0], [4008.2, 24286.0], [4008.15, 14357.0]], "asks": [[4010.15, 193335.0], [4010.25, 19.0], [4010.3, 7500.0], [4010.35, 25000.0], [4010.5, 19.0], [4010.6, 81.0], [4010.7, 46800.0], [4010.75, 164090.0], [4010.8, 15639.0], [4010.9, 35208.0], [4011.0, 33110.0], [4011.05, 38489.0], [4011.1, 1312.0], [4011.15, 1071.0], [4011.25, 4315.0], [4011.3, 14384.0], [4011.4, 22789.0], [4011.45, 42262.0], [4011.5, 39.0], [4011.6, 14319.0]]}}}
{"jsonrpc": "2.0", "method": "subscription", "params": {"channel": "book.ETH-PERPETUAL.none.20.100ms", "data": {"timestamp": 1758776940560, "change_id": 87893846803, "instrument_name": "ETH-PERPETUAL", "bids": [[4010.1, 57959.0], [4010.05, 80.0], [4009.75, 6600.0], [4009.65, 22000.0], [4009.45, 64.0], [4009.4, 6252.0], [4009.2, 20841.0], [4009.0, 38.0], [4008.95, 47611.0], [4008.9, 137863.0], [4008.85, 20841.0], [4008.8, 46800.0], [4008.75, 156000.0], [4008.55, 4339.0], [4008.5, 14355.0], [4008.4, 11739.0], [4008.25, 17757.0], [4008.2, 24286.0], [4008.15, 14357.0], [4008.0, 11547.0]], "asks": [[4010.15, 193335.0], [4010.25, 19.0], [4010.3, 7500.0], [4010.35, 25000.0], [4010.5, 19.0], [4010.6, 81.0], [4010.7, 46800.0], [4010.75, 164090.0], [4010.8, 15639.0], [4010.9, 35208.0], [4011.0, 33110.0], [4011.05, 38489.0], [4011.15, 1071.0], [4011.25, 4315.0], [4011.3, 14384.0], [4011.4, 22789.0], [4011.45, 42262.0], [4011.5, 39.0], [4011.6, 14319.0], [4011.65, 14396.0]]}}}
{"jsonrpc": "2.0", "method": "subscription", "params": {"channel": "book.ETH-PERPETUAL.none.20.100ms", "data": {"timestamp": 1758776940898, "change_id": 87893847317, "instrument_name": "ETH-PERPETUAL", "bids": [[4010.1, 26652.0], [4010.05, 80.0], [4009.45, 64.0], [4009.4, 12971.0], [4009.35, 25000.0], [4009.2, 20841.0], [4009.0, 38.0], [4008.85, 20841.0], [4008.55, 4339.0], [4008.5, 14355.0], [4008.4, 6566.0], [4008.3, 17757.0], [4008.2, 4307.0], [4008.15, 14357.0], [4008.05, 19979.0], [4008.0, 11547.0], [4007.95, 38489.0], [4007.8, 18551.0], [4007.75, 14357.0], [4007.65, 49275.0]], "asks": [[4010.15, 353916.0], [4010.25, 19.0], [4010.4, 7530.0], [4010.45, 25000.0], [4010.5, 19.0], [4010.6, 81.0], [4010.7, 46800.0], [4010.75, 164090.0], [4010.8, 15639.0], [4010.9, 35208.0], [4011.0, 33110.0], [4011.05, 38489.0], [4011.15, 1071.0], [4011.25, 4315.0], [4011.3, 14384.0], [4011.4, 22789.0], [4011.45, 42262.0], [4011.5, 39.0], [4011.6, 14319.0], [4011.65, 14396.0]]}}}
{"jsonrpc": "2.0", "method": "subscription", "params": {"channel": "book.ETH-PERPETUAL.none.20.100ms", "data": {"timestamp": 1758776941218, "change_id": 87893847622, "instrument_name": "ETH-PERPETUAL", "bids": [[4010.1, 26692.0], [4010.05, 80.0], [4009.45, 6664.0], [4009.4, 34971.0], [4009.35, 25000.0], [4009.2, 20841.0], [4009.0, 38.0], [4008.95, 36198.0], [4008.9, 99820.0], [4008.85, 20841.0], [4008.8, 46800.0], [4008.75, 156000.0], [4008.55, 4339.0], [4008.5, 14355.0], [4008.4, 6566.0], [4008.3, 17757.0], [4008.2, 24286.0], [4008.15, 14357.0], [4008.0, 11547.0], [4007.95, 38489.0]], "asks": [[4010.15, 353916.0], [4010.25, 19.0], [4010.4, 7530.0], [4010.45, 25000.0], [4010.5, 19.0], [4010.6, 81.0], [4010.7, 46800.0], [4010.75, 164090.0], [4010.8, 17545.0], [4010.9, 35208.0], [4011.0, 39543.0], [4011.05, 38489.0], [4011.15, 1071.0], [4011.25, 4315.0], [4011.3, 14384.0], [4011.4, 22789.0], [4011.45, 42262.0], [4011.5, 39.0], [4011.6, 14319.0], [4011.65, 14396.0]]}}}
{"jsonrpc": "2.0", "method": "subscription", "params": {"channel": "book.ETH-PERPETUAL.none.20.100ms", "data": {"timestamp": 1758776941559, "change_id": 87893849560, "instrument_name": "ETH-PERPETUAL", "bids": [[4009.0, 2110.0], [4008.95, 7519.0], [4008.9, 25000.0], [4008.8, 64.0], [4008.6, 6252.0], [4008.55, 20841.0], [4008.3, 6252.0], [4008.25, 20841.0], [4008.2, 96212.0], [4008.15, 14357.0], [4008.05, 171420.0], [4008.0, 167547.0], [4007.95, 38489.0], [4007.8, 25148.0], [4007.75, 14357.0], [4007.65, 17757.0], [4007.6, 9767.0], [4007.55, 19979.0], [4007.5, 14375.0], [4007.4, 4313.0]], "asks": [[4009.05, 72521.0], [4009.4, 1000.0], [4009.45, 65954.0], [4009.5, 171420.0], [4009.6, 628.0], [4009.8, 13752.0], [4009.85, 25000.0], [4009.95, 20841.0], [4010.05, 4584.0], [4010.15, 13280.0], [4010.25, 19.0], [4010.3, 81.0], [4010.35, 28506.0], [4010.4, 7530.0], [4010.5, 20860.0], [4010.65, 14349.0], [4010.7, 46800.0], [4010.75, 164090.0], [4010.8, 25617.0], [4010.9, 35766.0]]}}}
{"jsonrpc": "2.0", "method": "subscription", "params": {"channel": "book.ETH-PERPETUAL.none.20.100ms", "data": {"timestamp": 1758776941880, "change_id": 87893850244, "instrument_name": "ETH-PERPETUAL", "bids": [[4009.0, 50851.0], [4008.95, 7519.0], [4008.9, 25000.0], [4008.7, 64.0], [4008.6, 6252.0], [4008.55, 20841.0], [4008.3, 13768.0], [4008.25, 20841.0], [4008.2, 123868.0], [4008.15, 14357.0], [4008.05, 171420.0], [4008.0, 167547.0], [4007.95, 38489.0], [4007.8, 25148.0], [4007.75, 14357.0], [4007.6, 4313.0], [4007.5, 14375.0], [4007.45, 17757.0], [4007.4, 4313.0], [4007.35, 19979.0]], "asks": [[4009.05, 57164.0], [4009.25, 1000.0], [4009.35, 7530.0], [4009.4, 25100.0], [4009.45, 65954.0], [4009.5, 171420.0], [4009.6, 12088.0], [4009.65, 25000.0], [4009.75, 13200.0], [4009.8, 6252.0], [4009.95, 20841.0], [4010.05, 81.0], [4010.15, 80.0], [4010.25, 19.0], [4010.3, 1312.0], [4010.35, 28506.0], [4010.4, 7530.0], [4010.5, 20860.0], [4010.65, 14349.0], [4010.7, 46800.0]]}}}
{"jsonrpc": "2.0", "method": "subscription", "params": {"channel": "book.ETH-PERPETUAL.none.20.100ms", "data": {"timestamp": 1758776942214, "change_id": 87893850584, "instrument_name": "ETH-PERPETUAL", "bids": [[4009.0, 51386.0], [4008.95, 7519.0], [4008.9, 25000.0], [4008.7, 64.0], [4008.6, 6252.0], [4008.55, 20841.0], [4008.3, 13768.0], [4008.25, 20841.0], [4008.2, 123868.0], [4008.15, 14357.0], [4008.05, 171420.0], [4008.0, 172356.0], [4007.95, 38489.0], [4007.8, 25148.0], [4007.75, 14357.0], [4007.6, 4313.0], [4007.5, 14375.0], [4007.45, 17757.0], [4007.4, 4313.0], [4007.3, 14375.0]], "asks": [[4009.05, 57164.0], [4009.3, 1000.0], [4009.35, 7530.0], [4009.4, 25100.0], [4009.45, 65954.0], [4009.5, 171420.0], [4009.6, 12088.0], [4009.65, 25000.0], [4009.75, 13200.0], [4009.8, 6252.0], [4009.95, 20841.0], [4010.05, 81.0], [4010.15, 80.0], [4010.25, 19.0], [4010.3, 1312.0], [4010.35, 28506.0], [4010.4, 8601.0], [4010.5, 20860.0], [4010.65, 14349.0], [4010.7, 46800.0]]}}}
{"jsonrpc": "2.0", "method": "subscription", "params": {"channel": "book.ETH-PERPETUAL.none.20.100ms", "data": {"timestamp": 1758776942553, "change_id": 87893851494, "instrument_name": "ETH-PERPETUAL", "bids": [[4009.25, 37295.0], [4009.05, 8161.0], [4009.0, 27204.0], [4008.95, 7519.0], [4008.9, 22000.0], [4008.7, 19141.0], [4008.65, 38489.0], [4008.6, 31352.0], [4008.55, 20841.0], [4008.3, 13768.0], [4008.25, 20841.0], [4008.2, 123868.0], [4008.15, 14357.0], [4008.05, 171420.0], [4008.0, 167547.0], [4007.8, 25148.0], [4007.75, 14357.0], [4007.6, 4313.0], [4007.5, 14375.0], [4007.45, 37736.0]], "asks": [[4009.3, 6000.0], [4009.5, 172420.0], [4009.6, 530.0], [4009.8, 6252.0], [4009.9, 25000.0], [4009.95, 20841.0], [4010.05, 81.0], [4010.15, 6252.0], [4010.2, 20841.0], [4010.25, 19.0], [4010.3, 8873.0], [4010.35, 28506.0], [4010.4, 8601.0], [4010.5, 20860.0], [4010.65, 14349.0], [4010.7, 46800.0], [4010.75, 164090.0], [4010.9, 14367.0], [4011.0, 11868.0], [4011.05, 38489.0]]}}}
{"jsonrpc": "2.0", "method": "subscription", "params": {"channel": "book.ETH-PERPETUAL.none.20.100ms", "data": {"timestamp": 1758776942883, "change_id": 87893852479, "instrument_name": "ETH-PERPETUAL", "bids": [[4009.55, 100393.0], [4009.3, 14509.0], [4009.25, 25467.0], [4009.2, 25000.0], [4009.0, 404.0], [4008.95, 64.0], [4008.7, 19077.0], [4008.65, 38489.0], [4008.6, 31352.0], [4008.55, 20841.0], [4008.3, 13768.0], [4008.25, 20841.0], [4008.2, 123868.0], [4008.15, 14357.0], [4008.1, 17757.0], [4008.05, 171420.0], [4008.0, 167547.0], [4007.8, 24286.0], [4007.75, 14357.0], [4007.6, 4313.0]], "asks": [[4009.6, 157562.0], [4009.8, 6252.0], [4009.9, 25000.0], [4010.1, 55736.0], [4010.15, 169200.0], [4010.2, 20841.0], [4010.25, 19.0], [4010.3, 8873.0], [4010.35, 28587.0], [4010.4, 1071.0], [4010.45, 6258.0], [4010.5, 20860.0], [4010.65, 14349.0], [4010.75, 28931.0], [4010.85, 1312.0], [4010.9, 14367.0], [4011.0, 11868.0], [4011.05, 38489.0], [4011.25, 4315.0], [4011.3, 14384.0]]}}}
{"jsonrpc": "2.0", "method": "subscription", "params": {"channel": "book.ETH-PERPETUAL.none.20.100ms", "data": {"timestamp": 1758776943207, "change_id": 87893853497, "instrument_name": "ETH-PERPETUAL", "bids": [[4010.1, 27162.0], [4009.6, 13434.0], [4009.55, 24073.0], [4009.5, 25000.0], [4009.4, 15364.0], [4009.25, 23135.0], [4009.2, 20841.0], [4009.0, 38.0], [4008.9, 54390.0], [4008.85, 171325.0], [4008.8, 9976.0], [4008.7, 19077.0], [4008.65, 38489.0], [4008.6, 42857.0], [4008.5, 14342.0], [4008.35, 19979.0], [4008.3, 6252.0], [4008.2, 27656.0], [4008.15, 14357.0], [4008.0, 167547.0]], "asks": [[4010.15, 21618.0], [4010.25, 171334.0], [4010.35, 7500.0], [4010.4, 25000.0], [4010.5, 19.0], [4010.6, 54419.0], [4010.75, 28931.0], [4010.8, 156081.0], [4010.85, 4310.0], [4010.9, 14367.0], [4011.05, 8381.0], [4011.1, 27935.0], [4011.15, 7122.0], [4011.2, 15862.0], [4011.25, 38489.0], [4011.3, 14384.0], [4011.45, 35114.0], [4011.5, 39.0], [4011.6, 14319.0], [4011.65, 14396.0]]}}}
{"jsonrpc": "2.0", "method": "subscription", "params": {"channel": "book.ETH-PERPETUAL.none.20.100ms", "data": {"timestamp": 1758776943544, "change_id": 87893854289, "instrument_name": "ETH-PERPETUAL", "bids": [[4010.1, 27162.0], [4009.85, 146.0], [4009.6, 7083.0], [4009.55, 22682.0], [4009.4, 14999.0], [4009.25, 22300.0], [4009.2, 20841.0], [4009.0, 38.0], [4008.9, 54390.0], [4008.85, 171325.0], [4008.8, 9976.0], [4008.7, 19077.0], [4008.65, 38489.0], [4008.6, 42857.0], [4008.55, 19979.0], [4008.5, 14342.0], [4008.15, 14357.0], [4008.0, 167547.0], [4007.8, 4307.0], [4007.75, 14357.0]], "asks": [[4010.15, 6098.0], [4010.25, 171334.0], [4010.5, 19.0], [4010.6, 54419.0], [4010.75, 28931.0], [4010.8, 156081.0], [4010.85, 4310.0], [4010.9, 14367.0], [4011.05, 8381.0], [4011.1, 27935.0], [4011.15, 7122.0], [4011.2, 15862.0], [4011.25, 39560.0], [4011.3, 14384.0], [4011.45, 35114.0], [4011.5, 39.0], [4011.55, 1312.0], [4011.6, 14319.0], [4011.65, 14396.0], [4011.8, 4315.0]]}}}
{"jsonrpc": "2.0", "method": "subscription", "params": {"channel": "book.ETH-PERPETUAL.none.20.100ms", "data": {"timestamp": 1758776943874, "change_id": 87893855548, "instrument_name": "ETH-PERPETUAL", "bids": [[4010.2, 142494.0], [4010.15, 7805.0], [4010.1, 2054.0], [4010.05, 25000.0], [4009.4, 14999.0], [4009.25, 22300.0], [4009.2, 20841.0], [4009.0, 38.0], [4008.9, 210390.0], [4008.85, 189082.0], [4008.8, 9976.0], [4008.75, 19979.0], [4008.65, 38489.0], [4008.5, 14342.0], [4008.15, 14357.0], [4007.8, 4307.0], [4007.75, 14357.0], [4007.6, 4313.0], [4007.5, 14375.0], [4007.4, 4313.0]], "asks": [[4010.25, 6019.0], [4010.35, 1000.0], [4010.5, 19.0], [4010.75, 8090.0], [4010.8, 25000.0], [4011.05, 4289.0], [4011.1, 7094.0], [4011.15, 7122.0], [4011.2, 4637.0], [4011.25, 1071.0], [4011.3, 14384.0], [4011.4, 13546.0], [4011.45, 35114.0], [4011.5, 39.0], [4011.6, 14319.0], [4011.65, 52885.0], [4011.75, 20841.0], [4011.8, 4315.0], [4011.85, 14382.0], [4012.1, 14400.0]]}}}
{"jsonrpc": "2.0", "method": "subscription", "params": {"channel": "book.ETH-PERPETUAL.none.20.100ms", "data": {"timestamp": 1758776944203, "change_id": 87893856088, "instrument_name": "ETH-PERPETUAL", "bids": [[4010.2, 28076.0], [4010.15, 387.0], [4010.1, 8002.0], [4010.05, 25000.0], [4009.9, 6619.0], [4009.85, 22064.0], [4009.4, 14999.0], [4009.25, 34620.0], [4009.2, 20841.0], [4009.0, 38.0], [4008.95, 101190.0], [4008.9, 156000.0], [4008.85, 171325.0], [4008.8, 9976.0], [4008.75, 17757.0], [4008.7, 19979.0], [4008.65, 38489.0], [4008.5, 14342.0], [4008.15, 14357.0], [4007.8, 4307.0]], "asks": [[4010.25, 10732.0], [4010.5, 1019.0], [4010.65, 169017.0], [4010.75, 8090.0], [4010.8, 7500.0], [4010.85, 25000.0], [4011.05, 9981.0], [4011.1, 7094.0], [4011.15, 27963.0], [4011.2, 50857.0], [4011.25, 156000.0], [4011.3, 14384.0], [4011.4, 13546.0], [4011.45, 35114.0], [4011.5, 39.0], [4011.55, 1312.0], [4011.6, 25326.0], [4011.65, 52885.0], [4011.8, 4315.0], [4011.85, 14382.0]]}}}
{"jsonrpc": "2.0", "method": "subscription", "params": {"channel": "book.ETH-PERPETUAL.none.20.100ms", "data": {"timestamp": 1758776944534, "change_id": 87893858437, "instrument_name": "ETH-PERPETUAL", "bids": [[4011.45, 27163.0], [4011.2, 17603.0], [4011.15, 38489.0], [4011.0, 25000.0], [4010.7, 304.0], [4010.6, 18118.0], [4010.55, 20841.0], [4010.45, 68809.0], [4010.3, 10086.0], [4010.25, 25100.0], [4010.2, 10734.0], [4010.15, 9976.0], [4010.0, 53400.0], [4009.95, 156000.0], [4009.85, 14340.0], [4009.7, 89116.0], [4009.65, 171268.0], [4009.6, 27666.0], [4009.5, 4302.0], [4009.45, 14340.0]], "asks": [[4011.5, 11974.0], [4011.6, 10000.0], [4011.7, 171236.0], [4011.95, 7500.0], [4012.0, 26072.0], [4012.2, 54193.0], [4012.25, 7196.0], [4012.3, 156000.0], [4012.4, 20841.0], [4012.45, 7740.0], [4012.5, 14400.0], [4012.55, 13200.0], [4012.75, 8117.0], [4012.8, 52659.0], [4012.85, 59989.0], [4013.0, 338.0], [4013.1, 7836.0], [4013.15, 26121.0], [4013.2, 4324.0], [4013.25, 14413.0]]}}}
{"jsonrpc": "2.0", "method": "subscription", "params": {"channel": "book.ETH-PERPETUAL.none.20.100ms", "data": {"timestamp": 1758776944859, "change_id": 87893859521, "instrument_name": "ETH-PERPETUAL", "bids": [[4011.45, 26363.0], [4011.3, 13326.0], [4011.25, 44419.0], [4011.2, 7500.0], [4011.15, 25000.0], [4010.95, 64.0], [4010.8, 6672.0], [4010.75, 22000.0], [4010.7, 240.0], [4010.6, 18118.0], [4010.55, 20841.0], [4010.45, 38489.0], [4010.35, 48236.0], [4010.3, 160496.0], [4010.2, 49509.0], [4010.15, 165976.0], [4010.05, 17757.0], [4010.0, 4302.0], [4009.85, 14340.0], [4009.8, 14294.0]], "asks": [[4011.5, 39.0], [4011.6, 10000.0], [4011.7, 171236.0], [4011.75, 1000.0], [4012.0, 1072.0], [4012.1, 11460.0], [4012.15, 25000.0], [4012.2, 67393.0], [4012.25, 7196.0], [4012.3, 156000.0], [4012.4, 20841.0], [4012.45, 4320.0], [4012.5, 14400.0], [4012.75, 8117.0], [4012.8, 52659.0], [4012.85, 59989.0], [4013.0, 338.0], [4013.1, 7836.0], [4013.15, 26121.0], [4013.2, 4324.0]]}}}
{"jsonrpc": "2.0", "method": "subscription", "params": {"channel": "book.ETH-PERPETUAL.none.20.100ms", "data": {"timestamp": 1758776945196, "change_id": 87893860541, "instrument_name": "ETH-PERPETUAL", "bids": [[4011.45, 92955.0], [4011.4, 25000.0], [4010.6, 18118.0], [4010.55, 20841.0], [4010.45, 38489.0], [4010.35, 48236.0], [4010.3, 160496.0], [4010.25, 17757.0], [4010.2, 49402.0], [4010.15, 165976.0], [4010.1, 19979.0], [4010.0, 4302.0], [4009.85, 14340.0], [4009.5, 4302.0], [4009.45, 14340.0], [4009.4, 3696.0], [4009.25, 12320.0], [4009.1, 51103.0], [4009.05, 50005.0], [4009.0, 72538.0]], "asks": [[4011.5, 1039.0], [4011.6, 10000.0], [4011.85, 171195.0], [4012.2, 8805.0], [4012.25, 7196.0], [4012.35, 25000.0], [4012.4, 71961.0], [4012.45, 156000.0], [4012.5, 14400.0], [4012.75, 8117.0], [4012.8, 45072.0], [4012.85, 34700.0], [4013.0, 338.0], [4013.1, 7836.0], [4013.15, 26121.0], [4013.2, 15330.0], [4013.25, 52902.0], [4013.45, 4323.0], [4013.6, 14409.0], [4013.75, 63.0]]}}}
{"jsonrpc": "2.0", "method": "subscription", "params": {"channel": "book.ETH-PERPETUAL.none.20.100ms", "data": {"timestamp": 1758776945522, "change_id": 87893861646, "instrument_name": "ETH-PERPETUAL", "bids": [[4011.45, 71368.0], [4011.4, 7800.0], [4011.35, 26000.0], [4011.0, 64.0], [4010.75, 106560.0], [4010.7, 143846.0], [4010.6, 174118.0], [4010.55, 20841.0], [4010.45, 38489.0], [4010.25, 5327.0], [4010.2, 26369.0], [4010.15, 9976.0], [4010.05, 19979.0], [4009.9, 4302.0], [4009.85, 14340.0], [4009.5, 4302.0], [4009.45, 14340.0], [4009.4, 3696.0], [4009.25, 12320.0], [4009.1, 51103.0]], "asks": [[4011.5, 39.0], [4011.55, 1000.0], [4011.6, 10000.0], [4011.85, 171195.0], [4011.9, 1000.0], [4012.15, 7500.0], [4012.2, 47005.0], [4012.25, 7196.0], [4012.35, 1313.0], [4012.4, 71961.0], [4012.45, 156000.0], [4012.5, 14400.0], [4012.75, 8117.0], [4012.8, 41665.0], [4012.85, 21500.0], [4013.0, 338.0], [4013.1, 7836.0], [4013.15, 27124.0], [4013.2, 15330.0], [4013.25, 52902.0]]}}}
{"jsonrpc": "2.0", "method": "subscription", "params": {"channel": "book.ETH-PERPETUAL.none.20.100ms", "data": {"timestamp": 1758776945854, "change_id": 87893862282, "instrument_name": "ETH-PERPETUAL", "bids": [[4011.45, 119237.0], [4011.4, 7800.0], [4011.35, 26000.0], [4010.75, 84560.0], [4010.7, 143846.0], [4010.6, 174118.0], [4010.55, 20841.0], [4010.45, 38489.0], [4010.25, 5327.0], [4010.2, 26369.0], [4010.15, 9976.0], [4010.0, 19979.0], [4009.9, 4302.0], [4009.85, 14340.0], [4009.5, 4302.0], [4009.45, 14340.0], [4009.4, 3696.0], [4009.25, 12320.0], [4009.1, 51103.0], [4009.05, 50005.0]], "asks": [[4011.5, 1039.0], [4011.6, 10000.0], [4011.75, 5000.0], [4011.85, 172195.0], [4012.15, 7500.0], [4012.2, 47005.0], [4012.25, 7196.0], [4012.35, 1313.0], [4012.4, 71961.0], [4012.45, 156000.0], [4012.5, 14400.0], [4012.75, 8117.0], [4012.8, 41665.0], [4012.85, 21500.0], [4013.0, 338.0], [4013.1, 7836.0], [4013.15, 27124.0], [4013.2, 15330.0], [4013.25, 52902.0], [4013.45, 4323.0]]}}}
{"jsonrpc": "2.0", "method": "subscription", "params": {"channel": "book.ETH-PERPETUAL.none.20.100ms", "data": {"timestamp": 1758776946187, "change_id": 87893862671, "instrument_name": "ETH-PERPETUAL", "bids": [[4011.45, 74636.0], [4011.4, 7800.0], [4011.35, 26000.0], [4010.75, 84560.0], [4010.7, 143846.0], [4010.6, 174118.0], [4010.55, 20841.0], [4010.45, 42582.0], [4010.25, 5327.0], [4010.2, 20750.0], [4010.15, 9976.0], [4010.0, 10296.0], [4009.95, 19979.0], [4009.85, 14340.0], [4009.5, 4302.0], [4009.45, 14340.0], [4009.4, 3696.0], [4009.25, 12320.0], [4009.1, 51103.0], [4009.05, 50005.0]], "asks": [[4011.5, 1039.0], [4011.6, 10000.0], [4011.75, 5000.0], [4011.8, 1000.0], [4012.15, 7500.0], [4012.2, 47005.0], [4012.25, 7196.0], [4012.4, 25161.0], [4012.5, 14400.0], [4012.75, 8117.0], [4012.8, 41665.0], [4012.85, 21500.0], [4013.0, 338.0], [4013.1, 7836.0], [4013.15, 27124.0], [4013.2, 15330.0], [4013.25, 52902.0], [4013.45, 4323.0], [4013.55, 1095.0], [4013.6, 14409.0]]}}}
{"jsonrpc": "2.0", "method": "subscription", "params": {"channel": "book.ETH-PERPETUAL.none.20.100ms", "data": {"timestamp": 1758776946517, "change_id": 87893863447, "instrument_name": "ETH-PERPETUAL", "bids": [[4011.45, 74658.0], [4011.4, 7800.0], [4011.35, 26000.0], [4010.6, 18118.0], [4010.55, 20841.0], [4010.45, 42582.0], [4010.2, 7946.0], [4010.15, 9976.0], [4010.0, 17757.0], [4009.95, 10295.0], [4009.9, 19978.0], [4009.85, 14340.0], [4009.5, 4302.0], [4009.45, 14340.0], [4009.4, 3696.0], [4009.25, 12320.0], [4009.1, 51103.0], [4009.05, 50005.0], [4009.0, 72538.0], [4008.95, 4302.0]], "asks": [[4011.5, 39.0], [4011.6, 10000.0], [4011.65, 5000.0], [4011.7, 1000.0], [4012.0, 149991.0], [4012.15, 3023.0], [4012.2, 22005.0], [4012.25, 7196.0], [4012.4, 71421.0], [4012.5, 14400.0], [4012.6, 156000.0], [4012.75, 8117.0], [4012.8, 41665.0], [4012.85, 21500.0], [4013.0, 338.0], [4013.1, 7836.0], [4013.15, 27124.0], [4013.2, 15411.0], [4013.25, 52902.0], [4013.45, 4323.0]]}}}
{"jsonrpc": "2.0", "method": "subscription", "params": {"channel": "book.ETH-PERPETUAL.none.20.100ms", "data": {"timestamp": 1758776946851, "change_id": 87893864117, "instrument_name": "ETH-PERPETUAL", "bids": [[4011.45, 106317.0], [4011.4, 105959.0], [4011.35, 58765.0], [4011.3, 57765.0], [4011.25, 57765.0], [4011.15, 7564.0], [4011.1, 25000.0], [4010.85, 51329.0], [4010.8, 171098.0], [4010.7, 46800.0], [4010.65, 156000.0], [4010.6, 18118.0], [4010.55, 20841.0], [4010.45, 42582.0], [4010.2, 7946.0], [4010.15, 9976.0], [4010.0, 17757.0], [4009.95, 10295.0], [4009.9, 19978.0], [4009.85, 14340.0]], "asks": [[4011.5, 39.0], [4011.55, 1000.0], [4011.6, 10000.0], [4011.85, 25000.0], [4011.95, 44997.0], [4012.0, 149991.0], [4012.05, 3960.0], [4012.2, 22005.0], [4012.25, 7196.0], [4012.4, 71421.0], [4012.5, 14400.0], [4012.6, 156000.0], [4012.7, 1313.0], [4012.75, 8117.0], [4012.8, 41665.0], [4012.85, 21500.0], [4012.95, 81.0], [4013.0, 338.0], [4013.1, 7836.0], [4013.15, 27124.0]]}}}
{"jsonrpc": "2.0", "method": "subscription", "params": {"channel": "book.ETH-PERPETUAL.none.20.100ms", "data": {"timestamp": 1758776947144, "change_id": 87893864402, "instrument_name": "ETH-PERPETUAL", "bids": [[4011.45, 106445.0], [4011.4, 105959.0], [4011.35, 58765.0], [4011.3, 57765.0], [4011.25, 57765.0], [4011.15, 7564.0], [4011.1, 25000.0], [4010.85, 51329.0], [4010.8, 171098.0], [4010.7, 46800.0], [4010.65, 156000.0], [4010.6, 18118.0], [4010.55, 20841.0], [4010.45, 42582.0], [4010.2, 7946.0], [4010.15, 9976.0], [4010.0, 17757.0], [4009.95, 10295.0], [4009.9, 19978.0], [4009.85, 14340.0]], "asks": [[4011.5, 1039.0], [4011.6, 10000.0], [4011.85, 25000.0], [4011.95, 44997.0], [4012.0, 149991.0], [4012.05, 3960.0], [4012.2, 22005.0], [4012.25, 7196.0], [4012.4, 71421.0], [4012.5, 14400.0], [4012.6, 156000.0], [4012.7, 1313.0], [4012.75, 8117.0], [4012.8, 41665.0], [4012.85, 21500.0], [4012.95, 81.0], [4013.0, 338.0], [4013.1, 7836.0], [4013.15, 27124.0], [4013.2, 15330.0]]}}}
{"jsonrpc": "2.0", "method": "subscription", "params": {"channel": "book.ETH-PERPETUAL.none.20.100ms", "data": {"timestamp": 1758776947477, "change_id": 87893864861, "instrument_name": "ETH-PERPETUAL", "bids": [[4011.45, 106323.0], [4011.4, 105959.0], [4011.35, 58765.0], [4011.3, 57765.0], [4011.25, 57765.0], [4011.15, 7564.0], [4011.1, 25000.0], [4010.85, 51329.0], [4010.8, 171098.0], [4010.7, 46800.0], [4010.65, 156000.0], [4010.6, 18118.0], [4010.55, 20841.0], [4010.45, 42582.0], [4010.2, 8320.0], [4010.15, 9976.0], [4010.0, 17757.0], [4009.9, 19979.0], [4009.85, 14340.0], [4009.5, 4302.0]], "asks": [[4011.5, 39.0], [4011.6, 11000.0], [4011.85, 25000.0], [4011.9, 13200.0], [4011.95, 44997.0], [4012.0, 149991.0], [4012.2, 8805.0], [4012.25, 7277.0], [4012.4, 71421.0], [4012.5, 14400.0], [4012.6, 156000.0], [4012.7, 1313.0], [4012.75, 8117.0], [4012.8, 41665.0], [4012.85, 21500.0], [4013.0, 338.0], [4013.1, 7836.0], [4013.15, 27124.0], [4013.2, 15330.0], [4013.25, 52902.0]]}}}
{"jsonrpc": "2.0", "method": "subscription", "params": {"channel": "book.ETH-PERPETUAL.none.20.100ms", "data": {"timestamp": 1758776947839, "change_id": 87893865653, "instrument_name": "ETH-PERPETUAL", "bids": [[4011.45, 84417.0], [4011.4, 105959.0], [4011.35, 97254.0], [4011.3, 57765.0], [4011.25, 57765.0], [4011.15, 7500.0], [4011.1, 25000.0], [4010.95, 6619.0], [4010.9, 22000.0], [4010.85, 64.0], [4010.8, 51308.0], [4010.75, 171026.0], [4010.6, 53345.0], [4010.55, 176841.0], [4010.45, 4093.0], [4010.15, 9976.0], [4009.9, 37736.0], [4009.85, 14340.0], [4009.5, 4302.0], [4009.45, 14340.0]], "asks": [[4011.5, 15476.0], [4011.55, 1000.0], [4011.6, 10000.0], [4011.85, 25000.0], [4011.9, 13200.0], [4011.95, 44997.0], [4012.0, 149991.0], [4012.2, 8805.0], [4012.25, 7197.0], [4012.4, 71421.0], [4012.5, 14400.0], [4012.6, 156000.0], [4012.7, 1313.0], [4012.75, 8117.0], [4012.8, 41665.0], [4012.85, 21500.0], [4013.0, 338.0], [4013.1, 7836.0], [4013.15, 27124.0], [4013.2, 15330.0]]}}}
{"jsonrpc": "2.0", "method": "subscription", "params": {"channel": "book.ETH-PERPETUAL.none.20.100ms", "data": {"timestamp": 1758776948160, "change_id": 87893865986, "instrument_name": "ETH-PERPETUAL", "bids": [[4011.45, 150886.0], [4011.4, 105959.0], [4011.35, 97254.0], [4011.3, 57765.0], [4011.25, 57765.0], [4011.15, 7500.0], [4011.1, 25000.0], [4010.8, 51308.0], [4010.75, 171026.0], [4010.6, 53345.0], [4010.55, 176841.0], [4010.45, 4093.0], [4010.15, 9976.0], [4009.9, 37736.0], [4009.85, 14340.0], [4009.5, 4302.0], [4009.45, 14340.0], [4009.4, 3696.0], [4009.25, 12320.0], [4009.1, 51103.0]], "asks": [[4011.5, 1039.0], [4011.6, 11000.0], [4011.65, 5000.0], [4011.85, 25000.0], [4011.9, 13200.0], [4011.95, 44997.0], [4012.0, 149991.0], [4012.2, 8805.0], [4012.25, 7197.0], [4012.4, 71421.0], [4012.5, 14400.0], [4012.6, 156000.0], [4012.7, 1313.0], [4012.75, 8117.0], [4012.8, 41665.0], [4012.85, 21500.0], [4013.0, 338.0], [4013.1, 7836.0], [4013.15, 27124.0], [4013.2, 15330.0]]}}}
{"jsonrpc": "2.0", "method": "subscription", "params": {"channel": "book.ETH-PERPETUAL.none.20.100ms", "data": {"timestamp": 1758776948502, "change_id": 87893866934, "instrument_name": "ETH-PERPETUAL", "bids": [[4011.45, 84306.0], [4011.4, 57765.0], [4011.35, 57765.0], [4011.3, 57765.0], [4011.25, 57765.0], [4010.95, 11566.0], [4010.9, 38489.0], [4010.8, 7564.0], [4010.75, 25000.0], [4010.6, 11917.0], [4010.55, 42841.0], [4010.15, 9976.0], [4009.85, 14340.0], [4009.55, 17757.0], [4009.5, 4302.0], [4009.45, 34319.0], [4009.4, 3696.0], [4009.25, 12320.0], [4009.1, 14340.0], [4009.0, 72538.0]], "asks": [[4011.5, 212117.0], [4011.55, 15500.0], [4011.6, 10000.0], [4011.75, 25000.0], [4011.9, 13200.0], [4011.95, 44997.0], [4012.0, 149991.0], [4012.2, 8805.0], [4012.25, 7197.0], [4012.4, 71421.0], [4012.5, 14400.0], [4012.6, 156000.0], [4012.7, 1313.0], [4012.75, 8117.0], [4012.8, 41665.0], [4012.85, 21500.0], [4013.0, 338.0], [4013.1, 7836.0], [4013.15, 27124.0], [4013.2, 15330.0]]}}}
{"jsonrpc": "2.0", "method": "subscription", "params": {"channel": "book.ETH-PERPETUAL.none.20.100ms", "data": {"timestamp": 1758776948821, "change_id": 87893867516, "instrument_name": "ETH-PERPETUAL", "bids": [[4011.45, 90900.0], [4011.4, 109754.0], [4011.35, 57765.0], [4011.3, 57765.0], [4011.25, 57765.0], [4010.95, 17620.0], [4010.9, 38489.0], [4010.85, 47000.0], [4010.8, 64.0], [4010.6, 62654.0], [4010.55, 20841.0], [4010.5, 170972.0], [4010.2, 156000.0], [4010.15, 9976.0], [4009.85, 14340.0], [4009.55, 37736.0], [4009.5, 4302.0], [4009.45, 14340.0], [4009.4, 3696.0], [4009.25, 12320.0]], "asks": [[4011.5, 212117.0], [4011.55, 15500.0], [4011.6, 10000.0], [4011.75, 25000.0], [4011.9, 13200.0], [4011.95, 44997.0], [4012.0, 150072.0], [4012.2, 8805.0], [4012.25, 7116.0], [4012.4, 71421.0], [4012.5, 14400.0], [4012.6, 156000.0], [4012.7, 1313.0], [4012.75, 8117.0], [4012.8, 41665.0], [4012.85, 21500.0], [4013.0, 338.0], [4013.1, 7836.0], [4013.15, 27124.0], [4013.2, 15330.0]]}}}
{"jsonrpc": "2.0", "method": "subscription", "params": {"channel": "book.ETH-PERPETUAL.none.20.100ms", "data": {"timestamp": 1758776949155, "change_id": 87893867702, "instrument_name": "ETH-PERPETUAL", "bids": [[4011.45, 91240.0], [4011.4, 109754.0], [4011.35, 57765.0], [4011.3, 57765.0], [4011.25, 57765.0], [4010.95, 17620.0], [4010.9, 38489.0], [4010.85, 47000.0], [4010.8, 64.0], [4010.6, 62654.0], [4010.55, 20841.0], [4010.5, 170972.0], [4010.2, 156000.0], [4010.15, 9976.0], [4009.85, 14340.0], [4009.55, 37736.0], [4009.5, 4302.0], [4009.45, 14340.0], [4009.4, 3696.0], [4009.25, 12320.0]], "asks": [[4011.5, 212117.0], [4011.55, 15500.0], [4011.6, 10000.0], [4011.75, 25000.0], [4011.9, 13200.0], [4011.95, 44997.0], [4012.0, 150072.0], [4012.2, 8805.0], [4012.25, 7116.0], [4012.4, 71421.0], [4012.5, 14400.0], [4012.6, 156000.0], [4012.7, 1313.0], [4012.75, 8117.0], [4012.8, 41665.0], [4012.85, 21500.0], [4013.0, 338.0], [4013.1, 7836.0], [4013.15, 27124.0], [4013.2, 15330.0]]}}}
{"jsonrpc": "2.0", "method": "subscription", "params": {"channel": "book.ETH-PERPETUAL.none.20.100ms", "data": {"timestamp": 1758776949480, "change_id": 87893868065, "instrument_name": "ETH-PERPETUAL", "bids": [[4011.45, 91050.0], [4011.4, 109754.0], [4011.35, 57765.0], [4011.3, 57765.0], [4011.25, 57765.0], [4010.95, 17620.0], [4010.9, 38489.0], [4010.85, 47000.0], [4010.8, 64.0], [4010.6, 62654.0], [4010.55, 20841.0], [4010.5, 170972.0], [4010.25, 46800.0], [4010.2, 156000.0], [4010.15, 9976.0], [4009.85, 14340.0], [4009.55, 37736.0], [4009.5, 4302.0], [4009.45, 14340.0], [4009.4, 3696.0]], "asks": [[4011.5, 217117.0], [4011.55, 15500.0], [4011.6, 10000.0], [4011.75, 25000.0], [4011.9, 13200.0], [4011.95, 44997.0], [4012.0, 150072.0], [4012.2, 8805.0], [4012.25, 7116.0], [4012.4, 71421.0], [4012.5, 14400.0], [4012.6, 156000.0], [4012.7, 1313.0], [4012.75, 8117.0], [4012.8, 41665.0], [4012.85, 21500.0], [4013.0, 338.0], [4013.1, 7836.0], [4013.15, 27124.0], [4013.2, 28954.0]]}}}
{"jsonrpc": "2.0", "method": "subscription", "params": {"channel": "book.ETH-PERPETUAL.none.20.100ms", "data": {"timestamp": 1758776949547, "change_id": 87893868181, "instrument_name": "ETH-PERPETUAL", "bids": [[4011.45, 90452.0], [4011.4, 109754.0], [4011.35, 57765.0], [4011.3, 57765.0], [4011.25, 57765.0], [4010.95, 17620.0], [4010.9, 38489.0], [4010.85, 47000.0], [4010.8, 64.0], [4010.6, 62654.0], [4010.55, 20841.0], [4010.5, 170972.0], [4010.25, 46800.0], [4010.2, 156000.0], [4010.15, 9976.0], [4009.85, 14340.0], [4009.55, 37736.0], [4009.5, 4302.0], [4009.45, 14340.0], [4009.4, 3696.0]], "asks": [[4011.5, 217117.0], [4011.55, 15500.0], [4011.6, 10000.0], [4011.75, 25000.0], [4011.9, 13200.0], [4011.95, 44997.0], [4012.0, 150072.0], [4012.2, 8805.0], [4012.25, 7116.0], [4012.4, 71421.0], [4012.5, 14400.0], [4012.6, 156000.0], [4012.7, 1313.0], [4012.75, 8117.0], [4012.8, 41665.0], [4012.85, 21500.0], [4013.0, 338.0], [4013.1, 7836.0], [4013.15, 27124.0], [4013.2, 28954.0]]}}}
{"jsonrpc": "2.0", "method": "subscription", "params": {"channel": "book.ETH-PERPETUAL.none.20.100ms", "data": {"timestamp": 1758776950154, "change_id": 87893868898, "instrument_name": "ETH-PERPETUAL", "bids": [[4011.45, 95166.0], [4011.4, 109754.0], [4011.35, 58765.0], [4011.3, 57765.0], [4011.25, 57765.0], [4010.95, 17620.0], [4010.9, 38489.0], [4010.85, 47000.0], [4010.8, 64.0], [4010.6, 62654.0], [4010.55, 20841.0], [4010.5, 170972.0], [4010.25, 46800.0], [4010.2, 156000.0], [4010.15, 9976.0], [4009.85, 14340.0], [4009.55, 37736.0], [4009.5, 4302.0], [4009.45, 14340.0], [4009.4, 3696.0]], "asks": [[4011.5, 216289.0], [4011.55, 5000.0], [4011.6, 10000.0], [4011.75, 25000.0], [4011.9, 13200.0], [4011.95, 44997.0], [4012.0, 81.0], [4012.2, 8805.0], [4012.25, 7116.0], [4012.4, 71421.0], [4012.5, 14400.0], [4012.6, 156000.0], [4012.7, 1313.0], [4012.75, 8117.0], [4012.8, 41665.0], [4012.85, 21500.0], [4013.0, 338.0], [4013.1, 7836.0], [4013.15, 27124.0], [4013.2, 28954.0]]}}}
{"jsonrpc": "2.0", "method": "subscription", "params": {"channel": "book.ETH-PERPETUAL.none.20.100ms", "data": {"timestamp": 1758776950480, "change_id": 87893869278, "instrument_name": "ETH-PERPETUAL", "bids": [[4011.45, 95167.0], [4011.4, 109754.0], [4011.35, 58765.0], [4011.3, 57765.0], [4011.25, 57765.0], [4010.95, 17620.0], [4010.9, 38489.0], [4010.85, 47000.0], [4010.8, 64.0], [4010.6, 62654.0], [4010.55, 20841.0], [4010.5, 170972.0], [4010.25, 46800.0], [4010.2, 156000.0], [4010.15, 9976.0], [4009.85, 14340.0], [4009.6, 15623.0], [4009.55, 37736.0], [4009.45, 14340.0], [4009.4, 3696.0]], "asks": [[4011.5, 217117.0], [4011.55, 5000.0], [4011.6, 10000.0], [4011.65, 170972.0], [4011.75, 25000.0], [4011.85, 3984.0], [4011.9, 13200.0], [4012.0, 81.0], [4012.2, 8805.0], [4012.25, 7116.0], [4012.4, 71421.0], [4012.5, 14400.0], [4012.6, 156000.0], [4012.7, 1313.0], [4012.75, 8117.0], [4012.8, 41665.0], [4012.85, 21500.0], [4013.0, 338.0], [4013.1, 7836.0], [4013.15, 27124.0]]}}}
{"jsonrpc": "2.0", "method": "subscription", "params": {"channel": "book.ETH-PERPETUAL.none.20.100ms", "data": {"timestamp": 1758776950790, "change_id": 87893869952, "instrument_name": "ETH-PERPETUAL", "bids": [[4011.45, 83400.0], [4011.4, 110054.0], [4011.35, 57765.0], [4011.3, 58765.0], [4011.25, 57765.0], [4010.95, 17620.0], [4010.9, 38489.0], [4010.85, 47000.0], [4010.8, 64.0], [4010.6, 62654.0], [4010.55, 20841.0], [4010.5, 170972.0], [4010.25, 46800.0], [4010.2, 156000.0], [4010.15, 9976.0], [4009.85, 14340.0], [4009.55, 17757.0], [4009.5, 19979.0], [4009.45, 14340.0], [4009.4, 3696.0]], "asks": [[4011.5, 61536.0], [4011.55, 5000.0], [4011.6, 59452.0], [4011.65, 170972.0], [4011.75, 25000.0], [4011.85, 3984.0], [4011.9, 13200.0], [4012.0, 81.0], [4012.2, 8805.0], [4012.25, 7116.0], [4012.4, 71421.0], [4012.5, 14400.0], [4012.6, 156000.0], [4012.7, 1313.0], [4012.75, 8117.0], [4012.8, 41665.0], [4012.85, 21500.0], [4013.0, 338.0], [4013.1, 7836.0], [4013.15, 27124.0]]}}}
{"jsonrpc": "2.0", "method": "subscription", "params": {"channel": "book.ETH-PERPETUAL.none.20.100ms", "data": {"timestamp": 1758776951139, "change_id": 87893870342, "instrument_name": "ETH-PERPETUAL", "bids": [[4011.45, 83635.0], [4011.4, 109754.0], [4011.35, 57765.0], [4011.3, 57765.0], [4011.25, 57765.0], [4010.95, 17620.0], [4010.9, 38489.0], [4010.85, 22000.0], [4010.8, 58808.0], [4010.75, 170812.0], [4010.7, 25000.0], [4010.6, 6252.0], [4010.55, 20841.0], [4010.35, 156000.0], [4010.25, 17.0], [4010.15, 9976.0], [4009.85, 14340.0], [4009.75, 19.0], [4009.55, 17757.0], [4009.5, 19979.0]], "asks": [[4011.5, 61536.0], [4011.55, 5000.0], [4011.6, 59452.0], [4011.65, 170972.0], [4011.75, 25000.0], [4011.85, 3984.0], [4011.9, 13200.0], [4012.0, 81.0], [4012.2, 8805.0], [4012.25, 7116.0], [4012.4, 71421.0], [4012.5, 14400.0], [4012.6, 156000.0], [4012.7, 1313.0], [4012.75, 8117.0], [4012.8, 41665.0], [4012.85, 21500.0], [4013.0, 338.0], [4013.1, 7836.0], [4013.15, 77124.0]]}}}
{"jsonrpc": "2.0", "method": "subscription", "params": {"channel": "book.ETH-PERPETUAL.none.20.100ms", "data": {"timestamp": 1758776951475, "change_id": 87893870818, "instrument_name": "ETH-PERPETUAL", "bids": [[4011.45, 84012.0], [4011.4, 109754.0], [4011.35, 57765.0], [4011.3, 57765.0], [4011.25, 57765.0], [4010.95, 42620.0], [4010.9, 38489.0], [4010.85, 22000.0], [4010.8, 58808.0], [4010.75, 170812.0], [4010.6, 6252.0], [4010.55, 20841.0], [4010.4, 46805.0], [4010.35, 156000.0], [4010.25, 17.0], [4010.15, 9976.0], [4009.85, 14340.0], [4009.75, 19.0], [4009.6, 19979.0], [4009.55, 17757.0]], "asks": [[4011.5, 27937.0], [4011.55, 5000.0], [4011.6, 10000.0], [4011.65, 170972.0], [4011.75, 25000.0], [4011.85, 3984.0], [4011.9, 13200.0], [4012.2, 8805.0], [4012.25, 7116.0], [4012.3, 81.0], [4012.4, 71421.0], [4012.5, 14400.0], [4012.6, 156000.0], [4012.7, 1313.0], [4012.75, 8117.0], [4012.8, 41665.0], [4012.85, 21500.0], [4013.0, 338.0], [4013.1, 7836.0], [4013.15, 27124.0]]}}}
{"jsonrpc": "2.0", "method": "subscription", "params": {"channel": "book.ETH-PERPETUAL.none.20.100ms", "data": {"timestamp": 1758776951790, "change_id": 87893871412, "instrument_name": "ETH-PERPETUAL", "bids": [[4011.45, 84212.0], [4011.4, 109754.0], [4011.35, 57765.0], [4011.3, 57765.0], [4011.25, 57765.0], [4010.95, 42620.0], [4010.9, 38489.0], [4010.85, 22000.0], [4010.8, 58808.0], [4010.75, 170812.0], [4010.6, 6252.0], [4010.55, 20841.0], [4010.4, 46805.0], [4010.35, 156000.0], [4010.25, 17.0], [4010.15, 9976.0], [4009.85, 14340.0], [4009.75, 19.0], [4009.7, 19979.0], [4009.65, 17757.0]], "asks": [[4011.5, 27189.0], [4011.55, 5000.0], [4011.6, 10000.0], [4011.65, 170972.0], [4011.75, 25000.0], [4011.85, 3984.0], [4011.9, 13200.0], [4012.2, 8805.0], [4012.25, 7116.0], [4012.3, 81.0], [4012.4, 71421.0], [4012.5, 14400.0], [4012.6, 156000.0], [4012.7, 1313.0], [4012.75, 8117.0], [4012.8, 41665.0], [4012.85, 21500.0], [4013.0, 338.0], [4013.1, 7836.0], [4013.15, 27124.0]]}}}
{"jsonrpc": "2.0", "method": "subscription", "params": {"channel": "book.ETH-PERPETUAL.none.20.100ms", "data": {"timestamp": 1758776952105, "change_id": 87893871932, "instrument_name": "ETH-PERPETUAL", "bids": [[4011.45, 106158.0], [4011.4, 109754.0], [4011.35, 58765.0], [4011.3, 57765.0], [4011.25, 82765.0], [4010.95, 11566.0], [4010.9, 38489.0], [4010.8, 58744.0], [4010.75, 170812.0], [4010.6, 6252.0], [4010.55, 20841.0], [4010.4, 46805.0], [4010.35, 156000.0], [4010.25, 17.0], [4010.15, 9976.0], [4009.9, 17757.0], [4009.85, 14340.0], [4009.75, 19.0], [4009.5, 19979.0], [4009.45, 14340.0]], "asks": [[4011.5, 39.0], [4011.55, 1000.0], [4011.6, 10000.0], [4011.65, 170972.0], [4012.0, 25000.0], [4012.2, 8805.0], [4012.25, 7116.0], [4012.35, 13200.0], [4012.4, 71421.0], [4012.5, 14400.0], [4012.6, 156000.0], [4012.7, 81.0], [4012.75, 8117.0], [4012.8, 41665.0], [4012.85, 21500.0], [4013.0, 338.0], [4013.05, 38489.0], [4013.1, 7836.0], [4013.15, 27124.0], [4013.25, 14413.0]]}}}
{"jsonrpc": "2.0", "method": "subscription", "params": {"channel": "book.ETH-PERPETUAL.none.20.100ms", "data": {"timestamp": 1758776952466, "change_id": 87893872448, "instrument_name": "ETH-PERPETUAL", "bids": [[4011.45, 83820.0], [4011.4, 109754.0], [4011.35, 57765.0], [4011.3, 57765.0], [4011.25, 57765.0], [4011.05, 57802.0], [4011.0, 213944.0], [4010.95, 22000.0], [4010.9, 38489.0], [4010.6, 52271.0], [4010.55, 176841.0], [4010.25, 17.0], [4010.15, 9976.0], [4009.85, 14340.0], [4009.75, 19.0], [4009.55, 17757.0], [4009.5, 19979.0], [4009.45, 14340.0], [4009.4, 3696.0], [4009.25, 12320.0]], "asks": [[4011.5, 72761.0], [4011.6, 10000.0], [4011.65, 170972.0], [4011.75, 25000.0], [4011.95, 3960.0], [4012.0, 13200.0], [4012.2, 8886.0], [4012.25, 7116.0], [4012.4, 71421.0], [4012.5, 14400.0], [4012.6, 156000.0], [4012.75, 8117.0], [4012.8, 41665.0], [4012.85, 21500.0], [4013.0, 338.0], [4013.05, 38489.0], [4013.15, 28437.0], [4013.25, 14413.0], [4013.45, 4323.0], [4013.5, 1095.0]]}}}
{"jsonrpc": "2.0", "method": "subscription", "params": {"channel": "book.ETH-PERPETUAL.none.20.100ms", "data": {"timestamp": 1758776952743, "change_id": 87893873089, "instrument_name": "ETH-PERPETUAL", "bids": [[4011.45, 105972.0], [4011.4, 109754.0], [4011.35, 57765.0], [4011.3, 57765.0], [4011.25, 57765.0], [4011.05, 57802.0], [4011.0, 207344.0], [4010.9, 38489.0], [4010.6, 52271.0], [4010.55, 176841.0], [4010.25, 17.0], [4010.15, 9976.0], [4009.9, 17757.0], [4009.85, 14340.0], [4009.75, 19.0], [4009.5, 19979.0], [4009.45, 14340.0], [4009.4, 3696.0], [4009.25, 12320.0], [4009.1, 14340.0]], "asks": [[4011.5, 22109.0], [4011.6, 10000.0], [4011.65, 170972.0], [4011.75, 25000.0], [4011.95, 3960.0], [4012.0, 13200.0], [4012.2, 8886.0], [4012.25, 7116.0], [4012.4, 71421.0], [4012.5, 14400.0], [4012.6, 156000.0], [4012.75, 8117.0], [4012.8, 41665.0], [4012.85, 21500.0], [4013.0, 20416.0], [4013.05, 38489.0], [4013.15, 28437.0], [4013.25, 14413.0], [4013.45, 4323.0], [4013.5, 1095.0]]}}}
{"jsonrpc": "2.0", "method": "subscription", "params": {"channel": "book.ETH-PERPETUAL.none.20.100ms", "data": {"timestamp": 1758776953117, "change_id": 87893873510, "instrument_name": "ETH-PERPETUAL", "bids": [[4011.45, 175455.0], [4011.4, 110754.0], [4011.35, 57765.0], [4011.3, 57765.0], [4011.25, 57765.0], [4011.05, 57802.0], [4011.0, 182280.0], [4010.9, 38489.0], [4010.6, 52271.0], [4010.55, 176841.0], [4010.25, 17.0], [4010.2, 17757.0], [4010.15, 9976.0], [4009.9, 19979.0], [4009.85, 14340.0], [4009.75, 19.0], [4009.45, 14340.0], [4009.4, 3696.0], [4009.25, 12320.0], [4009.1, 14340.0]], "asks": [[4011.5, 39.0], [4011.6, 10000.0], [4011.65, 170972.0], [4011.75, 1000.0], [4012.15, 25000.0], [4012.2, 8805.0], [4012.25, 7116.0], [4012.4, 71421.0], [4012.45, 13200.0], [4012.5, 14481.0], [4012.6, 156000.0], [4012.75, 8117.0], [4012.8, 41665.0], [4012.85, 21500.0], [4013.0, 20416.0], [4013.05, 38489.0], [4013.15, 28437.0], [4013.25, 14413.0], [4013.45, 4323.0], [4013.6, 14489.0]]}}}
{"jsonrpc": "2.0", "method": "subscription", "params": {"channel": "book.ETH-PERPETUAL.none.20.100ms", "data": {"timestamp": 1758776953457, "change_id": 87893873810, "instrument_name": "ETH-PERPETUAL", "bids": [[4011.45, 175598.0], [4011.4, 135754.0], [4011.35, 57765.0], [4011.3, 57765.0], [4011.25, 57765.0], [4011.05, 57802.0], [4011.0, 182280.0], [4010.9, 38489.0], [4010.6, 52271.0], [4010.55, 176841.0], [4010.25, 17.0], [4010.2, 37736.0], [4010.15, 9976.0], [4009.85, 14340.0], [4009.75, 19.0], [4009.45, 14340.0], [4009.4, 3696.0], [4009.25, 12320.0], [4009.1, 14340.0], [4009.05, 21761.0]], "asks": [[4011.5, 39.0], [4011.6, 10000.0], [4011.65, 170972.0], [4011.8, 1000.0], [4012.15, 25000.0], [4012.2, 8805.0], [4012.25, 7116.0], [4012.4, 71421.0], [4012.45, 13200.0], [4012.5, 14481.0], [4012.6, 156000.0], [4012.75, 8117.0], [4012.8, 41665.0], [4012.85, 21500.0], [4013.0, 338.0], [4013.05, 38489.0], [4013.15, 7316.0], [4013.25, 14413.0], [4013.45, 4323.0], [4013.6, 14489.0]]}}}
{"jsonrpc": "2.0", "method": "subscription", "params": {"channel": "book.ETH-PERPETUAL.none.20.100ms", "data": {"timestamp": 1758776953765, "change_id": 87893874497, "instrument_name": "ETH-PERPETUAL", "bids": [[4011.45, 175560.0], [4011.4, 135754.0], [4011.35, 57765.0], [4011.3, 57765.0], [4011.25, 57765.0], [4011.05, 57802.0], [4011.0, 182280.0], [4010.9, 38489.0], [4010.6, 52271.0], [4010.55, 176841.0], [4010.25, 11338.0], [4010.2, 37736.0], [4010.15, 9976.0], [4009.85, 14340.0], [4009.75, 19.0], [4009.45, 14340.0], [4009.4, 3696.0], [4009.25, 12320.0], [4009.1, 14340.0], [4009.05, 21761.0]], "asks": [[4011.5, 39.0], [4011.6, 10000.0], [4011.65, 170972.0], [4011.8, 1000.0], [4012.15, 38200.0], [4012.2, 8805.0], [4012.25, 7116.0], [4012.4, 71421.0], [4012.5, 14481.0], [4012.6, 156000.0], [4012.75, 8117.0], [4012.8, 41665.0], [4012.85, 21500.0], [4013.0, 338.0], [4013.05, 38489.0], [4013.15, 7316.0], [4013.25, 14413.0], [4013.45, 4323.0], [4013.6, 14489.0], [4013.7, 15178.0]]}}}
{"jsonrpc": "2.0", "method": "subscription", "params": {"channel": "book.ETH-PERPETUAL.none.20.100ms", "data": {"timestamp": 1758776954116, "change_id": 87893874753, "instrument_name": "ETH-PERPETUAL", "bids": [[4011.45, 106043.0], [4011.4, 135754.0], [4011.35, 57765.0], [4011.3, 57765.0], [4011.25, 57765.0], [4011.05, 57802.0], [4011.0, 182280.0], [4010.9, 38489.0], [4010.6, 52271.0], [4010.55, 176841.0], [4010.25, 17.0], [4010.2, 37736.0], [4010.15, 9976.0], [4009.85, 14340.0], [4009.75, 19.0], [4009.45, 14340.0], [4009.4, 3696.0], [4009.25, 12320.0], [4009.1, 14340.0], [4009.05, 21761.0]], "asks": [[4011.5, 1039.0], [4011.6, 10000.0], [4011.65, 170972.0], [4011.75, 1000.0], [4012.05, 25000.0], [4012.15, 13200.0], [4012.2, 8805.0], [4012.25, 7116.0], [4012.4, 71421.0], [4012.5, 14481.0], [4012.6, 156000.0], [4012.75, 8117.0], [4012.8, 41665.0], [4012.85, 21500.0], [4013.0, 338.0], [4013.05, 38489.0], [4013.15, 7316.0], [4013.25, 14413.0], [4013.45, 4323.0], [4013.6, 14489.0]]}}}
{"jsonrpc": "2.0", "method": "subscription", "params": {"channel": "book.ETH-PERPETUAL.none.20.100ms", "data": {"timestamp": 1758776954446, "change_id": 87893875031, "instrument_name": "ETH-PERPETUAL", "bids": [[4011.45, 131143.0], [4011.4, 135754.0], [4011.35, 57765.0], [4011.3, 57765.0], [4011.25, 57765.0], [4011.05, 57802.0], [4011.0, 182280.0], [4010.9, 38489.0], [4010.6, 52271.0], [4010.55, 176841.0], [4010.25, 17.0], [4010.2, 37736.0], [4010.15, 9976.0], [4009.85, 14340.0], [4009.75, 19.0], [4009.45, 14340.0], [4009.4, 3696.0], [4009.25, 12320.0], [4009.1, 14340.0], [4009.05, 21761.0]], "asks": [[4011.5, 1039.0], [4011.6, 10000.0], [4011.65, 170972.0], [4011.8, 1000.0], [4012.05, 25000.0], [4012.15, 13200.0], [4012.2, 8805.0], [4012.25, 7116.0], [4012.4, 71421.0], [4012.5, 14481.0], [4012.6, 156000.0], [4012.75, 8117.0], [4012.8, 41665.0], [4012.85, 21500.0], [4013.0, 338.0], [4013.05, 38489.0], [4013.15, 7316.0], [4013.25, 14413.0], [4013.45, 4323.0], [4013.6, 14489.0]]}}}
{"jsonrpc": "2.0", "method": "subscription", "params": {"channel": "book.ETH-PERPETUAL.none.20.100ms", "data": {"timestamp": 1758776954765, "change_id": 87893875719, "instrument_name": "ETH-PERPETUAL", "bids": [[4011.45, 131137.0], [4011.4, 135754.0], [4011.35, 57765.0], [4011.3, 57765.0], [4011.25, 57765.0], [4011.05, 57802.0], [4011.0, 182280.0], [4010.9, 38489.0], [4010.6, 52271.0], [4010.55, 176841.0], [4010.25, 17.0], [4010.2, 37736.0], [4010.15, 9976.0], [4009.85, 14340.0], [4009.75, 19.0], [4009.45, 14340.0], [4009.4, 3696.0], [4009.25, 12320.0], [4009.1, 14340.0], [4009.05, 21761.0]], "asks": [[4011.5, 39.0], [4011.55, 1000.0], [4011.6, 10000.0], [4011.65, 170972.0], [4012.15, 13200.0], [4012.2, 33805.0], [4012.25, 7116.0], [4012.4, 71421.0], [4012.5, 14481.0], [4012.6, 156000.0], [4012.75, 8117.0], [4012.8, 41665.0], [4012.85, 21500.0], [4013.0, 14080.0], [4013.05, 38489.0], [4013.15, 7316.0], [4013.25, 14413.0], [4013.45, 4323.0], [4013.6, 14489.0], [4013.7, 15178.0]]}}}
{"jsonrpc": "2.0", "method": "subscription", "params": {"channel": "book.ETH-PERPETUAL.none.20.100ms", "data": {"timestamp": 1758776955106, "change_id": 87893876550, "instrument_name": "ETH-PERPETUAL", "bids": [[4011.45, 135057.0], [4011.4, 135754.0], [4011.35, 57765.0], [4011.3, 57765.0], [4011.25, 57765.0], [4011.05, 57802.0], [4011.0, 182280.0], [4010.9, 38489.0], [4010.6, 52271.0], [4010.55, 176841.0], [4010.25, 17774.0], [4010.2, 19979.0], [4010.15, 9976.0], [4009.85, 14340.0], [4009.75, 19.0], [4009.45, 15505.0], [4009.4, 3696.0], [4009.25, 12320.0], [4009.15, 21195.0], [4009.1, 14340.0]], "asks": [[4011.5, 39.0], [4011.6, 10000.0], [4011.7, 1000.0], [4012.15, 122812.0], [4012.3, 7500.0], [4012.4, 20841.0], [4012.65, 13200.0], [4012.75, 58040.0], [4012.8, 204876.0], [4012.85, 21500.0], [4013.0, 338.0], [4013.15, 6003.0], [4013.25, 14413.0], [4013.4, 38489.0], [4013.45, 4323.0], [4013.6, 14489.0], [4013.75, 63.0], [4013.85, 14411.0], [4013.95, 27453.0], [4014.1, 14411.0]]}}}
{"jsonrpc": "2.0", "method": "subscription", "params": {"channel": "book.ETH-PERPETUAL.none.20.100ms", "data": {"timestamp": 1758776955429, "change_id": 87893877582, "instrument_name": "ETH-PERPETUAL", "bids": [[4011.45, 83147.0], [4011.4, 57765.0], [4011.35, 57765.0], [4011.3, 57765.0], [4011.25, 57765.0], [4010.75, 19047.0], [4010.7, 25000.0], [4010.65, 38489.0], [4010.6, 56650.0], [4010.55, 191373.0], [4010.5, 64.0], [4010.45, 22000.0], [4010.25, 17.0], [4010.15, 9976.0], [4010.0, 156000.0], [4009.85, 14340.0], [4009.75, 19.0], [4009.5, 37736.0], [4009.45, 14340.0], [4009.4, 3696.0]], "asks": [[4011.5, 246542.0], [4011.55, 10500.0], [4011.6, 10000.0], [4011.75, 25000.0], [4011.8, 51167.0], [4011.85, 170555.0], [4012.05, 81.0], [4012.3, 7500.0], [4012.4, 20841.0], [4012.75, 58040.0], [4012.8, 204795.0], [4012.85, 21500.0], [4013.0, 50338.0], [4013.15, 6003.0], [4013.2, 1313.0], [4013.25, 14413.0], [4013.35, 27453.0], [4013.4, 38489.0], [4013.45, 4323.0], [4013.6, 14409.0]]}}}
{"jsonrpc": "2.0", "method": "subscription", "params": {"channel": "book.ETH-PERPETUAL.none.20.100ms", "data": {"timestamp": 1758776955749, "change_id": 87893878512, "instrument_name": "ETH-PERPETUAL", "bids": [[4011.45, 84055.0], [4011.4, 109754.0], [4011.35, 57765.0], [4011.3, 57765.0], [4011.25, 57765.0], [4011.15, 7500.0], [4011.1, 25000.0], [4010.85, 6600.0], [4010.8, 22000.0], [4010.75, 11611.0], [4010.65, 38489.0], [4010.6, 56650.0], [4010.55, 191373.0], [4010.25, 17.0], [4010.15, 9976.0], [4010.05, 46800.0], [4010.0, 156000.0], [4009.85, 14340.0], [4009.75, 19.0], [4009.55, 17757.0]], "asks": [[4011.5, 27937.0], [4011.6, 10000.0], [4011.8, 51167.0], [4011.85, 170555.0], [4011.9, 25000.0], [4011.95, 13200.0], [4012.3, 7500.0], [4012.4, 22235.0], [4012.75, 58040.0], [4012.8, 204795.0], [4012.85, 21500.0], [4013.0, 338.0], [4013.15, 6003.0], [4013.25, 14413.0], [4013.4, 38489.0], [4013.45, 4323.0], [4013.5, 51095.0], [4013.6, 14489.0], [4013.75, 63.0], [4013.8, 19999.0]]}}}
{"jsonrpc": "2.0", "method": "subscription", "params": {"channel": "book.ETH-PERPETUAL.none.20.100ms", "data": {"timestamp": 1758776956090, "change_id": 87893878861, "instrument_name": "ETH-PERPETUAL", "bids": [[4011.45, 83765.0], [4011.4, 109754.0], [4011.35, 57765.0], [4011.3, 57765.0], [4011.25, 57765.0], [4010.9, 14100.0], [4010.85, 25000.0], [4010.8, 22000.0], [4010.75, 11611.0], [4010.65, 38489.0], [4010.6, 56650.0], [4010.55, 191373.0], [4010.25, 17.0], [4010.15, 9976.0], [4010.05, 46800.0], [4010.0, 156000.0], [4009.85, 14340.0], [4009.75, 19.0], [4009.6, 19979.0], [4009.55, 17757.0]], "asks": [[4011.5, 196798.0], [4011.6, 10000.0], [4011.8, 76167.0], [4011.85, 170555.0], [4012.15, 81.0], [4012.3, 7500.0], [4012.4, 22154.0], [4012.75, 58040.0], [4012.8, 204795.0], [4012.85, 21500.0], [4013.0, 338.0], [4013.15, 6003.0], [4013.25, 14413.0], [4013.4, 38489.0], [4013.45, 4323.0], [4013.5, 51095.0], [4013.6, 14409.0], [4013.75, 27516.0], [4013.8, 19999.0], [4013.85, 14411.0]]}}}
{"jsonrpc": "2.0", "method": "subscription", "params": {"channel": "book.ETH-PERPETUAL.none.20.100ms", "data": {"timestamp": 1758776956426, "change_id": 87893879259, "instrument_name": "ETH-PERPETUAL", "bids": [[4011.45, 83765.0], [4011.4, 109754.0], [4011.35, 57765.0], [4011.3, 57765.0], [4011.25, 57765.0], [4011.0, 14100.0], [4010.95, 25000.0], [4010.8, 22000.0], [4010.75, 11611.0], [4010.65, 38489.0], [4010.6, 56650.0], [4010.55, 191373.0], [4010.25, 17.0], [4010.15, 9976.0], [4010.05, 46800.0], [4010.0, 156000.0], [4009.9, 17757.0], [4009.85, 14340.0], [4009.75, 19.0], [4009.6, 19979.0]], "asks": [[4011.5, 17417.0], [4011.6, 10000.0], [4011.8, 76167.0], [4011.85, 183755.0], [4012.15, 81.0], [4012.3, 7500.0], [4012.4, 20841.0], [4012.75, 58040.0], [4012.8, 204795.0], [4012.85, 21500.0], [4013.0, 338.0], [4013.15, 6003.0], [4013.25, 14413.0], [4013.4, 38489.0], [4013.45, 4323.0], [4013.5, 1095.0], [4013.6, 64409.0], [4013.75, 27516.0], [4013.85, 14411.0], [4014.05, 19999.0]]}}}
{"jsonrpc": "2.0", "method": "subscription", "params": {"channel": "book.ETH-PERPETUAL.none.20.100ms", "data": {"timestamp": 1758776956749, "change_id": 87893879960, "instrument_name": "ETH-PERPETUAL", "bids": [[4011.45, 83765.0], [4011.4, 109754.0], [4011.35, 57765.0], [4011.3, 57765.0], [4011.25, 57765.0], [4011.0, 14164.0], [4010.95, 25000.0], [4010.8, 22000.0], [4010.75, 11547.0], [4010.65, 38489.0], [4010.6, 56650.0], [4010.55, 191373.0], [4010.25, 17.0], [4010.15, 9976.0], [4010.05, 46800.0], [4010.0, 156000.0], [4009.85, 14340.0], [4009.75, 19.0], [4009.7, 19979.0], [4009.55, 17757.0]], "asks": [[4011.5, 24952.0], [4011.6, 10000.0], [4011.8, 76167.0], [4011.85, 170555.0], [4012.15, 81.0], [4012.3, 7500.0], [4012.4, 20841.0], [4012.75, 58040.0], [4012.8, 204795.0], [4012.85, 21500.0], [4012.95, 1313.0], [4013.0, 338.0], [4013.15, 6003.0], [4013.2, 15871.0], [4013.25, 14413.0], [4013.4, 38489.0], [4013.45, 4323.0], [4013.5, 1095.0], [4013.6, 14489.0], [4013.65, 50000.0]]}}}
{"jsonrpc": "2.0", "method": "subscription", "params": {"channel": "book.ETH-PERPETUAL.none.20.100ms", "data": {"timestamp": 1758776957090, "change_id": 87893880202, "instrument_name": "ETH-PERPETUAL", "bids": [[4011.45, 83765.0], [4011.4, 109754.0], [4011.35, 58765.0], [4011.3, 57765.0], [4011.25, 57765.0], [4011.0, 14164.0], [4010.95, 25000.0], [4010.8, 22000.0], [4010.75, 11547.0], [4010.65, 38489.0], [4010.6, 56650.0], [4010.55, 191373.0], [4010.25, 17.0], [4010.15, 9976.0], [4010.05, 46800.0], [4010.0, 156000.0], [4009.85, 14340.0], [4009.75, 19.0], [4009.55, 17757.0], [4009.5, 19979.0]], "asks": [[4011.5, 24952.0], [4011.6, 10000.0], [4011.8, 76167.0], [4011.85, 170555.0], [4012.15, 81.0], [4012.3, 7500.0], [4012.4, 20841.0], [4012.75, 58040.0], [4012.8, 204795.0], [4012.85, 21500.0], [4012.95, 1313.0], [4013.0, 338.0], [4013.15, 6003.0], [4013.2, 15871.0], [4013.25, 14413.0], [4013.4, 38489.0], [4013.45, 4323.0], [4013.5, 1095.0], [4013.6, 64489.0], [4013.7, 52751.0]]}}}
{"jsonrpc": "2.0", "method": "subscription", "params": {"channel": "book.ETH-PERPETUAL.none.20.100ms", "data": {"timestamp": 1758776957415, "change_id": 87893880532, "instrument_name": "ETH-PERPETUAL", "bids": [[4011.45, 83765.0], [4011.4, 109754.0], [4011.35, 58765.0], [4011.3, 57765.0], [4011.25, 57765.0], [4011.0, 14164.0], [4010.95, 25000.0], [4010.8, 22000.0], [4010.75, 11547.0], [4010.65, 38489.0], [4010.6, 56650.0], [4010.55, 191373.0], [4010.25, 17.0], [4010.15, 9976.0], [4010.05, 46800.0], [4010.0, 156000.0], [4009.85, 14340.0], [4009.75, 19.0], [4009.6, 19979.0], [4009.55, 17757.0]], "asks": [[4011.5, 24952.0], [4011.6, 10000.0], [4011.75, 25100.0], [4011.8, 76167.0], [4011.85, 170555.0], [4012.15, 81.0], [4012.3, 7500.0], [4012.4, 20841.0], [4012.75, 58040.0], [4012.8, 204795.0], [4012.85, 21500.0], [4012.95, 1313.0], [4013.0, 338.0], [4013.15, 6003.0], [4013.2, 15871.0], [4013.25, 14413.0], [4013.4, 38489.0], [4013.45, 4323.0], [4013.5, 1095.0], [4013.6, 64489.0]]}}}
{"jsonrpc": "2.0", "method": "subscription", "params": {"channel": "book.ETH-PERPETUAL.none.20.100ms", "data": {"timestamp": 1758776957733, "change_id": 87893881279, "instrument_name": "ETH-PERPETUAL", "bids": [[4011.45, 83765.0], [4011.4, 109754.0], [4011.35, 58765.0], [4011.3, 57765.0], [4011.25, 57765.0], [4011.1, 7519.0], [4011.05, 25000.0], [4011.0, 6664.0], [4010.8, 22000.0], [4010.75, 11547.0], [4010.65, 38489.0], [4010.6, 56650.0], [4010.55, 191373.0], [4010.25, 17.0], [4010.15, 9976.0], [4010.05, 46800.0], [4010.0, 156000.0], [4009.85, 14340.0], [4009.75, 19.0], [4009.6, 29608.0]], "asks": [[4011.5, 24952.0], [4011.6, 10000.0], [4011.75, 25100.0], [4011.8, 76167.0], [4011.85, 170555.0], [4012.15, 81.0], [4012.3, 7500.0], [4012.4, 20841.0], [4012.75, 58040.0], [4012.8, 204795.0], [4012.85, 21500.0], [4012.95, 1313.0], [4013.0, 338.0], [4013.15, 6003.0], [4013.2, 15871.0], [4013.25, 14413.0], [4013.4, 38489.0], [4013.45, 4323.0], [4013.5, 1095.0], [4013.6, 14489.0]]}}}
{"jsonrpc": "2.0", "method": "subscription", "params": {"channel": "book.ETH-PERPETUAL.none.20.100ms", "data": {"timestamp": 1758776958074, "change_id": 87893881491, "instrument_name": "ETH-PERPETUAL", "bids": [[4011.45, 83765.0], [4011.4, 109754.0], [4011.35, 58765.0], [4011.3, 57765.0], [4011.25, 57765.0], [4011.1, 7519.0], [4011.05, 25000.0], [4011.0, 6664.0], [4010.8, 22000.0], [4010.75, 11547.0], [4010.65, 38489.0], [4010.6, 56650.0], [4010.55, 191373.0], [4010.25, 17.0], [4010.15, 9976.0], [4010.05, 46800.0], [4010.0, 156000.0], [4009.85, 14340.0], [4009.75, 19.0], [4009.6, 29608.0]], "asks": [[4011.5, 24952.0], [4011.6, 10000.0], [4011.75, 25100.0], [4011.8, 76167.0], [4011.85, 170555.0], [4012.15, 81.0], [4012.3, 7500.0], [4012.4, 20841.0], [4012.75, 58040.0], [4012.8, 204795.0], [4012.85, 21500.0], [4012.95, 1313.0], [4013.0, 338.0], [4013.15, 6003.0], [4013.2, 15871.0], [4013.25, 14413.0], [4013.4, 38489.0], [4013.45, 54323.0], [4013.5, 1095.0], [4013.6, 14489.0]]}}}
{"jsonrpc": "2.0", "method": "subscription", "params": {"channel": "book.ETH-PERPETUAL.none.20.100ms", "data": {"timestamp": 1758776958402, "change_id": 87893881793, "instrument_name": "ETH-PERPETUAL", "bids": [[4011.45, 130929.0], [4011.4, 109754.0], [4011.35, 58765.0], [4011.3, 57765.0], [4011.25, 82765.0], [4011.2, 57736.0], [4011.0, 177122.0], [4010.75, 11547.0], [4010.65, 38489.0], [4010.6, 6252.0], [4010.55, 20841.0], [4010.25, 17.0], [4010.15, 9976.0], [4010.05, 46800.0], [4010.0, 156000.0], [4009.9, 37736.0], [4009.85, 14340.0], [4009.75, 19.0], [4009.45, 14340.0], [4009.4, 3696.0]], "asks": [[4011.5, 6039.0], [4011.6, 10000.0], [4011.7, 1000.0], [4011.8, 21500.0], [4011.85, 183755.0], [4012.0, 7524.0], [4012.05, 25000.0], [4012.15, 81.0], [4012.3, 7500.0], [4012.4, 20841.0], [4012.75, 58040.0], [4012.8, 204795.0], [4012.85, 21500.0], [4012.95, 1313.0], [4013.0, 338.0], [4013.15, 6003.0], [4013.2, 15871.0], [4013.25, 14413.0], [4013.4, 38489.0], [4013.45, 4323.0]]}}}
{"jsonrpc": "2.0", "method": "subscription", "params": {"channel": "book.ETH-PERPETUAL.none.20.100ms", "data": {"timestamp": 1758776958714, "change_id": 87893882633, "instrument_name": "ETH-PERPETUAL", "bids": [[4011.45, 150763.0], [4011.4, 109754.0], [4011.35, 58765.0], [4011.3, 57765.0], [4011.25, 82765.0], [4011.2, 57736.0], [4011.0, 177122.0], [4010.75, 11547.0], [4010.65, 38489.0], [4010.6, 6252.0], [4010.55, 20841.0], [4010.25, 17.0], [4010.15, 9976.0], [4010.05, 46800.0], [4010.0, 156000.0], [4009.95, 15623.0], [4009.9, 37736.0], [4009.85, 14340.0], [4009.75, 19.0], [4009.45, 14340.0]], "asks": [[4011.5, 6039.0], [4011.6, 10000.0], [4011.85, 183755.0], [4012.0, 7524.0], [4012.05, 25000.0], [4012.3, 7500.0], [4012.4, 20841.0], [4012.45, 81.0], [4012.75, 58040.0], [4012.8, 204795.0], [4012.85, 21500.0], [4012.95, 1313.0], [4013.0, 338.0], [4013.1, 1801.0], [4013.15, 6003.0], [4013.2, 15871.0], [4013.25, 14413.0], [4013.4, 38489.0], [4013.45, 4323.0], [4013.6, 14489.0]]}}}
{"jsonrpc": "2.0", "method": "subscription", "params": {"channel": "book.ETH-PERPETUAL.none.20.100ms", "data": {"timestamp": 1758776959069, "change_id": 87893882852, "instrument_name": "ETH-PERPETUAL", "bids": [[4011.45, 151124.0], [4011.4, 109754.0], [4011.35, 58765.0], [4011.3, 57765.0], [4011.25, 82765.0], [4011.2, 57736.0], [4011.0, 177122.0], [4010.75, 11547.0], [4010.65, 38489.0], [4010.6, 6252.0], [4010.55, 20841.0], [4010.25, 17.0], [4010.15, 9976.0], [4010.05, 46800.0], [4010.0, 156000.0], [4009.95, 19979.0], [4009.9, 17757.0], [4009.85, 14340.0], [4009.75, 19.0], [4009.45, 14340.0]], "asks": [[4011.5, 6039.0], [4011.6, 10000.0], [4011.65, 1000.0], [4011.85, 183755.0], [4012.0, 7524.0], [4012.05, 25000.0], [4012.3, 7500.0], [4012.4, 20841.0], [4012.45, 81.0], [4012.75, 58040.0], [4012.8, 204795.0], [4012.85, 21500.0], [4012.95, 1313.0], [4013.0, 338.0], [4013.1, 1801.0], [4013.15, 6003.0], [4013.2, 15871.0], [4013.25, 14413.0], [4013.4, 38489.0], [4013.45, 4323.0]]}}}
{"jsonrpc": "2.0", "method": "subscription", "params": {"channel": "book.ETH-PERPETUAL.none.20.100ms", "data": {"timestamp": 1758776959407, "change_id": 87893883504, "instrument_name": "ETH-PERPETUAL", "bids": [[4011.45, 83717.0], [4011.4, 57765.0], [4011.35, 58765.0], [4011.3, 57765.0], [4011.25, 57765.0], [4010.95, 11547.0], [4010.9, 38489.0], [4010.8, 7500.0], [4010.75, 25000.0], [4010.6, 12090.0], [4010.55, 20841.0], [4010.5, 64.0], [4010.45, 22000.0], [4010.25, 17.0], [4010.15, 9976.0], [4009.85, 14340.0], [4009.75, 19.0], [4009.5, 37736.0], [4009.45, 14340.0], [4009.4, 3696.0]], "asks": [[4011.5, 157546.0], [4011.55, 13920.0], [4011.6, 10000.0], [4011.65, 11400.0], [4011.7, 25000.0], [4011.8, 55127.0], [4011.85, 183755.0], [4012.3, 7500.0], [4012.4, 20841.0], [4012.45, 81.0], [4012.75, 58040.0], [4012.8, 204795.0], [4012.85, 21500.0], [4012.95, 1313.0], [4013.0, 338.0], [4013.1, 1801.0], [4013.15, 6003.0], [4013.2, 15871.0], [4013.25, 14413.0], [4013.4, 38489.0]]}}}
{"jsonrpc": "2.0", "method": "subscription", "params": {"channel": "book.ETH-PERPETUAL.none.20.100ms", "data": {"timestamp": 1758776959736, "change_id": 87893884414, "instrument_name": "ETH-PERPETUAL", "bids": [[4011.45, 83788.0], [4011.4, 109754.0], [4011.35, 58765.0], [4011.3, 57765.0], [4011.25, 57765.0], [4011.05, 51081.0], [4011.0, 170269.0], [4010.9, 17603.0], [4010.85, 63489.0], [4010.6, 12090.0], [4010.55, 20841.0], [4010.5, 64.0], [4010.45, 22000.0], [4010.35, 46805.0], [4010.3, 156000.0], [4010.25, 17.0], [4010.15, 9976.0], [4009.85, 14340.0], [4009.75, 19.0], [4009.5, 37736.0]], "asks": [[4011.5, 170826.0], [4011.55, 10125.0], [4011.6, 10000.0], [4011.8, 80127.0], [4011.85, 170555.0], [4011.95, 81.0], [4012.3, 7500.0], [4012.4, 20841.0], [4012.75, 58040.0], [4012.8, 204795.0], [4012.85, 21500.0], [4012.95, 1313.0], [4013.0, 338.0], [4013.1, 1801.0], [4013.15, 6003.0], [4013.2, 15871.0], [4013.25, 14413.0], [4013.4, 57812.0], [4013.45, 50000.0], [4013.6, 14409.0]]}}}
{"jsonrpc": "2.0", "method": "subscription", "params": {"channel": "book.ETH-PERPETUAL.none.20.100ms", "data": {"timestamp": 1758776960057, "change_id": 87893884659, "instrument_name": "ETH-PERPETUAL", "bids": [[4011.45, 83778.0], [4011.4, 110754.0], [4011.35, 57765.0], [4011.3, 57765.0], [4011.25, 57765.0], [4011.05, 51081.0], [4011.0, 189316.0], [4010.95, 25000.0], [4010.85, 38489.0], [4010.8, 6600.0], [4010.75, 22064.0], [4010.6, 6252.0], [4010.55, 20841.0], [4010.35, 46805.0], [4010.3, 156000.0], [4010.25, 17.0], [4010.15, 9976.0], [4009.85, 14340.0], [4009.75, 19.0], [4009.5, 37736.0]], "asks": [[4011.5, 34389.0], [4011.55, 3000.0], [4011.6, 10000.0], [4011.8, 55127.0], [4011.85, 170555.0], [4011.95, 81.0], [4012.0, 7500.0], [4012.05, 25000.0], [4012.3, 7500.0], [4012.4, 20841.0], [4012.75, 58040.0], [4012.8, 204795.0], [4012.85, 21500.0], [4012.95, 1313.0], [4013.0, 338.0], [4013.1, 1801.0], [4013.15, 6003.0], [4013.2, 15871.0], [4013.25, 14413.0], [4013.4, 57812.0]]}}}
{"jsonrpc": "2.0", "method": "subscription", "params": {"channel": "book.ETH-PERPETUAL.none.20.100ms", "data": {"timestamp": 1758776960379, "change_id": 87893884815, "instrument_name": "ETH-PERPETUAL", "bids": [[4011.45, 83977.0], [4011.4, 110754.0], [4011.35, 57765.0], [4011.3, 57765.0], [4011.25, 57765.0], [4011.05, 51081.0], [4011.0, 189316.0], [4010.95, 25000.0], [4010.85, 38489.0], [4010.8, 6600.0], [4010.75, 22064.0], [4010.6, 6252.0], [4010.55, 20841.0], [4010.35, 46805.0], [4010.3, 156000.0], [4010.25, 17.0], [4010.15, 9976.0], [4009.85, 14340.0], [4009.75, 19.0], [4009.5, 37736.0]], "asks": [[4011.5, 59489.0], [4011.55, 3000.0], [4011.6, 10000.0], [4011.8, 55127.0], [4011.85, 170555.0], [4011.95, 81.0], [4012.0, 7500.0], [4012.05, 25000.0], [4012.3, 7500.0], [4012.4, 20841.0], [4012.75, 58040.0], [4012.8, 204795.0], [4012.85, 21500.0], [4012.95, 1313.0], [4013.0, 338.0], [4013.1, 1801.0], [4013.15, 6003.0], [4013.2, 15871.0], [4013.25, 14413.0], [4013.4, 57812.0]]}}}
{"jsonrpc": "2.0", "method": "subscription", "params": {"channel": "book.ETH-PERPETUAL.none.20.100ms", "data": {"timestamp": 1758776960727, "change_id": 87893885651, "instrument_name": "ETH-PERPETUAL", "bids": [[4011.45, 84418.0], [4011.4, 109754.0], [4011.35, 57765.0], [4011.3, 57765.0], [4011.25, 57765.0], [4011.1, 63393.0], [4011.05, 47000.0], [4011.0, 181731.0], [4010.85, 38489.0], [4010.75, 64.0], [4010.6, 6252.0], [4010.55, 20841.0], [4010.3, 156000.0], [4010.25, 17.0], [4010.15, 9976.0], [4009.85, 14340.0], [4009.75, 19.0], [4009.55, 15623.0], [4009.5, 37736.0], [4009.45, 14340.0]], "asks": [[4011.5, 35217.0], [4011.6, 10000.0], [4011.8, 55127.0], [4011.85, 170555.0], [4011.95, 81.0], [4012.0, 7500.0], [4012.05, 25000.0], [4012.3, 7500.0], [4012.4, 20841.0], [4012.75, 58040.0], [4012.8, 204795.0], [4012.85, 21500.0], [4012.95, 1313.0], [4013.0, 338.0], [4013.1, 1801.0], [4013.15, 6003.0], [4013.2, 15871.0], [4013.25, 14413.0], [4013.4, 57812.0], [4013.45, 50000.0]]}}}
{"jsonrpc": "2.0", "method": "subscription", "params": {"channel": "book.ETH-PERPETUAL.none.20.100ms", "data": {"timestamp": 1758776961035, "change_id": 87893885838, "instrument_name": "ETH-PERPETUAL", "bids": [[4011.45, 84220.0], [4011.4, 109754.0], [4011.35, 58765.0], [4011.3, 57765.0], [4011.25, 57765.0], [4011.15, 25000.0], [4011.1, 63393.0], [4011.05, 22000.0], [4011.0, 181795.0], [4010.85, 38489.0], [4010.6, 6252.0], [4010.55, 20841.0], [4010.3, 156000.0], [4010.25, 17.0], [4010.15, 9976.0], [4009.9, 17757.0], [4009.85, 14340.0], [4009.75, 19.0], [4009.55, 19979.0], [4009.45, 14340.0]], "asks": [[4011.5, 20109.0], [4011.6, 10000.0], [4011.65, 1000.0], [4011.8, 55127.0], [4011.85, 170555.0], [4011.9, 13200.0], [4011.95, 81.0], [4012.2, 13752.0], [4012.25, 25000.0], [4012.4, 20841.0], [4012.75, 58040.0], [4012.8, 204795.0], [4012.85, 21500.0], [4012.95, 1313.0], [4013.0, 338.0], [4013.1, 1801.0], [4013.15, 6003.0], [4013.2, 15871.0], [4013.25, 14413.0], [4013.4, 38489.0]]}}}
{"jsonrpc": "2.0", "method": "subscription", "params": {"channel": "book.ETH-PERPETUAL.none.20.100ms", "data": {"timestamp": 1758776961374, "change_id": 87893886147, "instrument_name": "ETH-PERPETUAL", "bids": [[4011.45, 111007.0], [4011.4, 109754.0], [4011.35, 58765.0], [4011.3, 57765.0], [4011.25, 57765.0], [4011.15, 25000.0], [4011.1, 63393.0], [4011.05, 22000.0], [4011.0, 181795.0], [4010.85, 38489.0], [4010.6, 6252.0], [4010.55, 20841.0], [4010.3, 156000.0], [4010.25, 17.0], [4010.15, 9976.0], [4009.85, 14340.0], [4009.75, 19.0], [4009.55, 17757.0], [4009.5, 19979.0], [4009.45, 14340.0]], "asks": [[4011.5, 210214.0], [4011.6, 10000.0], [4011.85, 170555.0], [4011.9, 13200.0], [4011.95, 81.0], [4012.1, 7500.0], [4012.15, 25000.0], [4012.2, 6252.0], [4012.4, 20841.0], [4012.75, 58040.0], [4012.8, 204795.0], [4012.85, 21500.0], [4012.95, 1313.0], [4013.0, 338.0], [4013.1, 1801.0], [4013.15, 6003.0], [4013.2, 15871.0], [4013.25, 14413.0], [4013.4, 38489.0], [4013.6, 14489.0]]}}}
{"jsonrpc": "2.0", "method": "subscription", "params": {"channel": "book.ETH-PERPETUAL.none.20.100ms", "data": {"timestamp": 1758776961670, "change_id": 87893886925, "instrument_name": "ETH-PERPETUAL", "bids": [[4011.45, 83419.0], [4011.4, 109754.0], [4011.35, 58765.0], [4011.3, 57765.0], [4011.25, 57765.0], [4011.15, 25000.0], [4011.1, 63393.0], [4011.05, 22000.0], [4011.0, 181795.0], [4010.85, 38489.0], [4010.6, 6252.0], [4010.55, 20841.0], [4010.35, 46805.0], [4010.3, 156000.0], [4010.25, 17.0], [4010.15, 9976.0], [4009.85, 14340.0], [4009.75, 19.0], [4009.6, 19979.0], [4009.55, 17757.0]], "asks": [[4011.5, 67913.0], [4011.6, 10000.0], [4011.8, 51191.0], [4011.85, 170555.0], [4011.95, 81.0], [4012.0, 7500.0], [4012.05, 25000.0], [4012.2, 6252.0], [4012.4, 20841.0], [4012.75, 58040.0], [4012.8, 204795.0], [4012.85, 21500.0], [4012.95, 1313.0], [4013.0, 338.0], [4013.1, 1801.0], [4013.15, 6003.0], [4013.2, 15871.0], [4013.25, 14413.0], [4013.4, 38489.0], [4013.45, 19323.0]]}}}
{"jsonrpc": "2.0", "method": "subscription", "params": {"channel": "book.ETH-PERPETUAL.none.20.100ms", "data": {"timestamp": 1758776962027, "change_id": 87893887125, "instrument_name": "ETH-PERPETUAL", "bids": [[4011.45, 83267.0], [4011.4, 110054.0], [4011.35, 58765.0], [4011.3, 57765.0], [4011.25, 57765.0], [4011.1, 6619.0], [4011.05, 22000.0], [4011.0, 17667.0], [4010.9, 25000.0], [4010.85, 38489.0], [4010.6, 6252.0], [4010.55, 20841.0], [4010.25, 17.0], [4010.15, 9976.0], [4009.85, 14340.0], [4009.75, 19.0], [4009.55, 17757.0], [4009.45, 34319.0], [4009.4, 3696.0], [4009.35, 50920.0]], "asks": [[4011.5, 225322.0], [4011.55, 15125.0], [4011.6, 10000.0], [4011.8, 76191.0], [4011.85, 170555.0], [4011.95, 81.0], [4012.2, 6252.0], [4012.4, 20841.0], [4012.75, 58040.0], [4012.8, 204795.0], [4012.85, 21500.0], [4012.95, 1313.0], [4013.0, 338.0], [4013.1, 1801.0], [4013.15, 6003.0], [4013.2, 15871.0], [4013.25, 14413.0], [4013.4, 38489.0], [4013.45, 19323.0], [4013.5, 50000.0]]}}}
{"jsonrpc": "2.0", "method": "subscription", "params": {"channel": "book.ETH-PERPETUAL.none.20.100ms", "data": {"timestamp": 1758776962379, "change_id": 87893887504, "instrument_name": "ETH-PERPETUAL", "bids": [[4011.45, 83379.0], [4011.4, 110054.0], [4011.35, 58765.0], [4011.3, 57765.0], [4011.25, 57765.0], [4011.1, 56820.0], [4011.05, 22000.0], [4011.0, 212762.0], [4010.85, 38489.0], [4010.6, 6252.0], [4010.55, 20841.0], [4010.3, 156000.0], [4010.25, 17.0], [4010.15, 9976.0], [4009.85, 14340.0], [4009.75, 19.0], [4009.55, 17757.0], [4009.45, 34319.0], [4009.4, 3696.0], [4009.35, 50920.0]], "asks": [[4011.5, 67913.0], [4011.55, 8000.0], [4011.6, 11000.0], [4011.8, 51191.0], [4011.85, 170555.0], [4011.95, 81.0], [4012.05, 25000.0], [4012.2, 6252.0], [4012.4, 20841.0], [4012.75, 58040.0], [4012.8, 204795.0], [4012.85, 21500.0], [4012.95, 1313.0], [4013.0, 338.0], [4013.1, 1801.0], [4013.15, 6003.0], [4013.2, 15871.0], [4013.25, 14413.0], [4013.4, 38489.0], [4013.45, 19323.0]]}}}
{"jsonrpc": "2.0", "method": "subscription", "params": {"channel": "book.ETH-PERPETUAL.none.20.100ms", "data": {"timestamp": 1758776962684, "change_id": 87893888356, "instrument_name": "ETH-PERPETUAL", "bids": [[4011.45, 83391.0], [4011.4, 110054.0], [4011.35, 58765.0], [4011.3, 57765.0], [4011.25, 57765.0], [4011.2, 25000.0], [4011.1, 56820.0], [4011.05, 22000.0], [4011.0, 187762.0], [4010.85, 38489.0], [4010.6, 6252.0], [4010.55, 20841.0], [4010.35, 46805.0], [4010.3, 156000.0], [4010.25, 17.0], [4010.15, 9976.0], [4009.9, 17757.0], [4009.85, 14340.0], [4009.75, 19.0], [4009.5, 19979.0]], "asks": [[4011.5, 1039.0], [4011.55, 5000.0], [4011.6, 10000.0], [4011.8, 1000.0], [4011.85, 170555.0], [4011.9, 13200.0], [4012.0, 7500.0], [4012.05, 25000.0], [4012.2, 6252.0], [4012.25, 81.0], [4012.4, 20841.0], [4012.75, 58040.0], [4012.8, 204795.0], [4012.85, 21500.0], [4012.95, 1313.0], [4013.0, 338.0], [4013.1, 1801.0], [4013.15, 6003.0], [4013.2, 15871.0], [4013.25, 14413.0]]}}}
{"jsonrpc": "2.0", "method": "subscription", "params": {"channel": "book.ETH-PERPETUAL.none.20.100ms", "data": {"timestamp": 1758776963003, "change_id": 87893888486, "instrument_name": "ETH-PERPETUAL", "bids": [[4011.45, 92166.0], [4011.4, 110054.0], [4011.35, 58765.0], [4011.3, 82765.0], [4011.25, 57765.0], [4011.1, 6619.0], [4011.05, 22000.0], [4011.0, 11547.0], [4010.85, 38489.0], [4010.6, 6252.0], [4010.55, 20841.0], [4010.25, 17.0], [4010.15, 9976.0], [4009.9, 37736.0], [4009.85, 14340.0], [4009.75, 19.0], [4009.45, 14340.0], [4009.4, 3696.0], [4009.35, 50920.0], [4009.25, 12320.0]], "asks": [[4011.5, 70755.0], [4011.55, 5000.0], [4011.6, 10000.0], [4011.75, 1000.0], [4011.85, 170555.0], [4011.9, 13200.0], [4012.0, 7500.0], [4012.05, 25000.0], [4012.2, 6252.0], [4012.25, 81.0], [4012.4, 20841.0], [4012.75, 58040.0], [4012.8, 204795.0], [4012.85, 21500.0], [4012.95, 1313.0], [4013.0, 338.0], [4013.1, 1801.0], [4013.15, 6003.0], [4013.2, 15871.0], [4013.25, 14413.0]]}}}
{"jsonrpc": "2.0", "method": "subscription", "params": {"channel": "book.ETH-PERPETUAL.none.20.100ms", "data": {"timestamp": 1758776963366, "change_id": 87893888822, "instrument_name": "ETH-PERPETUAL", "bids": [[4011.45, 93590.0], [4011.4, 110054.0], [4011.35, 58765.0], [4011.3, 82765.0], [4011.25, 57765.0], [4011.1, 56844.0], [4011.05, 22000.0], [4011.0, 181571.0], [4010.85, 38489.0], [4010.6, 6252.0], [4010.55, 20841.0], [4010.3, 156000.0], [4010.25, 17.0], [4010.15, 9976.0], [4009.9, 17757.0], [4009.85, 14340.0], [4009.75, 19.0], [4009.5, 19979.0], [4009.45, 14340.0], [4009.4, 3696.0]], "asks": [[4011.5, 85455.0], [4011.55, 5000.0], [4011.6, 10000.0], [4011.8, 25100.0], [4011.85, 170555.0], [4011.9, 13200.0], [4012.0, 7500.0], [4012.05, 25000.0], [4012.2, 6252.0], [4012.25, 81.0], [4012.4, 20841.0], [4012.75, 58040.0], [4012.8, 204795.0], [4012.85, 21500.0], [4012.95, 1313.0], [4013.0, 338.0], [4013.1, 1801.0], [4013.15, 6003.0], [4013.2, 15871.0], [4013.25, 14413.0]]}}}
{"jsonrpc": "2.0", "method": "subscription", "params": {"channel": "book.ETH-PERPETUAL.none.20.100ms", "data": {"timestamp": 1758776963690, "change_id": 87893889599, "instrument_name": "ETH-PERPETUAL", "bids": [[4011.45, 83339.0], [4011.4, 110054.0], [4011.35, 58765.0], [4011.3, 82765.0], [4011.25, 57765.0], [4011.1, 56780.0], [4011.05, 22000.0], [4011.0, 181571.0], [4010.85, 38489.0], [4010.6, 6252.0], [4010.55, 20841.0], [4010.35, 46805.0], [4010.3, 156000.0], [4010.25, 17.0], [4010.15, 9976.0], [4009.9, 37736.0], [4009.85, 14340.0], [4009.75, 19.0], [4009.45, 14340.0], [4009.4, 3696.0]], "asks": [[4011.5, 5654.0], [4011.55, 5000.0], [4011.6, 10000.0], [4011.85, 170555.0], [4011.9, 13200.0], [4012.0, 7500.0], [4012.05, 25000.0], [4012.2, 6252.0], [4012.25, 81.0], [4012.4, 20841.0], [4012.75, 58040.0], [4012.8, 204795.0], [4012.85, 21500.0], [4012.95, 1313.0], [4013.0, 338.0], [4013.1, 1801.0], [4013.15, 6003.0], [4013.2, 15871.0], [4013.25, 14413.0], [4013.4, 38489.0]]}}}
{"jsonrpc": "2.0", "method": "subscription", "params": {"channel": "book.ETH-PERPETUAL.none.20.100ms", "data": {"timestamp": 1758776964026, "change_id": 87893889722, "instrument_name": "ETH-PERPETUAL", "bids": [[4011.45, 83349.0], [4011.4, 135054.0], [4011.35, 58765.0], [4011.3, 57765.0], [4011.25, 57765.0], [4011.1, 56780.0], [4011.05, 22000.0], [4011.0, 181571.0], [4010.85, 38489.0], [4010.6, 6252.0], [4010.55, 20841.0], [4010.35, 46805.0], [4010.3, 156000.0], [4010.25, 17.0], [4010.15, 9976.0], [4009.9, 37736.0], [4009.85, 14340.0], [4009.75, 19.0], [4009.45, 63810.0], [4009.4, 3696.0]], "asks": [[4011.5, 37236.0], [4011.6, 10000.0], [4011.85, 170555.0], [4011.9, 13200.0], [4012.2, 12995.0], [4012.25, 81.0], [4012.3, 25000.0], [4012.4, 20841.0], [4012.75, 58040.0], [4012.8, 204795.0], [4012.85, 21500.0], [4012.95, 1313.0], [4013.1, 1801.0], [4013.15, 6003.0], [4013.2, 15871.0], [4013.25, 14413.0], [4013.4, 38489.0], [4013.55, 4323.0], [4013.6, 62134.0], [4013.65, 40.0]]}}}
{"jsonrpc": "2.0", "method": "subscription", "params": {"channel": "book.ETH-PERPETUAL.none.20.100ms", "data": {"timestamp": 1758776964360, "change_id": 87893890628, "instrument_name": "ETH-PERPETUAL", "bids": [[4011.45, 58043.0], [4011.4, 57765.0], [4011.35, 57765.0], [4011.3, 57765.0], [4011.25, 57765.0], [4011.05, 25000.0], [4010.65, 7500.0], [4010.6, 25000.0], [4010.25, 17.0], [4010.2, 2993.0], [4010.15, 10040.0], [4009.9, 4302.0], [4009.85, 14340.0], [4009.75, 19.0], [4009.45, 14340.0], [4009.4, 3696.0], [4009.3, 17877.0], [4009.25, 12320.0], [4009.15, 21195.0], [4009.1, 34319.0]], "asks": [[4011.5, 403107.0], [4011.55, 15125.0], [4011.6, 35000.0], [4012.0, 81.0], [4012.2, 6252.0], [4012.4, 20841.0], [4012.75, 58040.0], [4012.8, 204795.0], [4012.85, 21500.0], [4013.1, 51801.0], [4013.15, 6003.0], [4013.2, 19999.0], [4013.25, 14413.0], [4013.4, 1095.0], [4013.55, 4323.0], [4013.6, 62134.0], [4013.8, 17776.0], [4013.85, 14411.0], [4014.05, 34309.0], [4014.1, 14411.0]]}}}
{"jsonrpc": "2.0", "method": "subscription", "params": {"channel": "book.ETH-PERPETUAL.none.20.100ms", "data": {"timestamp": 1758776964692, "change_id": 87893892837, "instrument_name": "ETH-PERPETUAL", "bids": [[4011.1, 57763.0], [4011.05, 54246.0], [4011.0, 12627.0], [4010.95, 57763.0], [4010.9, 57763.0], [4010.4, 7505.0], [4010.35, 25000.0], [4010.25, 17.0], [4009.95, 10034.0], [4009.9, 14405.0], [4009.8, 71824.0], [4009.75, 169942.0], [4009.6, 51102.0], [4009.55, 194553.0], [4009.5, 22000.0], [4009.45, 14340.0], [4009.4, 3696.0], [4009.3, 120.0], [4009.25, 12320.0], [4009.2, 15999.0]], "asks": [[4011.15, 244684.0], [4011.3, 2000.0], [4011.45, 3059.0], [4011.5, 197.0], [4011.6, 10000.0], [4011.85, 46824.0], [4011.9, 156000.0], [4011.95, 1312.0], [4012.0, 6252.0], [4012.05, 20841.0], [4012.2, 14558.0], [4012.4, 20841.0], [4012.45, 78595.0], [4012.5, 14405.0], [4012.6, 21461.0], [4012.65, 27453.0], [4012.8, 6551.0], [4012.85, 21604.0], [4013.0, 27453.0], [4013.05, 7500.0]]}}}
{"jsonrpc": "2.0", "method": "subscription", "params": {"channel": "book.ETH-PERPETUAL.none.20.100ms", "data": {"timestamp": 1758776965009, "change_id": 87893893232, "instrument_name": "ETH-PERPETUAL", "bids": [[4011.05, 82928.0], [4011.0, 54246.0], [4010.95, 57763.0], [4010.9, 57763.0], [4010.85, 12627.0], [4010.75, 1000.0], [4010.55, 7500.0], [4010.5, 25000.0], [4010.4, 6257.0], [4010.25, 17.0], [4010.2, 20841.0], [4010.05, 51041.0], [4010.0, 169923.0], [4009.95, 15939.0], [4009.9, 14405.0], [4009.85, 22000.0], [4009.8, 20841.0], [4009.75, 19.0], [4009.6, 51102.0], [4009.55, 194489.0]], "asks": [[4011.1, 107901.0], [4011.15, 169923.0], [4011.2, 7500.0], [4011.25, 25000.0], [4011.45, 3059.0], [4011.5, 197.0], [4011.6, 10000.0], [4011.7, 8304.0], [4011.75, 27681.0], [4011.85, 46824.0], [4011.9, 194489.0], [4012.0, 6252.0], [4012.05, 20841.0], [4012.35, 1003.0], [4012.4, 20841.0], [4012.45, 28595.0], [4012.5, 14405.0], [4012.65, 27453.0], [4012.7, 48397.0], [4012.8, 6551.0]]}}}
{"jsonrpc": "2.0", "method": "subscription", "params": {"channel": "book.ETH-PERPETUAL.none.20.100ms", "data": {"timestamp": 1758776965348, "change_id": 87893893615, "instrument_name": "ETH-PERPETUAL", "bids": [[4011.05, 82883.0], [4011.0, 54246.0], [4010.95, 57763.0], [4010.9, 57763.0], [4010.85, 12627.0], [4010.7, 1000.0], [4010.4, 12975.0], [4010.25, 25017.0], [4010.2, 20841.0], [4010.05, 51041.0], [4010.0, 169923.0], [4009.95, 15939.0], [4009.9, 14405.0], [4009.85, 22000.0], [4009.8, 20841.0], [4009.75, 19.0], [4009.6, 51102.0], [4009.55, 194489.0], [4009.45, 14340.0], [4009.4, 3696.0]], "asks": [[4011.1, 112584.0], [4011.15, 194923.0], [4011.45, 3059.0], [4011.5, 39.0], [4011.6, 10000.0], [4011.7, 8304.0], [4011.75, 27681.0], [4011.85, 46824.0], [4011.9, 194489.0], [4012.0, 6252.0], [4012.05, 20841.0], [4012.35, 1003.0], [4012.4, 20841.0], [4012.45, 28595.0], [4012.5, 14405.0], [4012.55, 1313.0], [4012.65, 27453.0], [4012.7, 48397.0], [4012.8, 6551.0], [4012.85, 21604.0]]}}}
{"jsonrpc": "2.0", "method": "subscription", "params": {"channel": "book.ETH-PERPETUAL.none.20.100ms", "data": {"timestamp": 1758776965675, "change_id": 87893894530, "instrument_name": "ETH-PERPETUAL", "bids": [[4011.05, 82763.0], [4011.0, 54246.0], [4010.95, 57763.0], [4010.9, 57763.0], [4010.85, 13627.0], [4010.45, 7500.0], [4010.4, 31257.0], [4010.25, 17.0], [4010.2, 20841.0], [4010.05, 51041.0], [4010.0, 169923.0], [4009.95, 15939.0], [4009.9, 14405.0], [4009.85, 22000.0], [4009.8, 20841.0], [4009.75, 19.0], [4009.6, 51102.0], [4009.55, 194489.0], [4009.45, 14340.0], [4009.4, 3696.0]], "asks": [[4011.1, 112584.0], [4011.15, 194923.0], [4011.45, 3059.0], [4011.5, 39.0], [4011.6, 10000.0], [4011.7, 8304.0], [4011.75, 27681.0], [4011.85, 46824.0], [4011.9, 194489.0], [4012.0, 6252.0], [4012.05, 20841.0], [4012.35, 1003.0], [4012.4, 20841.0], [4012.45, 28595.0], [4012.5, 14405.0], [4012.55, 1313.0], [4012.65, 27453.0], [4012.7, 48397.0], [4012.8, 6551.0], [4012.85, 21604.0]]}}}
{"jsonrpc": "2.0", "method": "subscription", "params": {"channel": "book.ETH-PERPETUAL.none.20.100ms", "data": {"timestamp": 1758776966001, "change_id": 87893894678, "instrument_name": "ETH-PERPETUAL", "bids": [[4011.05, 82883.0], [4011.0, 55246.0], [4010.95, 57763.0], [4010.9, 57763.0], [4010.85, 13627.0], [4010.45, 7500.0], [4010.4, 31257.0], [4010.25, 17.0], [4010.2, 20841.0], [4010.05, 51041.0], [4010.0, 169923.0], [4009.95, 15939.0], [4009.9, 14405.0], [4009.85, 22000.0], [4009.8, 20841.0], [4009.75, 19.0], [4009.6, 51102.0], [4009.55, 194489.0], [4009.45, 14340.0], [4009.4, 3696.0]], "asks": [[4011.1, 107901.0], [4011.15, 194923.0], [4011.45, 3059.0], [4011.5, 39.0], [4011.6, 18304.0], [4011.65, 27680.0], [4011.85, 46824.0], [4011.9, 194489.0], [4012.0, 6252.0], [4012.05, 20841.0], [4012.35, 1003.0], [4012.4, 20841.0], [4012.45, 28595.0], [4012.5, 14405.0], [4012.55, 1313.0], [4012.65, 27453.0], [4012.8, 6551.0], [4012.85, 21604.0], [4013.0, 27453.0], [4013.05, 50000.0]]}}}
{"jsonrpc": "2.0", "method": "subscription", "params": {"channel": "book.ETH-PERPETUAL.none.20.100ms", "data": {"timestamp": 1758776966312, "change_id": 87893894929, "instrument_name": "ETH-PERPETUAL", "bids": [[4011.05, 38346.0], [4011.0, 1000.0], [4010.95, 1000.0], [4010.55, 7500.0], [4010.5, 25000.0], [4010.4, 6257.0], [4010.25, 17.0], [4010.2, 20841.0], [4010.15, 84599.0], [4010.1, 57763.0], [4010.05, 54310.0], [4010.0, 182550.0], [4009.95, 73702.0], [4009.9, 72168.0], [4009.85, 22000.0], [4009.8, 20841.0], [4009.75, 19.0], [4009.6, 51102.0], [4009.55, 194489.0], [4009.45, 14340.0]], "asks": [[4011.1, 97701.0], [4011.15, 169923.0], [4011.35, 7500.0], [4011.4, 25000.0], [4011.45, 3059.0], [4011.5, 39.0], [4011.6, 18304.0], [4011.65, 27680.0], [4011.85, 46824.0], [4011.9, 194489.0], [4012.0, 6252.0], [4012.05, 20841.0], [4012.35, 1003.0], [4012.4, 20841.0], [4012.45, 28595.0], [4012.5, 14405.0], [4012.55, 1313.0], [4012.65, 27453.0], [4012.8, 53834.0], [4012.85, 21604.0]]}}}
{"jsonrpc": "2.0", "method": "subscription", "params": {"channel": "book.ETH-PERPETUAL.none.20.100ms", "data": {"timestamp": 1758776966672, "change_id": 87893895793, "instrument_name": "ETH-PERPETUAL", "bids": [[4011.05, 25232.0], [4011.0, 1000.0], [4010.9, 1000.0], [4010.55, 7500.0], [4010.5, 25000.0], [4010.4, 6257.0], [4010.25, 17.0], [4010.2, 20841.0], [4010.15, 54784.0], [4010.05, 64.0], [4010.0, 169923.0], [4009.95, 15939.0], [4009.9, 14405.0], [4009.85, 22000.0], [4009.8, 20841.0], [4009.75, 19.0], [4009.6, 51102.0], [4009.55, 194489.0], [4009.45, 14340.0], [4009.4, 3696.0]], "asks": [[4011.1, 92701.0], [4011.15, 169923.0], [4011.25, 7500.0], [4011.3, 25000.0], [4011.45, 3059.0], [4011.5, 39.0], [4011.6, 18304.0], [4011.65, 27680.0], [4011.75, 218.0], [4011.85, 46824.0], [4011.9, 194489.0], [4012.0, 6252.0], [4012.05, 20841.0], [4012.35, 1003.0], [4012.4, 20841.0], [4012.45, 28595.0], [4012.5, 14405.0], [4012.55, 1313.0], [4012.65, 27453.0], [4012.8, 53834.0]]}}}
{"jsonrpc": "2.0", "method": "subscription", "params": {"channel": "book.ETH-PERPETUAL.none.20.100ms", "data": {"timestamp": 1758776967004, "change_id": 87893895978, "instrument_name": "ETH-PERPETUAL", "bids": [[4011.05, 26120.0], [4011.0, 1000.0], [4010.65, 7500.0], [4010.6, 25000.0], [4010.4, 6257.0], [4010.25, 17.0], [4010.2, 20841.0], [4010.15, 54784.0], [4010.05, 64.0], [4010.0, 169923.0], [4009.95, 15939.0], [4009.9, 14405.0], [4009.85, 22000.0], [4009.8, 20841.0], [4009.75, 19.0], [4009.6, 51102.0], [4009.55, 194489.0], [4009.45, 14340.0], [4009.4, 3696.0], [4009.25, 12320.0]], "asks": [[4011.1, 91620.0], [4011.15, 169923.0], [4011.45, 10210.0], [4011.5, 39.0], [4011.55, 25000.0], [4011.6, 10000.0], [4011.75, 218.0], [4011.85, 46824.0], [4011.9, 194489.0], [4012.0, 6252.0], [4012.05, 20841.0], [4012.35, 1003.0], [4012.4, 20841.0], [4012.45, 28595.0], [4012.5, 14405.0], [4012.55, 1313.0], [4012.8, 6551.0], [4012.85, 21604.0], [4013.1, 50000.0], [4013.15, 5000.0]]}}}
{"jsonrpc": "2.0", "method": "subscription", "params": {"channel": "book.ETH-PERPETUAL.none.20.100ms", "data": {"timestamp": 1758776967331, "change_id": 87893896644, "instrument_name": "ETH-PERPETUAL", "bids": [[4011.05, 25231.0], [4011.0, 2000.0], [4010.85, 7500.0], [4010.8, 25000.0], [4010.5, 6600.0], [4010.45, 22000.0], [4010.4, 6257.0], [4010.3, 64.0], [4010.25, 17.0], [4010.2, 20841.0], [4010.15, 54784.0], [4010.0, 169923.0], [4009.9, 14405.0], [4009.8, 20841.0], [4009.75, 19.0], [4009.6, 51102.0], [4009.55, 194489.0], [4009.45, 14340.0], [4009.4, 3696.0], [4009.25, 12320.0]], "asks": [[4011.1, 256405.0], [4011.45, 53029.0], [4011.5, 181039.0], [4011.6, 10000.0], [4011.75, 218.0], [4011.85, 8304.0], [4011.9, 27681.0], [4012.0, 17018.0], [4012.05, 59330.0], [4012.35, 1003.0], [4012.4, 20841.0], [4012.45, 28595.0], [4012.5, 14405.0], [4012.55, 1313.0], [4012.8, 6551.0], [4012.85, 21604.0], [4012.9, 48858.0], [4013.0, 27453.0], [4013.05, 50000.0], [4013.15, 5000.0]]}}}
{"jsonrpc": "2.0", "method": "subscription", "params": {"channel": "book.ETH-PERPETUAL.none.20.100ms", "data": {"timestamp": 1758776967620, "change_id": 87893897389, "instrument_name": "ETH-PERPETUAL", "bids": [[4011.05, 26394.0], [4011.0, 1000.0], [4010.6, 14100.0], [4010.55, 25000.0], [4010.45, 22000.0], [4010.4, 6257.0], [4010.3, 64.0], [4010.25, 17.0], [4010.2, 20841.0], [4010.15, 54784.0], [4010.0, 169923.0], [4009.9, 14405.0], [4009.8, 20841.0], [4009.75, 19.0], [4009.6, 51102.0], [4009.55, 194489.0], [4009.45, 14340.0], [4009.4, 3696.0], [4009.25, 12320.0], [4009.15, 21195.0]], "asks": [[4011.1, 256405.0], [4011.35, 7500.0], [4011.4, 25000.0], [4011.45, 53029.0], [4011.5, 156039.0], [4011.6, 10000.0], [4011.75, 218.0], [4011.85, 8304.0], [4011.9, 27681.0], [4012.0, 17018.0], [4012.05, 59330.0], [4012.35, 1003.0], [4012.4, 20841.0], [4012.45, 28595.0], [4012.5, 14468.0], [4012.55, 1313.0], [4012.8, 56551.0], [4012.85, 21604.0], [4012.9, 48858.0], [4013.0, 27453.0]]}}}
{"jsonrpc": "2.0", "method": "subscription", "params": {"channel": "book.ETH-PERPETUAL.none.20.100ms", "data": {"timestamp": 1758776967951, "change_id": 87893897674, "instrument_name": "ETH-PERPETUAL", "bids": [[4011.05, 56730.0], [4011.0, 1000.0], [4010.8, 7500.0], [4010.75, 25000.0], [4010.6, 6600.0], [4010.45, 22000.0], [4010.4, 6257.0], [4010.3, 64.0], [4010.25, 17.0], [4010.2, 20841.0], [4010.15, 54784.0], [4010.0, 169923.0], [4009.9, 14405.0], [4009.8, 20841.0], [4009.75, 19.0], [4009.6, 51102.0], [4009.55, 194489.0], [4009.45, 14340.0], [4009.4, 3696.0], [4009.25, 12320.0]], "asks": [[4011.1, 257405.0], [4011.45, 53029.0], [4011.5, 156039.0], [4011.6, 17565.0], [4011.65, 25000.0], [4011.75, 218.0], [4011.85, 8304.0], [4011.9, 27681.0], [4012.0, 17018.0], [4012.05, 59330.0], [4012.35, 1003.0], [4012.4, 20841.0], [4012.45, 28595.0], [4012.5, 14468.0], [4012.55, 1313.0], [4012.8, 6551.0], [4012.85, 21604.0], [4012.9, 48858.0], [4013.0, 27485.0], [4013.15, 98600.0]]}}}
{"jsonrpc": "2.0", "method": "subscription", "params": {"channel": "book.ETH-PERPETUAL.none.20.100ms", "data": {"timestamp": 1758776968306, "change_id": 87893897935, "instrument_name": "ETH-PERPETUAL", "bids": [[4011.05, 56697.0], [4011.0, 1000.0], [4010.85, 5970.0], [4010.8, 34023.0], [4010.75, 25000.0], [4010.65, 25200.0], [4010.6, 6600.0], [4010.45, 22000.0], [4010.4, 6257.0], [4010.3, 64.0], [4010.25, 17.0], [4010.2, 20841.0], [4010.15, 54784.0], [4010.0, 169923.0], [4009.9, 14405.0], [4009.8, 20841.0], [4009.75, 19.0], [4009.6, 51102.0], [4009.55, 194489.0], [4009.45, 14340.0]], "asks": [[4011.1, 257405.0], [4011.15, 5000.0], [4011.45, 53029.0], [4011.5, 156039.0], [4011.6, 17565.0], [4011.65, 25000.0], [4011.75, 218.0], [4011.85, 8304.0], [4011.9, 27681.0], [4012.0, 17018.0], [4012.05, 59330.0], [4012.35, 1003.0], [4012.4, 20841.0], [4012.45, 28595.0], [4012.5, 14468.0], [4012.55, 1313.0], [4012.8, 6551.0], [4012.85, 21604.0], [4012.9, 48858.0], [4013.0, 27485.0]]}}}
