{"jsonrpc": "2.0", "id": 1, "result": ["book.ETH-PERPETUAL.none.20.100ms"], "usIn": 1761612126686775, "usOut": 1761612126686989, "usDiff": 214, "testnet": false}
{"jsonrpc": "2.0", "method": "subscription", "params": {"channel": "book.ETH-PERPETUAL.none.20.100ms", "data": {"timestamp": 1761612126669, "change_id": 93702380225, "instrument_name": "ETH-PERPETUAL", "bids": [[4114.4, 110165.0], [4114.3, 218.0], [4114.15, 18700.0], [4114.1, 14630.0], [4114.05, 20100.0], [4114.0, 29094.0], [4113.95, 19000.0], [4113.8, 1000.0], [4113.75, 7683.0], [4113.7, 20100.0], [4113.65, 163.0], [4113.6, 13462.0], [4113.55, 20235.0], [4113.5, 25000.0], [4113.35, 6116.0], [4113.3, 5052.0], [4113.25, 38.0], [4113.2, 11367.0], [4113.15, 56345.0], [4113.1, 20198.0]], "asks": [[4114.45, 32192.0], [4114.55, 1000.0], [4114.75, 5512.0], [4114.8, 17754.0], [4115.0, 3420.0], [4115.05, 4862.0], [4115.1, 5042.0], [4115.2, 9070.0], [4115.25, 105.0], [4115.3, 20235.0], [4115.35, 1599.0], [4115.4, 8705.0], [4115.45, 20007.0], [4115.5, 5042.0], [4115.6, 4115.0], [4115.7, 48363.0], [4115.75, 106.0], [4115.8, 17940.0], [4115.95, 20902.0], [4116.0, 3497.0]]}}}
{"jsonrpc": "2.0", "method": "subscription", "params": {"channel": "book.ETH-PERPETUAL.none.20.100ms", "data": {"timestamp": 1761612126947, "change_id": 93702381029, "instrument_name": "ETH-PERPETUAL", "bids": [[4114.4, 110383.0], [4114.15, 18700.0], [4114.1, 15630.0], [4114.05, 20100.0], [4114.0, 29094.0], [4113.95, 19000.0], [4113.8, 13511.0], [4113.75, 25000.0], [4113.7, 20100.0], [4113.65, 163.0], [4113.6, 6040.0], [4113.55, 20235.0], [4113.35, 54766.0], [4113.3, 5052.0], [4113.25, 38.0], [4113.2, 11367.0], [4113.1, 20198.0], [4113.0, 1057.0], [4112.85, 5042.0], [4112.8, 33108.0]], "asks": [[4114.45, 18508.0], [4114.75, 212.0], [4114.85, 9500.0], [4115.0, 1000.0], [4115.25, 105.0], [4115.35, 1599.0], [4115.4, 5594.0], [4115.55, 5059.0], [4115.6, 20007.0], [4115.65, 22352.0], [4115.7, 53225.0], [4115.75, 106.0], [4115.8, 17940.0], [4115.95, 893.0], [4116.0, 2407.0], [4116.15, 6673.0], [4116.2, 20009.0], [4116.45, 19356.0], [4116.5, 5225.0], [4116.55, 50043.0]]}}}
{"jsonrpc": "2.0", "method": "subscription", "params": {"channel": "book.ETH-PERPETUAL.none.20.100ms", "data": {"timestamp": 1761612127284, "change_id": 93702381854, "instrument_name": "ETH-PERPETUAL", "bids": [[4114.7, 73587.0], [4114.45, 44827.0], [4114.4, 53108.0], [4114.3, 6000.0], [4114.25, 20100.0], [4114.2, 25883.0], [4114.15, 18700.0], [4114.1, 1000.0], [4114.05, 21450.0], [4114.0, 26599.0], [4113.9, 1217.0], [4113.65, 163.0], [4113.6, 6040.0], [4113.55, 20235.0], [4113.5, 2519.0], [4113.35, 4766.0], [4113.3, 5052.0], [4113.25, 38.0], [4113.2, 10150.0], [4113.1, 20198.0]], "asks": [[4114.75, 212.0], [4115.15, 2836.0], [4115.2, 9500.0], [4115.25, 105.0], [4115.4, 7289.0], [4115.45, 1000.0], [4115.5, 20006.0], [4115.55, 5059.0], [4115.65, 23997.0], [4115.7, 53225.0], [4115.75, 106.0], [4115.8, 17940.0], [4115.9, 1522.0], [4115.95, 5008.0], [4116.0, 2407.0], [4116.15, 6673.0], [4116.35, 20009.0], [4116.45, 1572.0], [4116.5, 5225.0], [4116.55, 51134.0]]}}}
{"jsonrpc": "2.0", "method": "subscription", "params": {"channel": "book.ETH-PERPETUAL.none.20.100ms", "data": {"timestamp": 1761612127614, "change_id": 93702383058, "instrument_name": "ETH-PERPETUAL", "bids": [[4115.1, 54919.0], [4114.8, 435.0], [4114.75, 212.0], [4114.7, 25162.0], [4114.65, 1645.0], [4114.5, 12973.0], [4114.45, 20100.0], [4114.4, 19000.0], [4114.3, 6000.0], [4114.25, 40366.0], [4114.05, 1350.0], [4114.0, 26599.0], [4113.9, 9799.0], [4113.85, 20266.0], [4113.65, 163.0], [4113.6, 21477.0], [4113.55, 20235.0], [4113.5, 55068.0], [4113.3, 5052.0], [4113.25, 38.0]], "asks": [[4115.15, 363.0], [4115.25, 105.0], [4115.45, 1000.0], [4115.55, 5972.0], [4115.65, 14385.0], [4115.7, 35175.0], [4115.75, 106.0], [4115.8, 12911.0], [4115.9, 21529.0], [4115.95, 5008.0], [4116.0, 90.0], [4116.15, 6673.0], [4116.2, 20266.0], [4116.35, 9749.0], [4116.4, 34185.0], [4116.45, 20009.0], [4116.5, 5225.0], [4116.55, 51134.0], [4116.75, 17784.0], [4116.8, 2031.0]]}}}
{"jsonrpc": "2.0", "method": "subscription", "params": {"channel": "book.ETH-PERPETUAL.none.20.100ms", "data": {"timestamp": 1761612127878, "change_id": 93702384629, "instrument_name": "ETH-PERPETUAL", "bids": [[4115.2, 99073.0], [4115.15, 5389.0], [4115.1, 24962.0], [4114.85, 6000.0], [4114.8, 20100.0], [4114.75, 8002.0], [4114.7, 20100.0], [4114.65, 1645.0], [4114.5, 12671.0], [4114.45, 20100.0], [4114.4, 46888.0], [4114.35, 25000.0], [4114.25, 20266.0], [4114.2, 50000.0], [4114.05, 2965.0], [4114.0, 6661.0], [4113.95, 8678.0], [4113.9, 7588.0], [4113.85, 20266.0], [4113.8, 23200.0]], "asks": [[4115.25, 105.0], [4115.45, 1000.0], [4115.75, 106.0], [4116.0, 90.0], [4116.05, 3326.0], [4116.1, 9500.0], [4116.15, 1642.0], [4116.3, 15768.0], [4116.35, 20006.0], [4116.4, 21416.0], [4116.5, 5225.0], [4116.55, 43.0], [4116.6, 2531.0], [4116.65, 12022.0], [4116.7, 24382.0], [4116.75, 20009.0], [4116.8, 2031.0], [4116.85, 5023.0], [4117.0, 1781.0], [4117.15, 5309.0]]}}}
{"jsonrpc": "2.0", "method": "subscription", "params": {"channel": "book.ETH-PERPETUAL.none.20.100ms", "data": {"timestamp": 1761612128274, "change_id": 93702386110, "instrument_name": "ETH-PERPETUAL", "bids": [[4115.7, 53287.0], [4115.25, 2361.0], [4115.2, 7200.0], [4114.9, 13049.0], [4114.85, 20266.0], [4114.8, 39725.0], [4114.75, 19000.0], [4114.7, 20100.0], [4114.65, 1645.0], [4114.6, 30062.0], [4114.55, 2485.0], [4114.5, 7587.0], [4114.4, 1217.0], [4114.3, 20201.0], [4114.25, 70266.0], [4114.2, 2280.0], [4114.05, 977.0], [4114.0, 6661.0], [4113.8, 23200.0], [4113.7, 72500.0]], "asks": [[4115.75, 9808.0], [4116.0, 2463.0], [4116.05, 2956.0], [4116.2, 12300.0], [4116.35, 20007.0], [4116.4, 22570.0], [4116.45, 4862.0], [4116.5, 5225.0], [4116.55, 43.0], [4116.6, 2531.0], [4116.65, 7278.0], [4116.7, 24382.0], [4116.8, 8011.0], [4116.85, 5916.0], [4117.0, 21790.0], [4117.05, 18826.0], [4117.1, 14304.0], [4117.15, 35123.0], [4117.25, 29025.0], [4117.3, 50000.0]]}}}
{"jsonrpc": "2.0", "method": "subscription", "params": {"channel": "book.ETH-PERPETUAL.none.20.100ms", "data": {"timestamp": 1761612128610, "change_id": 93702386973, "instrument_name": "ETH-PERPETUAL", "bids": [[4115.7, 80387.0], [4115.6, 979.0], [4115.3, 6614.0], [4115.25, 22957.0], [4115.2, 200.0], [4114.9, 17971.0], [4114.85, 45266.0], [4114.8, 33773.0], [4114.75, 19000.0], [4114.7, 20100.0], [4114.65, 1645.0], [4114.6, 22615.0], [4114.55, 50000.0], [4114.5, 7587.0], [4114.4, 1217.0], [4114.35, 6049.0], [4114.25, 20266.0], [4114.2, 2280.0], [4114.05, 977.0], [4114.0, 6661.0]], "asks": [[4115.75, 17024.0], [4116.0, 90.0], [4116.15, 2836.0], [4116.2, 9500.0], [4116.4, 8224.0], [4116.45, 5862.0], [4116.5, 212.0], [4116.55, 43.0], [4116.6, 2531.0], [4116.65, 6049.0], [4116.7, 20266.0], [4116.75, 20007.0], [4116.8, 2031.0], [4116.85, 5916.0], [4117.0, 1781.0], [4117.05, 18826.0], [4117.1, 14304.0], [4117.15, 34032.0], [4117.2, 25277.0], [4117.25, 5023.0]]}}}
{"jsonrpc": "2.0", "method": "subscription", "params": {"channel": "book.ETH-PERPETUAL.none.20.100ms", "data": {"timestamp": 1761612128940, "change_id": 93702388043, "instrument_name": "ETH-PERPETUAL", "bids": [[4115.7, 113317.0], [4115.6, 979.0], [4115.3, 6614.0], [4115.25, 21312.0], [4115.15, 13134.0], [4115.1, 25000.0], [4115.05, 19000.0], [4114.9, 12049.0], [4114.85, 20266.0], [4114.8, 20100.0], [4114.75, 8979.0], [4114.7, 20100.0], [4114.65, 1645.0], [4114.6, 22615.0], [4114.55, 50000.0], [4114.5, 7587.0], [4114.4, 1217.0], [4114.35, 6049.0], [4114.25, 20266.0], [4114.2, 2280.0]], "asks": [[4115.75, 15417.0], [4116.0, 90.0], [4116.15, 1000.0], [4116.2, 1645.0], [4116.4, 7943.0], [4116.5, 5074.0], [4116.55, 20049.0], [4116.6, 2531.0], [4116.65, 6049.0], [4116.7, 20266.0], [4116.8, 2031.0], [4116.85, 5023.0], [4117.0, 1781.0], [4117.05, 18826.0], [4117.1, 38430.0], [4117.15, 34032.0], [4117.2, 37303.0], [4117.25, 5023.0], [4117.35, 50000.0], [4117.4, 12625.0]]}}}
{"jsonrpc": "2.0", "method": "subscription", "params": {"channel": "book.ETH-PERPETUAL.none.20.100ms", "data": {"timestamp": 1761612129225, "change_id": 93702388719, "instrument_name": "ETH-PERPETUAL", "bids": [[4115.7, 113317.0], [4115.3, 6614.0], [4115.25, 21312.0], [4115.2, 218.0], [4115.15, 13134.0], [4115.1, 25000.0], [4115.05, 19000.0], [4114.9, 12049.0], [4114.85, 20266.0], [4114.8, 20100.0], [4114.75, 8979.0], [4114.7, 20100.0], [4114.65, 1645.0], [4114.6, 22615.0], [4114.55, 50000.0], [4114.5, 7587.0], [4114.4, 1217.0], [4114.35, 6049.0], [4114.25, 20266.0], [4114.2, 2280.0]], "asks": [[4115.75, 9753.0], [4116.0, 90.0], [4116.15, 1000.0], [4116.2, 1645.0], [4116.4, 2283.0], [4116.5, 5074.0], [4116.55, 43.0], [4116.6, 16579.0], [4116.65, 20007.0], [4116.7, 27054.0], [4116.8, 2031.0], [4116.85, 5023.0], [4117.0, 1781.0], [4117.05, 18826.0], [4117.1, 18421.0], [4117.15, 34032.0], [4117.2, 39528.0], [4117.25, 55023.0], [4117.4, 18696.0], [4117.5, 899.0]]}}}
{"jsonrpc": "2.0", "method": "subscription", "params": {"channel": "book.ETH-PERPETUAL.none.20.100ms", "data": {"timestamp": 1761612129548, "change_id": 93702389074, "instrument_name": "ETH-PERPETUAL", "bids": [[4115.7, 113317.0], [4115.6, 234.0], [4115.4, 12361.0], [4115.35, 20100.0], [4115.3, 20100.0], [4115.25, 1212.0], [4115.15, 13134.0], [4115.1, 25000.0], [4115.05, 19000.0], [4114.9, 12049.0], [4114.85, 20266.0], [4114.8, 20100.0], [4114.75, 2979.0], [4114.65, 1645.0], [4114.6, 22615.0], [4114.55, 50000.0], [4114.5, 7587.0], [4114.4, 1217.0], [4114.35, 6049.0], [4114.25, 20266.0]], "asks": [[4115.75, 11366.0], [4116.0, 90.0], [4116.15, 1000.0], [4116.2, 1645.0], [4116.4, 2283.0], [4116.5, 5074.0], [4116.55, 43.0], [4116.6, 13779.0], [4116.7, 20266.0], [4116.8, 22038.0], [4116.85, 5023.0], [4117.0, 1781.0], [4117.05, 18826.0], [4117.1, 18421.0], [4117.15, 34032.0], [4117.2, 39528.0], [4117.25, 5023.0], [4117.35, 50000.0], [4117.4, 18696.0], [4117.5, 899.0]]}}}
{"jsonrpc": "2.0", "method": "subscription", "params": {"channel": "book.ETH-PERPETUAL.none.20.100ms", "data": {"timestamp": 1761612129930, "change_id": 93702389451, "instrument_name": "ETH-PERPETUAL", "bids": [[4115.7, 113317.0], [4115.6, 234.0], [4115.4, 12361.0], [4115.35, 20100.0], [4115.3, 20100.0], [4115.25, 1212.0], [4115.15, 13134.0], [4115.1, 25000.0], [4115.05, 19000.0], [4114.9, 12049.0], [4114.85, 20266.0], [4114.8, 20100.0], [4114.75, 2979.0], [4114.65, 1645.0], [4114.6, 22615.0], [4114.55, 50000.0], [4114.5, 7587.0], [4114.4, 1217.0], [4114.35, 6049.0], [4114.25, 20266.0]], "asks": [[4115.75, 14539.0], [4116.0, 90.0], [4116.1, 3476.0], [4116.15, 10001.0], [4116.2, 1645.0], [4116.4, 2283.0], [4116.5, 5074.0], [4116.55, 43.0], [4116.6, 13779.0], [4116.7, 20266.0], [4116.8, 22038.0], [4116.85, 5023.0], [4117.0, 1781.0], [4117.05, 18826.0], [4117.1, 34313.0], [4117.15, 34032.0], [4117.2, 5268.0], [4117.25, 5023.0], [4117.4, 32845.0], [4117.45, 50000.0]]}}}
{"jsonrpc": "2.0", "method": "subscription", "params": {"channel": "book.ETH-PERPETUAL.none.20.100ms", "data": {"timestamp": 1761612130255, "change_id": 93702389972, "instrument_name": "ETH-PERPETUAL", "bids": [[4115.7, 112817.0], [4115.4, 13118.0], [4115.35, 20100.0], [4115.3, 20100.0], [4115.25, 1212.0], [4115.15, 13134.0], [4115.1, 25000.0], [4115.05, 19000.0], [4114.9, 12049.0], [4114.85, 20266.0], [4114.8, 20100.0], [4114.75, 2979.0], [4114.65, 1645.0], [4114.6, 22615.0], [4114.55, 50000.0], [4114.5, 7587.0], [4114.4, 1217.0], [4114.35, 6049.0], [4114.25, 20266.0], [4114.2, 2280.0]], "asks": [[4115.75, 15031.0], [4116.0, 90.0], [4116.1, 3476.0], [4116.15, 10001.0], [4116.2, 1645.0], [4116.4, 2283.0], [4116.5, 5074.0], [4116.55, 43.0], [4116.6, 13779.0], [4116.65, 20006.0], [4116.7, 20266.0], [4116.8, 2031.0], [4116.85, 5023.0], [4117.0, 1781.0], [4117.05, 22943.0], [4117.1, 34313.0], [4117.15, 34032.0], [4117.2, 19519.0], [4117.25, 5023.0], [4117.35, 50000.0]]}}}
{"jsonrpc": "2.0", "method": "subscription", "params": {"channel": "book.ETH-PERPETUAL.none.20.100ms", "data": {"timestamp": 1761612130592, "change_id": 93702390506, "instrument_name": "ETH-PERPETUAL", "bids": [[4115.7, 92212.0], [4115.25, 212.0], [4114.9, 12049.0], [4114.85, 20266.0], [4114.8, 20100.0], [4114.75, 3979.0], [4114.65, 1645.0], [4114.6, 22615.0], [4114.55, 75000.0], [4114.5, 7587.0], [4114.4, 1217.0], [4114.35, 6049.0], [4114.25, 20266.0], [4114.2, 2280.0], [4114.0, 6661.0], [4113.85, 1228.0], [4113.8, 27313.0], [4113.7, 72500.0], [4113.65, 163.0], [4113.6, 5059.0]], "asks": [[4115.75, 19497.0], [4116.0, 90.0], [4116.1, 3476.0], [4116.15, 10001.0], [4116.2, 1645.0], [4116.4, 7963.0], [4116.5, 212.0], [4116.55, 43.0], [4116.6, 8580.0], [4116.65, 20007.0], [4116.7, 20266.0], [4116.8, 2031.0], [4116.85, 5023.0], [4117.0, 26711.0], [4117.05, 24126.0], [4117.1, 14304.0], [4117.2, 59903.0], [4117.25, 5023.0], [4117.35, 17784.0], [4117.4, 12625.0]]}}}
{"jsonrpc": "2.0", "method": "subscription", "params": {"channel": "book.ETH-PERPETUAL.none.20.100ms", "data": {"timestamp": 1761612130910, "change_id": 93702390903, "instrument_name": "ETH-PERPETUAL", "bids": [[4115.7, 92212.0], [4115.25, 212.0], [4114.9, 12049.0], [4114.85, 20266.0], [4114.8, 28364.0], [4114.75, 20977.0], [4114.65, 1645.0], [4114.6, 22615.0], [4114.55, 75000.0], [4114.5, 7587.0], [4114.4, 1217.0], [4114.35, 6049.0], [4114.25, 20266.0], [4114.2, 2280.0], [4114.0, 6661.0], [4113.85, 1228.0], [4113.8, 27313.0], [4113.7, 72500.0], [4113.65, 163.0], [4113.6, 5059.0]], "asks": [[4115.75, 19593.0], [4116.0, 90.0], [4116.1, 8338.0], [4116.15, 10001.0], [4116.2, 1645.0], [4116.4, 6804.0], [4116.45, 20007.0], [4116.5, 212.0], [4116.55, 43.0], [4116.6, 8580.0], [4116.7, 20266.0], [4116.8, 2031.0], [4116.85, 5023.0], [4116.95, 20009.0], [4117.0, 26711.0], [4117.05, 4117.0], [4117.1, 14304.0], [4117.2, 59903.0], [4117.25, 5023.0], [4117.35, 53117.0]]}}}
{"jsonrpc": "2.0", "method": "subscription", "params": {"channel": "book.ETH-PERPETUAL.none.20.100ms", "data": {"timestamp": 1761612131252, "change_id": 93702392585, "instrument_name": "ETH-PERPETUAL", "bids": [[4115.2, 7070.0], [4114.75, 977.0], [4114.4, 1217.0], [4114.2, 8508.0], [4114.0, 30416.0], [4113.95, 1243.0], [4113.9, 2520.0], [4113.85, 1645.0], [4113.65, 163.0], [4113.6, 5059.0], [4113.35, 2288.0], [4113.3, 5252.0], [4113.25, 38.0], [4113.2, 1599.0], [4113.05, 25000.0], [4113.0, 1057.0], [4112.85, 5042.0], [4112.8, 52008.0], [4112.75, 1665.0], [4112.6, 26716.0]], "asks": [[4115.25, 125387.0], [4115.4, 1000.0], [4115.65, 15284.0], [4115.7, 20100.0], [4115.75, 20306.0], [4116.0, 8705.0], [4116.1, 20284.0], [4116.15, 9001.0], [4116.2, 1645.0], [4116.25, 20009.0], [4116.3, 4116.0], [4116.35, 1512.0], [4116.4, 5064.0], [4116.45, 2532.0], [4116.5, 50212.0], [4116.55, 43.0], [4116.65, 17784.0], [4116.7, 20266.0], [4116.85, 5023.0], [4117.0, 1781.0]]}}}
{"jsonrpc": "2.0", "method": "subscription", "params": {"channel": "book.ETH-PERPETUAL.none.20.100ms", "data": {"timestamp": 1761612131582, "change_id": 93702393690, "instrument_name": "ETH-PERPETUAL", "bids": [[4114.75, 81446.0], [4114.65, 20100.0], [4114.6, 255.0], [4114.2, 8508.0], [4114.0, 30416.0], [4113.95, 1243.0], [4113.9, 2520.0], [4113.85, 1645.0], [4113.65, 163.0], [4113.6, 49059.0], [4113.5, 50000.0], [4113.35, 22558.0], [4113.3, 5052.0], [4113.25, 38.0], [4113.2, 1599.0], [4113.0, 1057.0], [4112.85, 5042.0], [4112.8, 2008.0], [4112.75, 1665.0], [4112.7, 4112.0]], "asks": [[4114.8, 21255.0], [4115.15, 4521.0], [4115.2, 20617.0], [4115.25, 19551.0], [4115.4, 1000.0], [4115.45, 5972.0], [4115.55, 20007.0], [4115.6, 8918.0], [4115.65, 19070.0], [4115.75, 4740.0], [4115.85, 1538.0], [4115.9, 5064.0], [4116.0, 11237.0], [4116.1, 20284.0], [4116.2, 1645.0], [4116.25, 20009.0], [4116.3, 4116.0], [4116.35, 51512.0], [4116.4, 5064.0], [4116.5, 212.0]]}}}
{"jsonrpc": "2.0", "method": "subscription", "params": {"channel": "book.ETH-PERPETUAL.none.20.100ms", "data": {"timestamp": 1761612131914, "change_id": 93702394340, "instrument_name": "ETH-PERPETUAL", "bids": [[4114.75, 86446.0], [4114.65, 20100.0], [4114.6, 255.0], [4114.2, 8508.0], [4114.1, 1000.0], [4114.0, 30416.0], [4113.95, 13514.0], [4113.9, 21520.0], [4113.85, 26645.0], [4113.65, 2890.0], [4113.6, 5059.0], [4113.5, 50000.0], [4113.45, 977.0], [4113.35, 22558.0], [4113.3, 5052.0], [4113.25, 38.0], [4113.2, 1599.0], [4113.0, 1057.0], [4112.85, 5042.0], [4112.8, 2008.0]], "asks": [[4114.8, 22043.0], [4115.1, 1000.0], [4115.2, 12930.0], [4115.25, 4959.0], [4115.4, 34790.0], [4115.45, 20007.0], [4115.5, 4862.0], [4115.6, 5962.0], [4115.65, 19070.0], [4115.75, 106.0], [4115.85, 1538.0], [4115.9, 5064.0], [4116.0, 11237.0], [4116.1, 20284.0], [4116.2, 1645.0], [4116.25, 20009.0], [4116.3, 4116.0], [4116.4, 5064.0], [4116.45, 50000.0], [4116.5, 212.0]]}}}
{"jsonrpc": "2.0", "method": "subscription", "params": {"channel": "book.ETH-PERPETUAL.none.20.100ms", "data": {"timestamp": 1761612132243, "change_id": 93702396075, "instrument_name": "ETH-PERPETUAL", "bids": [[4115.35, 86285.0], [4115.3, 255.0], [4115.25, 212.0], [4115.2, 4862.0], [4114.95, 5554.0], [4114.85, 1000.0], [4114.8, 20100.0], [4114.75, 200.0], [4114.4, 11712.0], [4114.35, 59370.0], [4114.3, 1645.0], [4114.25, 5062.0], [4114.2, 22916.0], [4114.15, 57586.0], [4114.1, 25000.0], [4114.0, 25346.0], [4113.85, 1645.0], [4113.65, 1673.0], [4113.6, 5059.0], [4113.45, 977.0]], "asks": [[4115.4, 27552.0], [4115.6, 1000.0], [4115.75, 106.0], [4115.85, 4186.0], [4115.9, 11400.0], [4116.0, 11237.0], [4116.1, 20284.0], [4116.2, 10201.0], [4116.25, 4862.0], [4116.35, 20007.0], [4116.4, 5064.0], [4116.45, 6127.0], [4116.5, 20482.0], [4116.55, 43.0], [4116.75, 893.0], [4116.8, 20009.0], [4116.85, 5023.0], [4116.95, 1091.0], [4117.0, 1781.0], [4117.15, 17784.0]]}}}
{"jsonrpc": "2.0", "method": "subscription", "params": {"channel": "book.ETH-PERPETUAL.none.20.100ms", "data": {"timestamp": 1761612132559, "change_id": 93702396625, "instrument_name": "ETH-PERPETUAL", "bids": [[4115.55, 49670.0], [4115.25, 212.0], [4115.2, 4862.0], [4114.95, 5554.0], [4114.85, 1000.0], [4114.8, 20100.0], [4114.75, 6248.0], [4114.7, 20262.0], [4114.55, 1218.0], [4114.4, 11712.0], [4114.35, 71855.0], [4114.3, 1645.0], [4114.25, 5062.0], [4114.15, 50000.0], [4114.0, 5062.0], [4113.85, 1645.0], [4113.65, 1673.0], [4113.6, 5059.0], [4113.35, 2288.0], [4113.3, 5052.0]], "asks": [[4115.6, 31063.0], [4115.75, 106.0], [4115.9, 2922.0], [4115.95, 9700.0], [4116.0, 8705.0], [4116.1, 20284.0], [4116.15, 20007.0], [4116.2, 4608.0], [4116.25, 4862.0], [4116.4, 5064.0], [4116.45, 6127.0], [4116.5, 20482.0], [4116.55, 43.0], [4116.6, 4116.0], [4116.75, 893.0], [4116.8, 2531.0], [4116.85, 18127.0], [4117.0, 1781.0], [4117.1, 20009.0], [4117.15, 67784.0]]}}}
{"jsonrpc": "2.0", "method": "subscription", "params": {"channel": "book.ETH-PERPETUAL.none.20.100ms", "data": {"timestamp": 1761612132904, "change_id": 93702398467, "instrument_name": "ETH-PERPETUAL", "bids": [[4114.75, 1090.0], [4114.35, 977.0], [4113.65, 163.0], [4113.6, 1050.0], [4113.55, 2518.0], [4113.4, 9045.0], [4113.35, 20262.0], [4113.3, 5052.0], [4113.25, 38.0], [4113.2, 2599.0], [4113.0, 1057.0], [4112.95, 25327.0], [4112.9, 1505.0], [4112.85, 5042.0], [4112.8, 2008.0], [4112.75, 1665.0], [4112.65, 50000.0], [4112.6, 5062.0], [4112.5, 42.0], [4112.4, 2148.0]], "asks": [[4114.8, 49586.0], [4115.2, 1645.0], [4115.55, 29343.0], [4115.6, 107653.0], [4115.65, 5962.0], [4115.75, 106.0], [4115.85, 12607.0], [4115.9, 5061.0], [4116.0, 11235.0], [4116.1, 20284.0], [4116.15, 17784.0], [4116.2, 1645.0], [4116.4, 5064.0], [4116.5, 212.0], [4116.55, 43.0], [4116.75, 893.0], [4116.8, 2531.0], [4116.85, 5023.0], [4117.0, 1781.0], [4117.25, 6114.0]]}}}
{"jsonrpc": "2.0", "method": "subscription", "params": {"channel": "book.ETH-PERPETUAL.none.20.100ms", "data": {"timestamp": 1761612133234, "change_id": 93702399969, "instrument_name": "ETH-PERPETUAL", "bids": [[4114.15, 56759.0], [4114.1, 5022.0], [4113.85, 5000.0], [4113.65, 20425.0], [4113.6, 1050.0], [4113.55, 2518.0], [4113.4, 9045.0], [4113.35, 20262.0], [4113.3, 10117.0], [4113.25, 38.0], [4113.2, 1599.0], [4113.05, 5987.0], [4113.0, 20057.0], [4112.9, 7361.0], [4112.85, 25304.0], [4112.8, 9214.0], [4112.75, 1665.0], [4112.7, 25000.0], [4112.6, 5062.0], [4112.5, 42.0]], "asks": [[4114.2, 23422.0], [4114.35, 1000.0], [4114.45, 1942.0], [4114.6, 24768.0], [4114.65, 21745.0], [4114.8, 51703.0], [4115.15, 10654.0], [4115.2, 21907.0], [4115.25, 5973.0], [4115.35, 20009.0], [4115.4, 25823.0], [4115.45, 5061.0], [4115.55, 50000.0], [4115.6, 33648.0], [4115.65, 5962.0], [4115.75, 106.0], [4115.8, 6056.0], [4115.85, 12607.0], [4115.9, 5061.0], [4116.0, 90.0]]}}}
{"jsonrpc": "2.0", "method": "subscription", "params": {"channel": "book.ETH-PERPETUAL.none.20.100ms", "data": {"timestamp": 1761612133550, "change_id": 93702400649, "instrument_name": "ETH-PERPETUAL", "bids": [[4114.15, 45859.0], [4114.1, 4862.0], [4113.7, 20100.0], [4113.65, 20425.0], [4113.6, 1050.0], [4113.55, 2518.0], [4113.4, 15200.0], [4113.35, 20262.0], [4113.3, 29117.0], [4113.25, 38.0], [4113.2, 1599.0], [4113.0, 16073.0], [4112.95, 25000.0], [4112.85, 25304.0], [4112.8, 2008.0], [4112.75, 1665.0], [4112.6, 5062.0], [4112.5, 42.0], [4112.45, 14925.0], [4112.4, 51988.0]], "asks": [[4114.2, 40591.0], [4114.35, 4492.0], [4114.4, 11700.0], [4114.45, 16821.0], [4114.55, 53129.0], [4114.6, 12231.0], [4114.8, 15201.0], [4115.15, 10654.0], [4115.2, 28635.0], [4115.25, 20009.0], [4115.4, 25823.0], [4115.45, 5061.0], [4115.55, 50000.0], [4115.6, 32095.0], [4115.65, 42012.0], [4115.75, 1196.0], [4115.8, 6056.0], [4115.85, 12607.0], [4115.9, 5061.0], [4116.0, 90.0]]}}}
{"jsonrpc": "2.0", "method": "subscription", "params": {"channel": "book.ETH-PERPETUAL.none.20.100ms", "data": {"timestamp": 1761612133868, "change_id": 93702401206, "instrument_name": "ETH-PERPETUAL", "bids": [[4114.15, 45859.0], [4114.1, 4862.0], [4113.7, 20100.0], [4113.65, 20425.0], [4113.6, 1050.0], [4113.55, 2518.0], [4113.4, 21875.0], [4113.35, 20262.0], [4113.3, 29117.0], [4113.25, 38.0], [4113.2, 26599.0], [4113.0, 1057.0], [4112.9, 7553.0], [4112.85, 25304.0], [4112.8, 2008.0], [4112.75, 1665.0], [4112.6, 5062.0], [4112.55, 2193.0], [4112.5, 14967.0], [4112.45, 50000.0]], "asks": [[4114.2, 44596.0], [4114.35, 1000.0], [4114.5, 11829.0], [4114.55, 33122.0], [4114.6, 6507.0], [4114.7, 6595.0], [4114.75, 20007.0], [4115.15, 10654.0], [4115.2, 28635.0], [4115.3, 893.0], [4115.35, 20009.0], [4115.4, 19457.0], [4115.45, 5061.0], [4115.55, 50000.0], [4115.6, 14311.0], [4115.65, 42012.0], [4115.75, 18980.0], [4115.8, 6056.0], [4115.85, 12607.0], [4115.9, 5061.0]]}}}
{"jsonrpc": "2.0", "method": "subscription", "params": {"channel": "book.ETH-PERPETUAL.none.20.100ms", "data": {"timestamp": 1761612134222, "change_id": 93702402058, "instrument_name": "ETH-PERPETUAL", "bids": [[4114.15, 48075.0], [4114.1, 4862.0], [4113.7, 20100.0], [4113.65, 20425.0], [4113.6, 1050.0], [4113.55, 2518.0], [4113.4, 21875.0], [4113.35, 20262.0], [4113.3, 29117.0], [4113.25, 38.0], [4113.2, 26599.0], [4113.0, 1057.0], [4112.9, 7553.0], [4112.85, 25304.0], [4112.8, 2008.0], [4112.75, 1665.0], [4112.6, 42295.0], [4112.55, 74693.0], [4112.5, 42.0], [4112.45, 50000.0]], "asks": [[4114.2, 15819.0], [4114.35, 1000.0], [4114.5, 11829.0], [4114.55, 33122.0], [4114.6, 6507.0], [4115.05, 13740.0], [4115.1, 20007.0], [4115.15, 4115.0], [4115.2, 28635.0], [4115.3, 893.0], [4115.4, 39466.0], [4115.45, 5061.0], [4115.55, 50000.0], [4115.6, 14311.0], [4115.65, 42012.0], [4115.75, 18980.0], [4115.8, 6056.0], [4115.85, 12607.0], [4115.9, 5061.0], [4116.0, 90.0]]}}}
{"jsonrpc": "2.0", "method": "subscription", "params": {"channel": "book.ETH-PERPETUAL.none.20.100ms", "data": {"timestamp": 1761612134504, "change_id": 93702402533, "instrument_name": "ETH-PERPETUAL", "bids": [[4114.15, 68175.0], [4114.1, 4862.0], [4113.8, 20100.0], [4113.75, 12097.0], [4113.7, 20100.0], [4113.65, 20425.0], [4113.6, 1050.0], [4113.55, 2518.0], [4113.4, 21875.0], [4113.35, 20262.0], [4113.3, 29117.0], [4113.25, 38.0], [4113.2, 26599.0], [4113.0, 1057.0], [4112.9, 7553.0], [4112.85, 25304.0], [4112.8, 16676.0], [4112.75, 51665.0], [4112.6, 27370.0], [4112.55, 74693.0]], "asks": [[4114.2, 15325.0], [4114.35, 1000.0], [4114.5, 11829.0], [4114.55, 33122.0], [4114.6, 1645.0], [4114.75, 1451.0], [4114.8, 4862.0], [4114.85, 5972.0], [4114.9, 20007.0], [4115.15, 10654.0], [4115.2, 22929.0], [4115.3, 893.0], [4115.4, 19457.0], [4115.45, 5061.0], [4115.55, 50000.0], [4115.6, 34320.0], [4115.65, 42012.0], [4115.75, 1196.0], [4115.8, 9835.0], [4115.85, 12607.0]]}}}
{"jsonrpc": "2.0", "method": "subscription", "params": {"channel": "book.ETH-PERPETUAL.none.20.100ms", "data": {"timestamp": 1761612134890, "change_id": 93702402832, "instrument_name": "ETH-PERPETUAL", "bids": [[4114.15, 68175.0], [4114.1, 4862.0], [4113.8, 20100.0], [4113.75, 12097.0], [4113.7, 20100.0], [4113.65, 20425.0], [4113.6, 1050.0], [4113.55, 2518.0], [4113.4, 21875.0], [4113.35, 20262.0], [4113.3, 29117.0], [4113.25, 38.0], [4113.2, 26599.0], [4113.0, 1057.0], [4112.9, 21513.0], [4112.85, 25304.0], [4112.8, 52008.0], [4112.75, 1665.0], [4112.6, 27370.0], [4112.55, 74693.0]], "asks": [[4114.2, 15324.0], [4114.35, 1000.0], [4114.5, 11829.0], [4114.55, 33122.0], [4114.6, 1645.0], [4114.7, 7238.0], [4114.75, 20007.0], [4114.8, 4862.0], [4115.15, 10654.0], [4115.2, 22929.0], [4115.3, 893.0], [4115.4, 19457.0], [4115.45, 5061.0], [4115.55, 50000.0], [4115.6, 34320.0], [4115.65, 42012.0], [4115.75, 1196.0], [4115.8, 9835.0], [4115.85, 12607.0], [4115.9, 5061.0]]}}}
{"jsonrpc": "2.0", "method": "subscription", "params": {"channel": "book.ETH-PERPETUAL.none.20.100ms", "data": {"timestamp": 1761612135221, "change_id": 93702403528, "instrument_name": "ETH-PERPETUAL", "bids": [[4114.15, 69068.0], [4114.1, 4862.0], [4113.85, 6000.0], [4113.8, 20100.0], [4113.75, 12097.0], [4113.7, 20100.0], [4113.65, 20425.0], [4113.6, 8378.0], [4113.55, 2518.0], [4113.45, 25000.0], [4113.4, 16228.0], [4113.35, 20262.0], [4113.3, 29117.0], [4113.25, 38.0], [4113.2, 1599.0], [4113.0, 1057.0], [4112.9, 21513.0], [4112.85, 75304.0], [4112.8, 2008.0], [4112.75, 1665.0]], "asks": [[4114.2, 15341.0], [4114.35, 1000.0], [4114.5, 11829.0], [4114.55, 33122.0], [4114.75, 1451.0], [4114.8, 4862.0], [4114.95, 5972.0], [4115.0, 20007.0], [4115.05, 7768.0], [4115.15, 4115.0], [4115.2, 22929.0], [4115.3, 893.0], [4115.4, 19457.0], [4115.45, 5061.0], [4115.55, 50000.0], [4115.6, 34320.0], [4115.65, 42012.0], [4115.75, 1196.0], [4115.8, 9835.0], [4115.85, 12607.0]]}}}
{"jsonrpc": "2.0", "method": "subscription", "params": {"channel": "book.ETH-PERPETUAL.none.20.100ms", "data": {"timestamp": 1761612135554, "change_id": 93702403981, "instrument_name": "ETH-PERPETUAL", "bids": [[4114.15, 69068.0], [4114.1, 9862.0], [4113.85, 6000.0], [4113.8, 20100.0], [4113.75, 12097.0], [4113.7, 20100.0], [4113.65, 20425.0], [4113.6, 27378.0], [4113.55, 2518.0], [4113.45, 25000.0], [4113.4, 10557.0], [4113.35, 20262.0], [4113.3, 10117.0], [4113.25, 38.0], [4113.2, 1599.0], [4113.0, 1057.0], [4112.9, 21513.0], [4112.85, 75304.0], [4112.8, 2008.0], [4112.75, 1665.0]], "asks": [[4114.2, 15314.0], [4114.35, 1000.0], [4114.5, 11829.0], [4114.55, 33122.0], [4114.65, 1645.0], [4114.75, 1451.0], [4114.8, 4862.0], [4114.95, 5972.0], [4115.0, 20007.0], [4115.05, 7768.0], [4115.15, 4115.0], [4115.2, 22929.0], [4115.3, 893.0], [4115.4, 2530.0], [4115.45, 5061.0], [4115.55, 6464.0], [4115.6, 47857.0], [4115.65, 92012.0], [4115.75, 1196.0], [4115.8, 9835.0]]}}}
{"jsonrpc": "2.0", "method": "subscription", "params": {"channel": "book.ETH-PERPETUAL.none.20.100ms", "data": {"timestamp": 1761612135879, "change_id": 93702404264, "instrument_name": "ETH-PERPETUAL", "bids": [[4114.15, 66429.0], [4114.1, 9862.0], [4113.85, 6000.0], [4113.8, 20100.0], [4113.75, 12097.0], [4113.7, 20100.0], [4113.65, 20425.0], [4113.6, 27378.0], [4113.55, 2518.0], [4113.45, 25000.0], [4113.4, 10557.0], [4113.35, 20262.0], [4113.3, 10117.0], [4113.25, 38.0], [4113.2, 1599.0], [4113.0, 1057.0], [4112.9, 21513.0], [4112.85, 75304.0], [4112.8, 2008.0], [4112.75, 1665.0]], "asks": [[4114.2, 16487.0], [4114.35, 1000.0], [4114.5, 11829.0], [4114.55, 33122.0], [4114.65, 1645.0], [4114.75, 1451.0], [4114.8, 4862.0], [4114.85, 5972.0], [4115.0, 20007.0], [4115.05, 7768.0], [4115.15, 4115.0], [4115.2, 22929.0], [4115.3, 893.0], [4115.4, 2530.0], [4115.45, 11525.0], [4115.6, 47857.0], [4115.65, 92012.0], [4115.75, 1196.0], [4115.8, 9835.0], [4115.85, 12607.0]]}}}
{"jsonrpc": "2.0", "method": "subscription", "params": {"channel": "book.ETH-PERPETUAL.none.20.100ms", "data": {"timestamp": 1761612136212, "change_id": 93702404919, "instrument_name": "ETH-PERPETUAL", "bids": [[4114.15, 66429.0], [4114.1, 9862.0], [4113.85, 6000.0], [4113.8, 20100.0], [4113.75, 17713.0], [4113.7, 21745.0], [4113.65, 20425.0], [4113.6, 27378.0], [4113.55, 2518.0], [4113.45, 25000.0], [4113.4, 9557.0], [4113.35, 20262.0], [4113.3, 10117.0], [4113.25, 38.0], [4113.2, 1599.0], [4113.0, 1057.0], [4112.95, 22478.0], [4112.9, 50000.0], [4112.85, 25304.0], [4112.8, 2008.0]], "asks": [[4114.2, 4313.0], [4114.5, 11829.0], [4114.55, 44522.0], [4114.85, 1000.0], [4115.05, 12747.0], [4115.1, 20007.0], [4115.15, 4115.0], [4115.2, 22929.0], [4115.3, 893.0], [4115.4, 4532.0], [4115.45, 5061.0], [4115.6, 27848.0], [4115.65, 42012.0], [4115.75, 1196.0], [4115.8, 76065.0], [4115.85, 12607.0], [4115.9, 5061.0], [4116.0, 90.0], [4116.05, 2002.0], [4116.1, 5061.0]]}}}
{"jsonrpc": "2.0", "method": "subscription", "params": {"channel": "book.ETH-PERPETUAL.none.20.100ms", "data": {"timestamp": 1761612136537, "change_id": 93702405363, "instrument_name": "ETH-PERPETUAL", "bids": [[4114.15, 66589.0], [4114.1, 9862.0], [4113.95, 12000.0], [4113.9, 20100.0], [4113.8, 20100.0], [4113.75, 37813.0], [4113.7, 21745.0], [4113.65, 20425.0], [4113.6, 27378.0], [4113.55, 2518.0], [4113.45, 25000.0], [4113.4, 9557.0], [4113.35, 20262.0], [4113.3, 10117.0], [4113.25, 1014.0], [4113.2, 1599.0], [4113.0, 1057.0], [4112.95, 50000.0], [4112.85, 25304.0], [4112.8, 2008.0]], "asks": [[4114.2, 12034.0], [4114.5, 11829.0], [4114.55, 33122.0], [4114.85, 1000.0], [4115.0, 13963.0], [4115.1, 20007.0], [4115.15, 4862.0], [4115.2, 21907.0], [4115.4, 4532.0], [4115.45, 5061.0], [4115.5, 4115.0], [4115.6, 1645.0], [4115.65, 42012.0], [4115.75, 106.0], [4115.8, 26065.0], [4115.85, 12607.0], [4115.9, 5061.0], [4116.0, 90.0], [4116.05, 19786.0], [4116.1, 5061.0]]}}}
{"jsonrpc": "2.0", "method": "subscription", "params": {"channel": "book.ETH-PERPETUAL.none.20.100ms", "data": {"timestamp": 1761612136751, "change_id": 93702405513, "instrument_name": "ETH-PERPETUAL", "bids": [[4114.15, 66589.0], [4114.1, 9862.0], [4113.95, 12000.0], [4113.9, 20100.0], [4113.8, 20100.0], [4113.75, 37813.0], [4113.7, 21745.0], [4113.65, 20425.0], [4113.6, 27378.0], [4113.55, 2518.0], [4113.45, 25000.0], [4113.4, 9557.0], [4113.35, 20262.0], [4113.3, 10117.0], [4113.25, 1014.0], [4113.2, 1599.0], [4113.0, 1057.0], [4112.95, 50000.0], [4112.85, 25304.0], [4112.8, 2008.0]], "asks": [[4114.2, 11442.0], [4114.85, 1000.0], [4115.0, 13963.0], [4115.1, 20007.0], [4115.15, 4862.0], [4115.2, 21907.0], [4115.4, 4532.0], [4115.45, 5061.0], [4115.5, 4115.0], [4115.6, 1645.0], [4115.65, 42012.0], [4115.75, 106.0], [4115.8, 26065.0], [4115.85, 12607.0], [4115.9, 5954.0], [4116.0, 90.0], [4116.05, 19786.0], [4116.1, 5061.0], [4116.15, 50000.0], [4116.2, 1645.0]]}}}
{"jsonrpc": "2.0", "method": "subscription", "params": {"channel": "book.ETH-PERPETUAL.none.20.100ms", "data": {"timestamp": 1761612137186, "change_id": 93702406082, "instrument_name": "ETH-PERPETUAL", "bids": [[4114.15, 66589.0], [4114.1, 9862.0], [4113.95, 12000.0], [4113.9, 20100.0], [4113.8, 20100.0], [4113.75, 37813.0], [4113.7, 21745.0], [4113.65, 20425.0], [4113.6, 27378.0], [4113.55, 2518.0], [4113.45, 25000.0], [4113.4, 9557.0], [4113.35, 20262.0], [4113.3, 10117.0], [4113.25, 1014.0], [4113.2, 1599.0], [4113.0, 1057.0], [4112.95, 50000.0], [4112.85, 25304.0], [4112.8, 2008.0]], "asks": [[4114.2, 11442.0], [4114.8, 6869.0], [4114.85, 18150.0], [4114.95, 4862.0], [4115.0, 13963.0], [4115.15, 20007.0], [4115.2, 21907.0], [4115.4, 4532.0], [4115.45, 5061.0], [4115.5, 4115.0], [4115.6, 20190.0], [4115.65, 42012.0], [4115.75, 106.0], [4115.8, 26065.0], [4115.85, 12607.0], [4115.9, 5954.0], [4116.0, 90.0], [4116.05, 19786.0], [4116.1, 5061.0], [4116.15, 50000.0]]}}}
{"jsonrpc": "2.0", "method": "subscription", "params": {"channel": "book.ETH-PERPETUAL.none.20.100ms", "data": {"timestamp": 1761612137515, "change_id": 93702406446, "instrument_name": "ETH-PERPETUAL", "bids": [[4114.15, 66589.0], [4114.1, 9862.0], [4114.05, 6000.0], [4114.0, 20100.0], [4113.95, 6000.0], [4113.8, 20100.0], [4113.75, 37813.0], [4113.7, 21745.0], [4113.65, 20425.0], [4113.6, 27378.0], [4113.55, 2518.0], [4113.45, 25000.0], [4113.4, 9557.0], [4113.35, 20262.0], [4113.3, 10117.0], [4113.25, 1014.0], [4113.2, 1599.0], [4113.0, 1057.0], [4112.95, 50000.0], [4112.85, 25304.0]], "asks": [[4114.2, 11442.0], [4114.8, 6869.0], [4114.85, 18150.0], [4114.95, 4862.0], [4115.0, 13963.0], [4115.15, 20007.0], [4115.2, 21907.0], [4115.4, 4532.0], [4115.45, 5061.0], [4115.5, 4115.0], [4115.6, 1645.0], [4115.65, 5962.0], [4115.75, 106.0], [4115.8, 26065.0], [4115.85, 12607.0], [4115.9, 5954.0], [4116.0, 90.0], [4116.05, 19786.0], [4116.1, 5061.0], [4116.15, 50000.0]]}}}
{"jsonrpc": "2.0", "method": "subscription", "params": {"channel": "book.ETH-PERPETUAL.none.20.100ms", "data": {"timestamp": 1761612137871, "change_id": 93702406990, "instrument_name": "ETH-PERPETUAL", "bids": [[4114.65, 64592.0], [4114.35, 201.0], [4114.3, 20100.0], [4114.2, 49224.0], [4114.15, 52350.0], [4114.1, 4862.0], [4114.0, 20100.0], [4113.95, 6000.0], [4113.8, 20100.0], [4113.75, 17713.0], [4113.7, 1645.0], [4113.65, 20425.0], [4113.6, 27378.0], [4113.55, 7576.0], [4113.45, 27533.0], [4113.4, 9557.0], [4113.35, 20262.0], [4113.3, 10117.0], [4113.25, 1014.0], [4113.2, 1599.0]], "asks": [[4114.7, 16456.0], [4114.75, 11400.0], [4114.8, 6869.0], [4114.85, 18150.0], [4115.0, 12941.0], [4115.15, 20007.0], [4115.2, 21907.0], [4115.3, 2207.0], [4115.35, 4862.0], [4115.4, 4532.0], [4115.45, 5061.0], [4115.5, 4115.0], [4115.6, 3456.0], [4115.65, 5962.0], [4115.75, 106.0], [4115.8, 6056.0], [4115.85, 12607.0], [4115.9, 5954.0], [4116.0, 20099.0], [4116.05, 39005.0]]}}}
{"jsonrpc": "2.0", "method": "subscription", "params": {"channel": "book.ETH-PERPETUAL.none.20.100ms", "data": {"timestamp": 1761612138201, "change_id": 93702409371, "instrument_name": "ETH-PERPETUAL", "bids": [[4115.2, 41315.0], [4114.85, 212.0], [4114.8, 6101.0], [4114.75, 20100.0], [4114.4, 12538.0], [4114.35, 20258.0], [4114.2, 21744.0], [4114.15, 16605.0], [4114.1, 24058.0], [4114.0, 61107.0], [4113.95, 45258.0], [4113.8, 72500.0], [4113.75, 20245.0], [4113.7, 51645.0], [4113.65, 163.0], [4113.6, 1050.0], [4113.55, 5058.0], [4113.35, 2288.0], [4113.3, 5052.0], [4113.25, 2231.0]], "asks": [[4115.25, 19244.0], [4115.3, 1000.0], [4115.65, 1974.0], [4115.7, 6506.0], [4115.75, 20113.0], [4115.8, 11950.0], [4115.85, 12607.0], [4115.9, 5061.0], [4116.0, 13137.0], [4116.05, 37003.0], [4116.1, 5061.0], [4116.15, 20258.0], [4116.2, 1645.0], [4116.3, 7484.0], [4116.35, 20009.0], [4116.4, 5064.0], [4116.45, 2529.0], [4116.5, 3878.0], [4116.55, 7223.0], [4116.6, 5058.0]]}}}
{"jsonrpc": "2.0", "method": "subscription", "params": {"channel": "book.ETH-PERPETUAL.none.20.100ms", "data": {"timestamp": 1761612138529, "change_id": 93702409914, "instrument_name": "ETH-PERPETUAL", "bids": [[4115.2, 43065.0], [4115.15, 5000.0], [4114.85, 212.0], [4114.4, 18397.0], [4114.35, 20258.0], [4114.2, 46744.0], [4114.15, 10605.0], [4114.1, 24058.0], [4114.0, 41007.0], [4113.95, 71235.0], [4113.8, 72500.0], [4113.7, 1645.0], [4113.65, 163.0], [4113.6, 1050.0], [4113.55, 5058.0], [4113.35, 3295.0], [4113.3, 5052.0], [4113.25, 5368.0], [4113.2, 1599.0], [4113.0, 1057.0]], "asks": [[4115.25, 39471.0], [4115.3, 1000.0], [4115.7, 7648.0], [4115.75, 20113.0], [4115.8, 6056.0], [4115.85, 12607.0], [4115.9, 5061.0], [4116.0, 23489.0], [4116.05, 37003.0], [4116.1, 5061.0], [4116.15, 24374.0], [4116.2, 1645.0], [4116.3, 1512.0], [4116.4, 5064.0], [4116.45, 22538.0], [4116.5, 18334.0], [4116.55, 7223.0], [4116.6, 60367.0], [4116.75, 17784.0], [4116.8, 2031.0]]}}}
{"jsonrpc": "2.0", "method": "subscription", "params": {"channel": "book.ETH-PERPETUAL.none.20.100ms", "data": {"timestamp": 1761612138838, "change_id": 93702410236, "instrument_name": "ETH-PERPETUAL", "bids": [[4115.2, 43065.0], [4115.15, 5000.0], [4114.85, 212.0], [4114.55, 1000.0], [4114.4, 18397.0], [4114.35, 20258.0], [4114.2, 46744.0], [4114.15, 9605.0], [4114.1, 24058.0], [4114.0, 41007.0], [4113.95, 72452.0], [4113.8, 72500.0], [4113.7, 1645.0], [4113.65, 163.0], [4113.6, 1050.0], [4113.55, 5058.0], [4113.35, 3295.0], [4113.3, 5052.0], [4113.25, 4151.0], [4113.2, 1599.0]], "asks": [[4115.25, 44707.0], [4115.3, 1000.0], [4115.65, 4862.0], [4115.7, 7648.0], [4115.75, 27954.0], [4115.8, 6056.0], [4115.85, 12607.0], [4115.9, 5061.0], [4116.0, 23489.0], [4116.05, 37003.0], [4116.1, 5061.0], [4116.15, 24374.0], [4116.2, 1645.0], [4116.3, 7291.0], [4116.35, 20009.0], [4116.4, 5064.0], [4116.45, 2529.0], [4116.5, 3878.0], [4116.55, 7223.0], [4116.6, 24613.0]]}}}
{"jsonrpc": "2.0", "method": "subscription", "params": {"channel": "book.ETH-PERPETUAL.none.20.100ms", "data": {"timestamp": 1761612139177, "change_id": 93702410989, "instrument_name": "ETH-PERPETUAL", "bids": [[4115.2, 43065.0], [4115.15, 5000.0], [4114.85, 212.0], [4114.55, 1000.0], [4114.4, 18397.0], [4114.35, 20258.0], [4114.2, 46744.0], [4114.15, 9605.0], [4114.1, 24058.0], [4114.0, 41007.0], [4113.95, 72452.0], [4113.8, 72500.0], [4113.7, 1645.0], [4113.65, 163.0], [4113.6, 1050.0], [4113.55, 5058.0], [4113.35, 3295.0], [4113.3, 5052.0], [4113.25, 4151.0], [4113.2, 1599.0]], "asks": [[4115.25, 43944.0], [4115.3, 1000.0], [4115.6, 9735.0], [4115.65, 4862.0], [4115.7, 1644.0], [4115.75, 27953.0], [4115.8, 6056.0], [4115.85, 12607.0], [4115.9, 5061.0], [4116.0, 23489.0], [4116.05, 37003.0], [4116.1, 5061.0], [4116.15, 24374.0], [4116.2, 9129.0], [4116.25, 20009.0], [4116.4, 5064.0], [4116.45, 2529.0], [4116.5, 3878.0], [4116.55, 7223.0], [4116.6, 24613.0]]}}}
{"jsonrpc": "2.0", "method": "subscription", "params": {"channel": "book.ETH-PERPETUAL.none.20.100ms", "data": {"timestamp": 1761612139514, "change_id": 93702411601, "instrument_name": "ETH-PERPETUAL", "bids": [[4115.2, 63165.0], [4115.15, 5000.0], [4114.9, 20100.0], [4114.85, 212.0], [4114.55, 1000.0], [4114.4, 18397.0], [4114.35, 20258.0], [4114.2, 46744.0], [4114.15, 9605.0], [4114.1, 24058.0], [4114.0, 41007.0], [4113.95, 72452.0], [4113.8, 72500.0], [4113.7, 1645.0], [4113.65, 163.0], [4113.6, 1050.0], [4113.55, 5058.0], [4113.35, 3295.0], [4113.3, 5052.0], [4113.25, 4151.0]], "asks": [[4115.25, 44144.0], [4115.3, 1000.0], [4115.6, 9735.0], [4115.65, 4862.0], [4115.7, 1644.0], [4115.75, 7947.0], [4115.8, 26063.0], [4115.85, 12607.0], [4115.9, 5061.0], [4116.0, 23489.0], [4116.05, 37003.0], [4116.1, 5061.0], [4116.15, 20258.0], [4116.2, 1645.0], [4116.35, 1512.0], [4116.4, 5064.0], [4116.45, 12231.0], [4116.5, 212.0], [4116.55, 27232.0], [4116.6, 24613.0]]}}}
{"jsonrpc": "2.0", "method": "subscription", "params": {"channel": "book.ETH-PERPETUAL.none.20.100ms", "data": {"timestamp": 1761612139835, "change_id": 93702411831, "instrument_name": "ETH-PERPETUAL", "bids": [[4115.2, 63165.0], [4115.15, 5000.0], [4114.9, 20100.0], [4114.85, 212.0], [4114.55, 1000.0], [4114.4, 18397.0], [4114.35, 20258.0], [4114.2, 46744.0], [4114.15, 9605.0], [4114.1, 24058.0], [4114.0, 41007.0], [4113.95, 72452.0], [4113.8, 72500.0], [4113.7, 1645.0], [4113.65, 163.0], [4113.6, 1050.0], [4113.55, 5058.0], [4113.35, 3295.0], [4113.3, 5052.0], [4113.25, 4151.0]], "asks": [[4115.25, 43582.0], [4115.3, 1000.0], [4115.6, 9735.0], [4115.65, 4862.0], [4115.7, 1644.0], [4115.75, 27953.0], [4115.8, 6056.0], [4115.85, 12607.0], [4115.9, 5061.0], [4116.0, 10442.0], [4116.1, 5061.0], [4116.15, 20258.0], [4116.2, 5761.0], [4116.35, 1512.0], [4116.4, 5064.0], [4116.45, 12231.0], [4116.5, 212.0], [4116.55, 27232.0], [4116.6, 24613.0], [4116.7, 893.0]]}}}
{"jsonrpc": "2.0", "method": "subscription", "params": {"channel": "book.ETH-PERPETUAL.none.20.100ms", "data": {"timestamp": 1761612140164, "change_id": 93702412745, "instrument_name": "ETH-PERPETUAL", "bids": [[4115.2, 63325.0], [4115.15, 5000.0], [4114.95, 6063.0], [4114.9, 20100.0], [4114.85, 212.0], [4114.55, 1000.0], [4114.5, 13134.0], [4114.45, 25000.0], [4114.4, 31538.0], [4114.35, 20258.0], [4114.2, 21744.0], [4114.15, 23162.0], [4114.1, 55058.0], [4114.0, 41007.0], [4113.95, 22452.0], [4113.8, 72500.0], [4113.7, 1645.0], [4113.65, 163.0], [4113.6, 1050.0], [4113.55, 5058.0]], "asks": [[4115.25, 19597.0], [4115.6, 2863.0], [4115.7, 1644.0], [4115.75, 8947.0], [4115.8, 10499.0], [4115.85, 17469.0], [4115.9, 5061.0], [4115.95, 20007.0], [4116.0, 10442.0], [4116.1, 5061.0], [4116.15, 20258.0], [4116.2, 1645.0], [4116.35, 1512.0], [4116.4, 5064.0], [4116.45, 11754.0], [4116.5, 212.0], [4116.55, 27232.0], [4116.6, 34423.0], [4116.7, 893.0], [4116.75, 86249.0]]}}}
{"jsonrpc": "2.0", "method": "subscription", "params": {"channel": "book.ETH-PERPETUAL.none.20.100ms", "data": {"timestamp": 1761612140513, "change_id": 93702413315, "instrument_name": "ETH-PERPETUAL", "bids": [[4115.2, 56700.0], [4115.15, 5000.0], [4115.0, 20100.0], [4114.9, 20100.0], [4114.85, 212.0], [4114.55, 1000.0], [4114.5, 13134.0], [4114.45, 25000.0], [4114.4, 25538.0], [4114.35, 20258.0], [4114.2, 1644.0], [4114.15, 23162.0], [4114.1, 55058.0], [4114.0, 41007.0], [4113.95, 22452.0], [4113.8, 72500.0], [4113.7, 1645.0], [4113.65, 163.0], [4113.6, 1050.0], [4113.55, 5058.0]], "asks": [[4115.25, 24244.0], [4115.6, 2863.0], [4115.7, 1644.0], [4115.75, 8947.0], [4115.8, 10499.0], [4115.85, 37475.0], [4115.9, 5061.0], [4116.0, 10442.0], [4116.1, 5061.0], [4116.15, 20258.0], [4116.2, 1645.0], [4116.3, 7291.0], [4116.4, 25073.0], [4116.45, 6258.0], [4116.5, 212.0], [4116.55, 7223.0], [4116.6, 34423.0], [4116.7, 893.0], [4116.75, 86249.0], [4116.8, 7080.0]]}}}
{"jsonrpc": "2.0", "method": "subscription", "params": {"channel": "book.ETH-PERPETUAL.none.20.100ms", "data": {"timestamp": 1761612140835, "change_id": 93702413612, "instrument_name": "ETH-PERPETUAL", "bids": [[4115.2, 89050.0], [4115.15, 9862.0], [4115.0, 20100.0], [4114.9, 20100.0], [4114.85, 212.0], [4114.55, 1000.0], [4114.5, 13134.0], [4114.45, 25000.0], [4114.4, 25538.0], [4114.35, 20258.0], [4114.2, 1644.0], [4114.15, 23162.0], [4114.1, 55058.0], [4114.0, 41007.0], [4113.95, 22452.0], [4113.8, 72500.0], [4113.7, 1645.0], [4113.65, 163.0], [4113.6, 1050.0], [4113.55, 5058.0]], "asks": [[4115.25, 14331.0], [4115.55, 1451.0], [4115.6, 13629.0], [4115.7, 1644.0], [4115.75, 8947.0], [4115.8, 26063.0], [4115.85, 12607.0], [4115.9, 5061.0], [4116.0, 10442.0], [4116.1, 5061.0], [4116.15, 20258.0], [4116.2, 1645.0], [4116.3, 2740.0], [4116.35, 4116.0], [4116.4, 5064.0], [4116.45, 11754.0], [4116.5, 20220.0], [4116.55, 7223.0], [4116.6, 34423.0], [4116.7, 893.0]]}}}
{"jsonrpc": "2.0", "method": "subscription", "params": {"channel": "book.ETH-PERPETUAL.none.20.100ms", "data": {"timestamp": 1761612141104, "change_id": 93702413911, "instrument_name": "ETH-PERPETUAL", "bids": [[4115.2, 89050.0], [4115.15, 9862.0], [4115.0, 20100.0], [4114.95, 6063.0], [4114.9, 20100.0], [4114.85, 212.0], [4114.55, 1000.0], [4114.5, 13134.0], [4114.45, 25000.0], [4114.4, 25538.0], [4114.35, 20258.0], [4114.2, 1644.0], [4114.15, 23162.0], [4114.1, 55058.0], [4114.0, 41007.0], [4113.95, 22452.0], [4113.8, 72500.0], [4113.7, 1645.0], [4113.65, 163.0], [4113.6, 1050.0]], "asks": [[4115.25, 17151.0], [4115.55, 1451.0], [4115.6, 7725.0], [4115.7, 1644.0], [4115.75, 8947.0], [4115.8, 10499.0], [4115.85, 32614.0], [4115.9, 5061.0], [4116.0, 10442.0], [4116.1, 5061.0], [4116.15, 20258.0], [4116.2, 1645.0], [4116.3, 2740.0], [4116.35, 4116.0], [4116.4, 5064.0], [4116.45, 11754.0], [4116.5, 212.0], [4116.55, 27231.0], [4116.6, 34423.0], [4116.7, 893.0]]}}}
{"jsonrpc": "2.0", "method": "subscription", "params": {"channel": "book.ETH-PERPETUAL.none.20.100ms", "data": {"timestamp": 1761612141459, "change_id": 93702414564, "instrument_name": "ETH-PERPETUAL", "bids": [[4115.2, 56540.0], [4115.15, 9862.0], [4115.0, 20100.0], [4114.95, 6063.0], [4114.9, 20100.0], [4114.85, 212.0], [4114.55, 1000.0], [4114.5, 13134.0], [4114.45, 25000.0], [4114.4, 25538.0], [4114.35, 20258.0], [4114.2, 1644.0], [4114.15, 23162.0], [4114.1, 55058.0], [4114.0, 41007.0], [4113.95, 22452.0], [4113.8, 72500.0], [4113.7, 1645.0], [4113.65, 163.0], [4113.6, 1050.0]], "asks": [[4115.25, 17105.0], [4115.55, 1451.0], [4115.6, 13629.0], [4115.7, 1644.0], [4115.75, 8947.0], [4115.8, 26063.0], [4115.85, 12607.0], [4115.9, 5061.0], [4116.0, 10442.0], [4116.1, 5061.0], [4116.15, 20258.0], [4116.2, 1645.0], [4116.3, 2740.0], [4116.35, 4116.0], [4116.4, 5064.0], [4116.45, 11754.0], [4116.5, 212.0], [4116.55, 27231.0], [4116.6, 34423.0], [4116.7, 893.0]]}}}
{"jsonrpc": "2.0", "method": "subscription", "params": {"channel": "book.ETH-PERPETUAL.none.20.100ms", "data": {"timestamp": 1761612141780, "change_id": 93702414720, "instrument_name": "ETH-PERPETUAL", "bids": [[4115.2, 79350.0], [4115.15, 9862.0], [4115.0, 20100.0], [4114.95, 6063.0], [4114.9, 20100.0], [4114.85, 212.0], [4114.55, 1000.0], [4114.5, 13134.0], [4114.45, 25000.0], [4114.4, 25538.0], [4114.35, 20258.0], [4114.2, 1644.0], [4114.15, 23162.0], [4114.1, 55058.0], [4114.0, 41007.0], [4113.95, 22452.0], [4113.8, 72500.0], [4113.7, 1645.0], [4113.65, 163.0], [4113.6, 1050.0]], "asks": [[4115.25, 17149.0], [4115.55, 1451.0], [4115.6, 13629.0], [4115.7, 1644.0], [4115.75, 8947.0], [4115.8, 26063.0], [4115.85, 12607.0], [4115.9, 5061.0], [4116.0, 10442.0], [4116.1, 5061.0], [4116.15, 20258.0], [4116.2, 1645.0], [4116.4, 5064.0], [4116.45, 6258.0], [4116.5, 212.0], [4116.55, 27231.0], [4116.6, 34423.0], [4116.7, 893.0], [4116.75, 86249.0], [4116.8, 7080.0]]}}}
{"jsonrpc": "2.0", "method": "subscription", "params": {"channel": "book.ETH-PERPETUAL.none.20.100ms", "data": {"timestamp": 1761612142164, "change_id": 93702415251, "instrument_name": "ETH-PERPETUAL", "bids": [[4115.2, 79350.0], [4115.15, 9862.0], [4115.0, 20100.0], [4114.95, 6063.0], [4114.9, 20100.0], [4114.85, 212.0], [4114.55, 1000.0], [4114.5, 13134.0], [4114.45, 25000.0], [4114.4, 25538.0], [4114.35, 20258.0], [4114.2, 1644.0], [4114.15, 23162.0], [4114.1, 55058.0], [4114.0, 41007.0], [4113.95, 22452.0], [4113.8, 72500.0], [4113.7, 1645.0], [4113.65, 163.0], [4113.6, 1050.0]], "asks": [[4115.25, 11400.0], [4115.6, 2863.0], [4115.7, 1644.0], [4115.75, 8947.0], [4115.8, 6056.0], [4115.85, 24869.0], [4115.9, 5061.0], [4116.0, 10442.0], [4116.1, 5061.0], [4116.15, 20258.0], [4116.2, 1645.0], [4116.35, 1512.0], [4116.4, 5064.0], [4116.45, 10374.0], [4116.5, 212.0], [4116.55, 7223.0], [4116.6, 5058.0], [4116.7, 20901.0], [4116.75, 50000.0], [4116.8, 2031.0]]}}}
{"jsonrpc": "2.0", "method": "subscription", "params": {"channel": "book.ETH-PERPETUAL.none.20.100ms", "data": {"timestamp": 1761612142492, "change_id": 93702415660, "instrument_name": "ETH-PERPETUAL", "bids": [[4115.2, 79400.0], [4115.15, 9862.0], [4115.0, 20100.0], [4114.95, 6063.0], [4114.9, 20100.0], [4114.85, 212.0], [4114.55, 1000.0], [4114.5, 13134.0], [4114.45, 25000.0], [4114.4, 25538.0], [4114.35, 20258.0], [4114.2, 1644.0], [4114.15, 23162.0], [4114.1, 55058.0], [4114.0, 41007.0], [4113.95, 22452.0], [4113.8, 72500.0], [4113.7, 1645.0], [4113.65, 163.0], [4113.6, 1050.0]], "asks": [[4115.25, 14322.0], [4115.6, 8767.0], [4115.7, 1644.0], [4115.75, 21113.0], [4115.8, 2989.0], [4115.85, 4862.0], [4115.9, 5061.0], [4116.0, 10442.0], [4116.1, 5061.0], [4116.15, 20258.0], [4116.2, 1645.0], [4116.35, 1512.0], [4116.4, 5064.0], [4116.45, 10374.0], [4116.5, 212.0], [4116.55, 7223.0], [4116.6, 5058.0], [4116.7, 20901.0], [4116.75, 50000.0], [4116.8, 2031.0]]}}}
{"jsonrpc": "2.0", "method": "subscription", "params": {"channel": "book.ETH-PERPETUAL.none.20.100ms", "data": {"timestamp": 1761612142827, "change_id": 93702415921, "instrument_name": "ETH-PERPETUAL", "bids": [[4115.2, 56540.0], [4115.15, 9862.0], [4115.0, 20100.0], [4114.95, 6063.0], [4114.9, 20100.0], [4114.85, 212.0], [4114.55, 1000.0], [4114.5, 13134.0], [4114.45, 25000.0], [4114.4, 25538.0], [4114.35, 20258.0], [4114.2, 1644.0], [4114.15, 73162.0], [4114.1, 5058.0], [4114.0, 41007.0], [4113.95, 22452.0], [4113.8, 72500.0], [4113.7, 1645.0], [4113.65, 163.0], [4113.6, 1050.0]], "asks": [[4115.25, 17201.0], [4115.45, 1115.0], [4115.5, 3734.0], [4115.7, 1644.0], [4115.75, 7078.0], [4115.8, 22996.0], [4115.85, 4862.0], [4115.9, 5061.0], [4116.0, 10442.0], [4116.1, 5061.0], [4116.15, 20258.0], [4116.2, 1645.0], [4116.35, 1512.0], [4116.4, 5064.0], [4116.45, 10374.0], [4116.5, 212.0], [4116.55, 27231.0], [4116.6, 5058.0], [4116.7, 893.0], [4116.75, 50000.0]]}}}
{"jsonrpc": "2.0", "method": "subscription", "params": {"channel": "book.ETH-PERPETUAL.none.20.100ms", "data": {"timestamp": 1761612143117, "change_id": 93702416327, "instrument_name": "ETH-PERPETUAL", "bids": [[4115.2, 47860.0], [4115.15, 4862.0], [4115.0, 20100.0], [4114.85, 212.0], [4114.55, 1000.0], [4114.5, 13134.0], [4114.45, 25000.0], [4114.4, 25538.0], [4114.35, 20258.0], [4114.2, 20342.0], [4114.15, 51350.0], [4114.1, 5058.0], [4114.0, 41007.0], [4113.95, 22452.0], [4113.8, 72500.0], [4113.7, 1645.0], [4113.65, 163.0], [4113.6, 1050.0], [4113.55, 5058.0], [4113.35, 3295.0]], "asks": [[4115.25, 14323.0], [4115.35, 1000.0], [4115.45, 1115.0], [4115.5, 3734.0], [4115.7, 7946.0], [4115.75, 20112.0], [4115.8, 2989.0], [4115.85, 4862.0], [4115.9, 5061.0], [4116.0, 10442.0], [4116.1, 5061.0], [4116.15, 20258.0], [4116.2, 1645.0], [4116.35, 21520.0], [4116.4, 9180.0], [4116.45, 6258.0], [4116.5, 212.0], [4116.55, 7223.0], [4116.6, 5058.0], [4116.65, 20500.0]]}}}
{"jsonrpc": "2.0", "method": "subscription", "params": {"channel": "book.ETH-PERPETUAL.none.20.100ms", "data": {"timestamp": 1761612143399, "change_id": 93702416771, "instrument_name": "ETH-PERPETUAL", "bids": [[4115.2, 56540.0], [4115.15, 4862.0], [4114.85, 212.0], [4114.55, 1000.0], [4114.5, 13134.0], [4114.45, 25000.0], [4114.4, 25538.0], [4114.35, 20258.0], [4114.2, 20342.0], [4114.15, 51350.0], [4114.1, 5058.0], [4114.0, 41007.0], [4113.95, 22452.0], [4113.8, 72500.0], [4113.7, 1645.0], [4113.65, 163.0], [4113.6, 1050.0], [4113.55, 5058.0], [4113.35, 3295.0], [4113.3, 5052.0]], "asks": [[4115.25, 14325.0], [4115.35, 1000.0], [4115.45, 1115.0], [4115.5, 3734.0], [4115.6, 12494.0], [4115.65, 20100.0], [4115.7, 1644.0], [4115.75, 20112.0], [4115.8, 2989.0], [4115.85, 4862.0], [4115.9, 5061.0], [4116.0, 10442.0], [4116.1, 5061.0], [4116.15, 20258.0], [4116.2, 1645.0], [4116.35, 21520.0], [4116.4, 9180.0], [4116.45, 6258.0], [4116.5, 212.0], [4116.55, 7223.0]]}}}
{"jsonrpc": "2.0", "method": "subscription", "params": {"channel": "book.ETH-PERPETUAL.none.20.100ms", "data": {"timestamp": 1761612143817, "change_id": 93702417133, "instrument_name": "ETH-PERPETUAL", "bids": [[4115.2, 13769.0], [4115.15, 4862.0], [4114.85, 212.0], [4114.55, 1000.0], [4114.5, 13134.0], [4114.45, 25000.0], [4114.4, 25538.0], [4114.35, 20258.0], [4114.2, 20342.0], [4114.15, 51350.0], [4114.1, 5058.0], [4114.0, 41007.0], [4113.95, 22452.0], [4113.8, 72500.0], [4113.7, 1645.0], [4113.65, 163.0], [4113.6, 1050.0], [4113.55, 5058.0], [4113.35, 3295.0], [4113.3, 5052.0]], "asks": [[4115.25, 29338.0], [4115.35, 1000.0], [4115.45, 1115.0], [4115.5, 3734.0], [4115.6, 12494.0], [4115.65, 20100.0], [4115.7, 1644.0], [4115.75, 20112.0], [4115.8, 2989.0], [4115.85, 4862.0], [4115.9, 5061.0], [4116.0, 10442.0], [4116.1, 5061.0], [4116.15, 20258.0], [4116.2, 1645.0], [4116.35, 1512.0], [4116.4, 29188.0], [4116.45, 6258.0], [4116.5, 212.0], [4116.55, 7223.0]]}}}
{"jsonrpc": "2.0", "method": "subscription", "params": {"channel": "book.ETH-PERPETUAL.none.20.100ms", "data": {"timestamp": 1761612144112, "change_id": 93702417516, "instrument_name": "ETH-PERPETUAL", "bids": [[4115.2, 13769.0], [4115.15, 4862.0], [4114.85, 212.0], [4114.55, 1000.0], [4114.4, 6538.0], [4114.35, 20258.0], [4114.2, 31489.0], [4114.15, 76350.0], [4114.1, 5058.0], [4114.0, 60007.0], [4113.95, 22452.0], [4113.8, 72500.0], [4113.7, 1645.0], [4113.65, 163.0], [4113.6, 1050.0], [4113.55, 5058.0], [4113.35, 2288.0], [4113.3, 5052.0], [4113.25, 38.0], [4113.2, 1599.0]], "asks": [[4115.25, 26437.0], [4115.35, 1000.0], [4115.45, 7087.0], [4115.5, 3734.0], [4115.6, 26529.0], [4115.65, 24962.0], [4115.7, 1644.0], [4115.75, 106.0], [4115.8, 1538.0], [4115.9, 5061.0], [4116.0, 10442.0], [4116.1, 5061.0], [4116.15, 20258.0], [4116.2, 1645.0], [4116.35, 8519.0], [4116.4, 25072.0], [4116.45, 6258.0], [4116.5, 212.0], [4116.55, 7223.0], [4116.6, 5058.0]]}}}
{"jsonrpc": "2.0", "method": "subscription", "params": {"channel": "book.ETH-PERPETUAL.none.20.100ms", "data": {"timestamp": 1761612144442, "change_id": 93702418107, "instrument_name": "ETH-PERPETUAL", "bids": [[4115.2, 22369.0], [4115.15, 4862.0], [4114.85, 212.0], [4114.55, 1000.0], [4114.4, 6538.0], [4114.35, 20258.0], [4114.2, 31489.0], [4114.15, 76350.0], [4114.1, 5058.0], [4114.0, 60007.0], [4113.95, 22452.0], [4113.8, 72500.0], [4113.7, 1645.0], [4113.65, 163.0], [4113.6, 1050.0], [4113.55, 5058.0], [4113.35, 2288.0], [4113.3, 5052.0], [4113.25, 38.0], [4113.2, 5712.0]], "asks": [[4115.25, 26766.0], [4115.35, 1000.0], [4115.4, 10800.0], [4115.45, 7087.0], [4115.5, 3734.0], [4115.55, 20007.0], [4115.6, 6522.0], [4115.65, 24962.0], [4115.7, 1644.0], [4115.75, 106.0], [4115.8, 1538.0], [4115.9, 5061.0], [4116.0, 10442.0], [4116.1, 5061.0], [4116.15, 20258.0], [4116.2, 5761.0], [4116.35, 21520.0], [4116.4, 5064.0], [4116.45, 6258.0], [4116.5, 212.0]]}}}
{"jsonrpc": "2.0", "method": "subscription", "params": {"channel": "book.ETH-PERPETUAL.none.20.100ms", "data": {"timestamp": 1761612144811, "change_id": 93702418329, "instrument_name": "ETH-PERPETUAL", "bids": [[4115.2, 23715.0], [4115.15, 9862.0], [4114.85, 212.0], [4114.55, 1000.0], [4114.4, 6538.0], [4114.35, 20258.0], [4114.2, 31489.0], [4114.15, 76350.0], [4114.1, 5058.0], [4114.0, 60007.0], [4113.95, 22452.0], [4113.8, 72500.0], [4113.7, 1645.0], [4113.65, 163.0], [4113.6, 1050.0], [4113.55, 5058.0], [4113.35, 2288.0], [4113.3, 5052.0], [4113.25, 38.0], [4113.2, 5712.0]], "asks": [[4115.25, 15107.0], [4115.35, 1000.0], [4115.45, 1115.0], [4115.5, 3734.0], [4115.6, 1974.0], [4115.65, 4862.0], [4115.7, 1644.0], [4115.75, 20113.0], [4115.8, 1538.0], [4115.9, 5061.0], [4116.0, 10442.0], [4116.1, 5061.0], [4116.15, 20258.0], [4116.2, 5761.0], [4116.35, 1512.0], [4116.4, 25072.0], [4116.45, 6258.0], [4116.5, 212.0], [4116.55, 7223.0], [4116.6, 40655.0]]}}}
{"jsonrpc": "2.0", "method": "subscription", "params": {"channel": "book.ETH-PERPETUAL.none.20.100ms", "data": {"timestamp": 1761612145120, "change_id": 93702418705, "instrument_name": "ETH-PERPETUAL", "bids": [[4115.2, 34555.0], [4115.15, 9862.0], [4114.85, 212.0], [4114.55, 1000.0], [4114.4, 6538.0], [4114.35, 20258.0], [4114.2, 31489.0], [4114.15, 76350.0], [4114.1, 5058.0], [4114.0, 60007.0], [4113.95, 22452.0], [4113.8, 72500.0], [4113.7, 1645.0], [4113.65, 163.0], [4113.6, 1050.0], [4113.55, 5058.0], [4113.35, 2288.0], [4113.3, 5052.0], [4113.25, 38.0], [4113.2, 5712.0]], "asks": [[4115.25, 18564.0], [4115.35, 1000.0], [4115.45, 6944.0], [4115.5, 3734.0], [4115.6, 21981.0], [4115.65, 4862.0], [4115.7, 1644.0], [4115.75, 106.0], [4115.8, 1538.0], [4115.9, 5061.0], [4116.0, 10442.0], [4116.1, 5061.0], [4116.15, 20258.0], [4116.2, 5761.0], [4116.35, 1512.0], [4116.4, 25072.0], [4116.45, 16407.0], [4116.5, 212.0], [4116.55, 7223.0], [4116.6, 40655.0]]}}}
{"jsonrpc": "2.0", "method": "subscription", "params": {"channel": "book.ETH-PERPETUAL.none.20.100ms", "data": {"timestamp": 1761612145462, "change_id": 93702419211, "instrument_name": "ETH-PERPETUAL", "bids": [[4115.2, 46055.0], [4115.15, 9862.0], [4114.85, 212.0], [4114.55, 1000.0], [4114.4, 6538.0], [4114.35, 20258.0], [4114.2, 31489.0], [4114.15, 76350.0], [4114.1, 5058.0], [4114.0, 60007.0], [4113.95, 22452.0], [4113.8, 72500.0], [4113.7, 1645.0], [4113.65, 163.0], [4113.6, 1050.0], [4113.55, 5058.0], [4113.35, 2288.0], [4113.3, 5052.0], [4113.25, 4151.0], [4113.2, 1599.0]], "asks": [[4115.25, 18564.0], [4115.35, 1000.0], [4115.45, 10451.0], [4115.5, 3734.0], [4115.6, 35381.0], [4115.65, 4862.0], [4115.7, 1644.0], [4115.75, 106.0], [4115.8, 1538.0], [4115.9, 5061.0], [4116.0, 10442.0], [4116.1, 5061.0], [4116.15, 20258.0], [4116.2, 5761.0], [4116.35, 1512.0], [4116.4, 25072.0], [4116.45, 16407.0], [4116.5, 212.0], [4116.55, 7223.0], [4116.6, 40655.0]]}}}
{"jsonrpc": "2.0", "method": "subscription", "params": {"channel": "book.ETH-PERPETUAL.none.20.100ms", "data": {"timestamp": 1761612145803, "change_id": 93702419429, "instrument_name": "ETH-PERPETUAL", "bids": [[4115.2, 45745.0], [4115.15, 5000.0], [4114.95, 5773.0], [4114.85, 212.0], [4114.55, 1000.0], [4114.4, 6538.0], [4114.35, 20258.0], [4114.2, 31489.0], [4114.15, 76350.0], [4114.1, 5058.0], [4114.0, 60007.0], [4113.95, 22452.0], [4113.8, 72500.0], [4113.7, 1645.0], [4113.65, 163.0], [4113.6, 1050.0], [4113.55, 5058.0], [4113.35, 2288.0], [4113.3, 5052.0], [4113.25, 4151.0]], "asks": [[4115.25, 15102.0], [4115.35, 1000.0], [4115.45, 5114.0], [4115.5, 3734.0], [4115.6, 15374.0], [4115.7, 1644.0], [4115.75, 106.0], [4115.8, 8841.0], [4115.85, 25780.0], [4115.9, 5061.0], [4116.0, 10442.0], [4116.1, 5061.0], [4116.15, 20258.0], [4116.2, 5761.0], [4116.35, 1512.0], [4116.4, 25072.0], [4116.45, 16407.0], [4116.5, 212.0], [4116.55, 7223.0], [4116.6, 40655.0]]}}}
{"jsonrpc": "2.0", "method": "subscription", "params": {"channel": "book.ETH-PERPETUAL.none.20.100ms", "data": {"timestamp": 1761612146073, "change_id": 93702419727, "instrument_name": "ETH-PERPETUAL", "bids": [[4115.2, 35215.0], [4115.15, 5000.0], [4114.95, 5773.0], [4114.85, 212.0], [4114.55, 1000.0], [4114.4, 6538.0], [4114.35, 20258.0], [4114.2, 31489.0], [4114.15, 76350.0], [4114.1, 5058.0], [4114.0, 60007.0], [4113.95, 22452.0], [4113.8, 72500.0], [4113.7, 1645.0], [4113.65, 163.0], [4113.6, 1050.0], [4113.55, 5058.0], [4113.35, 2288.0], [4113.3, 5052.0], [4113.25, 4151.0]], "asks": [[4115.25, 15104.0], [4115.35, 1000.0], [4115.45, 5114.0], [4115.5, 3734.0], [4115.6, 19642.0], [4115.7, 1644.0], [4115.75, 20113.0], [4115.8, 3261.0], [4115.85, 5773.0], [4115.9, 5061.0], [4116.0, 10442.0], [4116.1, 5061.0], [4116.15, 20258.0], [4116.2, 5761.0], [4116.35, 7291.0], [4116.4, 25072.0], [4116.45, 16407.0], [4116.5, 212.0], [4116.55, 7223.0], [4116.6, 40655.0]]}}}
{"jsonrpc": "2.0", "method": "subscription", "params": {"channel": "book.ETH-PERPETUAL.none.20.100ms", "data": {"timestamp": 1761612146422, "change_id": 93702420280, "instrument_name": "ETH-PERPETUAL", "bids": [[4115.2, 46205.0], [4115.15, 5000.0], [4114.95, 5773.0], [4114.9, 20100.0], [4114.85, 212.0], [4114.55, 1000.0], [4114.4, 6538.0], [4114.35, 20258.0], [4114.2, 31489.0], [4114.15, 76350.0], [4114.1, 5058.0], [4114.0, 60007.0], [4113.95, 22452.0], [4113.8, 72500.0], [4113.7, 1645.0], [4113.65, 163.0], [4113.6, 1050.0], [4113.55, 5058.0], [4113.35, 2288.0], [4113.3, 5052.0]], "asks": [[4115.25, 15103.0], [4115.35, 1000.0], [4115.45, 1115.0], [4115.5, 3734.0], [4115.6, 6242.0], [4115.7, 1644.0], [4115.75, 20113.0], [4115.8, 3261.0], [4115.85, 5773.0], [4115.9, 5061.0], [4116.0, 10442.0], [4116.1, 5061.0], [4116.15, 20258.0], [4116.2, 1645.0], [4116.35, 21520.0], [4116.4, 5064.0], [4116.45, 16407.0], [4116.5, 212.0], [4116.55, 7223.0], [4116.6, 40655.0]]}}}
{"jsonrpc": "2.0", "method": "subscription", "params": {"channel": "book.ETH-PERPETUAL.none.20.100ms", "data": {"timestamp": 1761612146794, "change_id": 93702420519, "instrument_name": "ETH-PERPETUAL", "bids": [[4115.2, 35215.0], [4115.15, 5000.0], [4115.0, 7786.0], [4114.95, 5773.0], [4114.9, 20100.0], [4114.85, 212.0], [4114.55, 1000.0], [4114.4, 11373.0], [4114.35, 20258.0], [4114.3, 19000.0], [4114.2, 31489.0], [4114.15, 76350.0], [4114.1, 5058.0], [4114.0, 41007.0], [4113.95, 22452.0], [4113.8, 72500.0], [4113.7, 1645.0], [4113.65, 163.0], [4113.6, 1050.0], [4113.55, 5058.0]], "asks": [[4115.25, 11643.0], [4115.35, 1000.0], [4115.45, 1115.0], [4115.5, 3734.0], [4115.7, 1644.0], [4115.75, 106.0], [4115.8, 8816.0], [4115.85, 5773.0], [4115.9, 5061.0], [4115.95, 20007.0], [4116.0, 10442.0], [4116.1, 5061.0], [4116.15, 20258.0], [4116.2, 1645.0], [4116.35, 1512.0], [4116.4, 5064.0], [4116.45, 6258.0], [4116.5, 20220.0], [4116.55, 7223.0], [4116.6, 5058.0]]}}}
{"jsonrpc": "2.0", "method": "subscription", "params": {"channel": "book.ETH-PERPETUAL.none.20.100ms", "data": {"timestamp": 1761612147124, "change_id": 93702420915, "instrument_name": "ETH-PERPETUAL", "bids": [[4115.2, 46145.0], [4115.15, 5000.0], [4115.0, 7786.0], [4114.95, 5773.0], [4114.9, 20100.0], [4114.85, 212.0], [4114.55, 1000.0], [4114.45, 7463.0], [4114.4, 36373.0], [4114.35, 20258.0], [4114.3, 19000.0], [4114.2, 20342.0], [4114.15, 51350.0], [4114.1, 5058.0], [4114.0, 41007.0], [4113.95, 22452.0], [4113.8, 72500.0], [4113.7, 1645.0], [4113.65, 163.0], [4113.6, 1050.0]], "asks": [[4115.25, 18592.0], [4115.35, 1000.0], [4115.45, 1115.0], [4115.5, 3734.0], [4115.7, 7648.0], [4115.75, 20113.0], [4115.8, 3261.0], [4115.85, 5773.0], [4115.9, 5061.0], [4116.0, 10442.0], [4116.1, 5061.0], [4116.15, 20258.0], [4116.2, 1645.0], [4116.35, 7291.0], [4116.4, 25072.0], [4116.45, 10374.0], [4116.5, 212.0], [4116.55, 7223.0], [4116.6, 5058.0], [4116.7, 893.0]]}}}
{"jsonrpc": "2.0", "method": "subscription", "params": {"channel": "book.ETH-PERPETUAL.none.20.100ms", "data": {"timestamp": 1761612147403, "change_id": 93702421336, "instrument_name": "ETH-PERPETUAL", "bids": [[4115.2, 46145.0], [4115.15, 5000.0], [4115.05, 20100.0], [4115.0, 7786.0], [4114.95, 5773.0], [4114.9, 20100.0], [4114.85, 212.0], [4114.65, 5672.0], [4114.6, 19000.0], [4114.55, 1000.0], [4114.45, 7463.0], [4114.4, 31538.0], [4114.35, 20258.0], [4114.2, 20342.0], [4114.15, 51350.0], [4114.1, 5058.0], [4114.0, 41007.0], [4113.95, 22452.0], [4113.8, 72500.0], [4113.7, 1645.0]], "asks": [[4115.25, 18584.0], [4115.35, 1000.0], [4115.45, 1115.0], [4115.5, 3734.0], [4115.7, 7648.0], [4115.75, 20113.0], [4115.8, 3261.0], [4115.85, 5773.0], [4115.9, 5061.0], [4116.0, 10442.0], [4116.1, 5061.0], [4116.15, 20258.0], [4116.2, 1645.0], [4116.35, 1512.0], [4116.4, 25072.0], [4116.45, 10374.0], [4116.5, 212.0], [4116.55, 7223.0], [4116.6, 5058.0], [4116.7, 893.0]]}}}
{"jsonrpc": "2.0", "method": "subscription", "params": {"channel": "book.ETH-PERPETUAL.none.20.100ms", "data": {"timestamp": 1761612147718, "change_id": 93702421511, "instrument_name": "ETH-PERPETUAL", "bids": [[4115.2, 56277.0], [4115.15, 5000.0], [4115.05, 20100.0], [4115.0, 7786.0], [4114.95, 5773.0], [4114.9, 20100.0], [4114.85, 212.0], [4114.65, 5672.0], [4114.6, 19000.0], [4114.55, 1000.0], [4114.45, 7463.0], [4114.4, 31538.0], [4114.35, 20258.0], [4114.2, 20342.0], [4114.15, 51350.0], [4114.1, 5058.0], [4114.0, 41007.0], [4113.95, 22452.0], [4113.8, 72500.0], [4113.7, 1645.0]], "asks": [[4115.25, 15114.0], [4115.35, 1000.0], [4115.45, 1115.0], [4115.5, 3734.0], [4115.7, 7648.0], [4115.75, 20113.0], [4115.8, 3261.0], [4115.85, 5773.0], [4115.9, 5061.0], [4116.0, 10442.0], [4116.1, 5061.0], [4116.15, 20258.0], [4116.2, 1645.0], [4116.35, 1512.0], [4116.4, 5064.0], [4116.45, 10374.0], [4116.5, 20220.0], [4116.55, 7223.0], [4116.6, 5058.0], [4116.7, 893.0]]}}}
{"jsonrpc": "2.0", "method": "subscription", "params": {"channel": "book.ETH-PERPETUAL.none.20.100ms", "data": {"timestamp": 1761612148085, "change_id": 93702421899, "instrument_name": "ETH-PERPETUAL", "bids": [[4115.2, 67035.0], [4115.15, 5000.0], [4115.05, 20100.0], [4115.0, 7786.0], [4114.95, 5773.0], [4114.9, 20100.0], [4114.85, 212.0], [4114.65, 5672.0], [4114.6, 19000.0], [4114.55, 1000.0], [4114.45, 7463.0], [4114.4, 31538.0], [4114.35, 20258.0], [4114.2, 20342.0], [4114.15, 51350.0], [4114.1, 5058.0], [4114.0, 41007.0], [4113.95, 22452.0], [4113.8, 72500.0], [4113.7, 1645.0]], "asks": [[4115.25, 15294.0], [4115.35, 1000.0], [4115.45, 1115.0], [4115.5, 3734.0], [4115.6, 6494.0], [4115.7, 1644.0], [4115.75, 20113.0], [4115.8, 3261.0], [4115.85, 5773.0], [4115.9, 5061.0], [4116.0, 10442.0], [4116.1, 5061.0], [4116.15, 20258.0], [4116.2, 1645.0], [4116.35, 1512.0], [4116.4, 5064.0], [4116.45, 10374.0], [4116.5, 20220.0], [4116.55, 7223.0], [4116.6, 5058.0]]}}}
{"jsonrpc": "2.0", "method": "subscription", "params": {"channel": "book.ETH-PERPETUAL.none.20.100ms", "data": {"timestamp": 1761612148404, "change_id": 93702422479, "instrument_name": "ETH-PERPETUAL", "bids": [[4115.2, 55595.0], [4115.15, 5000.0], [4115.05, 20100.0], [4115.0, 7786.0], [4114.95, 5773.0], [4114.9, 20100.0], [4114.85, 212.0], [4114.65, 5672.0], [4114.6, 19000.0], [4114.55, 1000.0], [4114.45, 7463.0], [4114.4, 31538.0], [4114.35, 20258.0], [4114.2, 20342.0], [4114.15, 51350.0], [4114.1, 5058.0], [4114.0, 41007.0], [4113.95, 22452.0], [4113.8, 72500.0], [4113.7, 1645.0]], "asks": [[4115.25, 18810.0], [4115.35, 1000.0], [4115.45, 1115.0], [4115.5, 3734.0], [4115.6, 8166.0], [4115.65, 5600.0], [4115.7, 1644.0], [4115.75, 20113.0], [4115.8, 3261.0], [4115.85, 5773.0], [4115.9, 5061.0], [4116.0, 10442.0], [4116.1, 5061.0], [4116.15, 20258.0], [4116.2, 1645.0], [4116.35, 1512.0], [4116.4, 5064.0], [4116.45, 10374.0], [4116.5, 212.0], [4116.55, 27231.0]]}}}
{"jsonrpc": "2.0", "method": "subscription", "params": {"channel": "book.ETH-PERPETUAL.none.20.100ms", "data": {"timestamp": 1761612148745, "change_id": 93702422730, "instrument_name": "ETH-PERPETUAL", "bids": [[4115.2, 55595.0], [4115.15, 5000.0], [4115.05, 20100.0], [4115.0, 7786.0], [4114.95, 5773.0], [4114.9, 20100.0], [4114.85, 212.0], [4114.65, 5672.0], [4114.6, 19000.0], [4114.55, 1000.0], [4114.45, 7463.0], [4114.4, 31538.0], [4114.35, 20258.0], [4114.2, 20342.0], [4114.15, 51350.0], [4114.1, 5058.0], [4114.0, 41007.0], [4113.95, 22452.0], [4113.8, 72500.0], [4113.7, 1645.0]], "asks": [[4115.25, 14981.0], [4115.35, 1000.0], [4115.45, 1115.0], [4115.5, 3734.0], [4115.6, 7886.0], [4115.65, 5600.0], [4115.7, 1644.0], [4115.75, 20113.0], [4115.8, 3261.0], [4115.85, 5773.0], [4115.9, 5061.0], [4116.0, 10442.0], [4116.1, 5061.0], [4116.15, 20258.0], [4116.2, 1645.0], [4116.35, 1512.0], [4116.4, 5064.0], [4116.45, 6258.0], [4116.5, 212.0], [4116.55, 27231.0]]}}}
{"jsonrpc": "2.0", "method": "subscription", "params": {"channel": "book.ETH-PERPETUAL.none.20.100ms", "data": {"timestamp": 1761612149105, "change_id": 93702423115, "instrument_name": "ETH-PERPETUAL", "bids": [[4115.2, 22369.0], [4115.15, 5000.0], [4114.95, 5773.0], [4114.9, 20100.0], [4114.85, 212.0], [4114.65, 5672.0], [4114.6, 19000.0], [4114.55, 1000.0], [4114.45, 7463.0], [4114.4, 31538.0], [4114.35, 20258.0], [4114.25, 7.0], [4114.2, 20342.0], [4114.15, 51350.0], [4114.1, 5058.0], [4114.0, 41007.0], [4113.95, 22452.0], [4113.8, 72500.0], [4113.75, 19.0], [4113.7, 1645.0]], "asks": [[4115.25, 26850.0], [4115.35, 1000.0], [4115.45, 6944.0], [4115.5, 3734.0], [4115.55, 20006.0], [4115.6, 2194.0], [4115.65, 5600.0], [4115.7, 1644.0], [4115.75, 106.0], [4115.8, 3261.0], [4115.85, 5773.0], [4115.9, 5061.0], [4116.0, 10442.0], [4116.1, 5061.0], [4116.15, 20258.0], [4116.2, 1645.0], [4116.35, 21520.0], [4116.4, 9180.0], [4116.45, 6258.0], [4116.5, 212.0]]}}}
{"jsonrpc": "2.0", "method": "subscription", "params": {"channel": "book.ETH-PERPETUAL.none.20.100ms", "data": {"timestamp": 1761612149401, "change_id": 93702423647, "instrument_name": "ETH-PERPETUAL", "bids": [[4115.2, 46623.0], [4115.15, 5000.0], [4114.95, 5773.0], [4114.9, 20100.0], [4114.85, 212.0], [4114.65, 5672.0], [4114.6, 19000.0], [4114.55, 1000.0], [4114.45, 7463.0], [4114.4, 31538.0], [4114.35, 20258.0], [4114.25, 7.0], [4114.2, 20342.0], [4114.15, 51350.0], [4114.1, 5058.0], [4114.0, 41007.0], [4113.95, 22452.0], [4113.8, 72500.0], [4113.75, 19.0], [4113.7, 1645.0]], "asks": [[4115.25, 15181.0], [4115.35, 1000.0], [4115.45, 6944.0], [4115.5, 3773.0], [4115.55, 20007.0], [4115.6, 2194.0], [4115.65, 5600.0], [4115.7, 1644.0], [4115.75, 106.0], [4115.8, 3261.0], [4115.85, 5773.0], [4115.9, 5061.0], [4116.0, 10442.0], [4116.1, 5061.0], [4116.15, 20258.0], [4116.2, 1645.0], [4116.35, 21520.0], [4116.4, 9180.0], [4116.45, 6258.0], [4116.5, 212.0]]}}}
{"jsonrpc": "2.0", "method": "subscription", "params": {"channel": "book.ETH-PERPETUAL.none.20.100ms", "data": {"timestamp": 1761612149718, "change_id": 93702423819, "instrument_name": "ETH-PERPETUAL", "bids": [[4115.2, 46623.0], [4115.15, 5000.0], [4114.95, 5773.0], [4114.9, 20100.0], [4114.85, 212.0], [4114.65, 5672.0], [4114.6, 19000.0], [4114.55, 1000.0], [4114.45, 7463.0], [4114.4, 31538.0], [4114.35, 20258.0], [4114.25, 7.0], [4114.2, 20342.0], [4114.15, 51350.0], [4114.1, 5058.0], [4114.0, 41007.0], [4113.95, 22452.0], [4113.8, 72500.0], [4113.75, 19.0], [4113.7, 1645.0]], "asks": [[4115.25, 15181.0], [4115.35, 1000.0], [4115.45, 6944.0], [4115.5, 3773.0], [4115.55, 20007.0], [4115.6, 2194.0], [4115.65, 5600.0], [4115.7, 1644.0], [4115.75, 106.0], [4115.8, 3261.0], [4115.85, 5773.0], [4115.9, 5061.0], [4116.0, 10442.0], [4116.1, 5061.0], [4116.15, 20258.0], [4116.2, 1645.0], [4116.35, 21520.0], [4116.4, 9180.0], [4116.45, 6258.0], [4116.5, 212.0]]}}}
{"jsonrpc": "2.0", "method": "subscription", "params": {"channel": "book.ETH-PERPETUAL.none.20.100ms", "data": {"timestamp": 1761612150094, "change_id": 93702424211, "instrument_name": "ETH-PERPETUAL", "bids": [[4115.2, 23313.0], [4115.15, 5000.0], [4114.95, 5773.0], [4114.9, 20100.0], [4114.85, 212.0], [4114.65, 5672.0], [4114.6, 19000.0], [4114.55, 1000.0], [4114.45, 7463.0], [4114.4, 31538.0], [4114.35, 20258.0], [4114.25, 7.0], [4114.2, 1644.0], [4114.15, 1350.0], [4114.1, 5058.0], [4114.0, 41007.0], [4113.95, 22452.0], [4113.8, 72500.0], [4113.75, 19.0], [4113.7, 1645.0]], "asks": [[4115.25, 15181.0], [4115.35, 1000.0], [4115.45, 6956.0], [4115.5, 3773.0], [4115.55, 20007.0], [4115.6, 2194.0], [4115.65, 5600.0], [4115.7, 1644.0], [4115.75, 106.0], [4115.8, 3261.0], [4115.85, 5773.0], [4115.9, 5061.0], [4116.0, 10442.0], [4116.1, 5061.0], [4116.15, 20258.0], [4116.2, 1645.0], [4116.3, 4116.0], [4116.35, 21520.0], [4116.4, 5064.0], [4116.45, 6258.0]]}}}
{"jsonrpc": "2.0", "method": "subscription", "params": {"channel": "book.ETH-PERPETUAL.none.20.100ms", "data": {"timestamp": 1761612150418, "change_id": 93702425985, "instrument_name": "ETH-PERPETUAL", "bids": [[4114.6, 201.0], [4114.25, 7.0], [4114.2, 20100.0], [4114.15, 1350.0], [4113.95, 977.0], [4113.75, 19.0], [4113.65, 6208.0], [4113.6, 22416.0], [4113.55, 5058.0], [4113.4, 2535.0], [4113.35, 8975.0], [4113.3, 25336.0], [4113.2, 4132.0], [4113.1, 5066.0], [4113.0, 1076.0], [4112.95, 50000.0], [4112.9, 1505.0], [4112.85, 30042.0], [4112.8, 2008.0], [4112.75, 1665.0]], "asks": [[4114.65, 25575.0], [4114.75, 23820.0], [4114.8, 99805.0], [4115.15, 1723.0], [4115.2, 11165.0], [4115.25, 19915.0], [4115.45, 12254.0], [4115.5, 24057.0], [4115.6, 20008.0], [4115.65, 5600.0], [4115.7, 1644.0], [4115.75, 106.0], [4115.85, 2533.0], [4115.9, 25345.0], [4116.0, 90.0], [4116.05, 67784.0], [4116.1, 5061.0], [4116.2, 1645.0], [4116.3, 4116.0], [4116.35, 1512.0]]}}}
{"jsonrpc": "2.0", "method": "subscription", "params": {"channel": "book.ETH-PERPETUAL.none.20.100ms", "data": {"timestamp": 1761612150754, "change_id": 93702426343, "instrument_name": "ETH-PERPETUAL", "bids": [[4114.6, 201.0], [4114.25, 7.0], [4114.2, 20100.0], [4114.05, 5773.0], [4113.75, 19.0], [4113.65, 6208.0], [4113.6, 29740.0], [4113.55, 5058.0], [4113.4, 27535.0], [4113.35, 8975.0], [4113.3, 25336.0], [4113.2, 6651.0], [4113.1, 5066.0], [4113.0, 1076.0], [4112.9, 51505.0], [4112.85, 6259.0], [4112.8, 2008.0], [4112.75, 1665.0], [4112.6, 27370.0], [4112.55, 72500.0]], "asks": [[4114.65, 47422.0], [4115.0, 25780.0], [4115.05, 686.0], [4115.2, 1764.0], [4115.25, 4744.0], [4115.4, 13153.0], [4115.5, 20323.0], [4115.6, 20008.0], [4115.65, 6493.0], [4115.7, 1644.0], [4115.75, 106.0], [4115.85, 2533.0], [4115.9, 25345.0], [4116.0, 90.0], [4116.05, 67784.0], [4116.1, 5061.0], [4116.2, 1645.0], [4116.25, 1090.0], [4116.3, 4116.0], [4116.35, 1512.0]]}}}
{"jsonrpc": "2.0", "method": "subscription", "params": {"channel": "book.ETH-PERPETUAL.none.20.100ms", "data": {"timestamp": 1761612151076, "change_id": 93702426768, "instrument_name": "ETH-PERPETUAL", "bids": [[4114.6, 201.0], [4114.25, 7.0], [4114.2, 20100.0], [4114.05, 5773.0], [4113.75, 19.0], [4113.65, 6208.0], [4113.6, 29740.0], [4113.55, 24058.0], [4113.4, 27535.0], [4113.35, 8975.0], [4113.3, 25336.0], [4113.2, 6651.0], [4113.1, 6042.0], [4113.05, 1350.0], [4113.0, 51076.0], [4112.9, 1505.0], [4112.85, 6259.0], [4112.8, 2008.0], [4112.75, 1665.0], [4112.6, 27370.0]], "asks": [[4114.65, 54421.0], [4114.95, 20007.0], [4115.0, 5773.0], [4115.25, 11.0], [4115.4, 13153.0], [4115.5, 20323.0], [4115.6, 20008.0], [4115.65, 6493.0], [4115.7, 1644.0], [4115.75, 106.0], [4115.85, 2533.0], [4115.9, 25345.0], [4116.0, 90.0], [4116.05, 67784.0], [4116.1, 5061.0], [4116.2, 1645.0], [4116.25, 1090.0], [4116.3, 4116.0], [4116.35, 1512.0], [4116.4, 5064.0]]}}}
{"jsonrpc": "2.0", "method": "subscription", "params": {"channel": "book.ETH-PERPETUAL.none.20.100ms", "data": {"timestamp": 1761612151402, "change_id": 93702427340, "instrument_name": "ETH-PERPETUAL", "bids": [[4114.6, 20301.0], [4114.4, 5000.0], [4114.25, 7.0], [4114.05, 5773.0], [4113.75, 19.0], [4113.65, 6208.0], [4113.6, 34476.0], [4113.55, 24058.0], [4113.4, 33583.0], [4113.35, 8975.0], [4113.3, 25336.0], [4113.2, 4118.0], [4113.1, 6042.0], [4113.05, 1350.0], [4113.0, 51076.0], [4112.9, 1505.0], [4112.85, 6259.0], [4112.8, 2008.0], [4112.75, 1665.0], [4112.6, 27370.0]], "asks": [[4114.65, 57566.0], [4114.75, 11815.0], [4114.8, 13801.0], [4114.95, 20007.0], [4115.0, 5773.0], [4115.25, 11.0], [4115.4, 13153.0], [4115.5, 24438.0], [4115.6, 20008.0], [4115.65, 6493.0], [4115.7, 1644.0], [4115.75, 106.0], [4115.85, 2533.0], [4115.9, 25345.0], [4116.0, 22325.0], [4116.05, 67784.0], [4116.1, 5061.0], [4116.2, 1645.0], [4116.25, 1090.0], [4116.35, 1512.0]]}}}
{"jsonrpc": "2.0", "method": "subscription", "params": {"channel": "book.ETH-PERPETUAL.none.20.100ms", "data": {"timestamp": 1761612151718, "change_id": 93702427575, "instrument_name": "ETH-PERPETUAL", "bids": [[4114.6, 20301.0], [4114.25, 7.0], [4114.05, 5773.0], [4113.75, 19.0], [4113.7, 13563.0], [4113.65, 25153.0], [4113.6, 29740.0], [4113.55, 24058.0], [4113.4, 8583.0], [4113.35, 8975.0], [4113.3, 25336.0], [4113.2, 1599.0], [4113.1, 6042.0], [4113.05, 1350.0], [4113.0, 51076.0], [4112.9, 1505.0], [4112.85, 6259.0], [4112.8, 2008.0], [4112.75, 1665.0], [4112.6, 27370.0]], "asks": [[4114.65, 55801.0], [4114.75, 11815.0], [4114.8, 13801.0], [4114.95, 20007.0], [4115.0, 5773.0], [4115.25, 11.0], [4115.4, 13153.0], [4115.5, 24438.0], [4115.6, 20008.0], [4115.65, 6493.0], [4115.7, 1644.0], [4115.75, 106.0], [4115.85, 2533.0], [4115.9, 25345.0], [4116.0, 22325.0], [4116.05, 67784.0], [4116.1, 5061.0], [4116.2, 1645.0], [4116.25, 1090.0], [4116.35, 1512.0]]}}}
{"jsonrpc": "2.0", "method": "subscription", "params": {"channel": "book.ETH-PERPETUAL.none.20.100ms", "data": {"timestamp": 1761612152079, "change_id": 93702428227, "instrument_name": "ETH-PERPETUAL", "bids": [[4114.6, 29885.0], [4114.55, 5000.0], [4114.35, 1725.0], [4114.3, 5773.0], [4114.25, 7.0], [4113.9, 5672.0], [4113.85, 19000.0], [4113.75, 1019.0], [4113.7, 15201.0], [4113.65, 25153.0], [4113.6, 29740.0], [4113.55, 5058.0], [4113.45, 50000.0], [4113.4, 7583.0], [4113.35, 8975.0], [4113.3, 25336.0], [4113.2, 1599.0], [4113.1, 6042.0], [4113.05, 1350.0], [4113.0, 1076.0]], "asks": [[4114.65, 27156.0], [4114.75, 4120.0], [4114.8, 13801.0], [4115.1, 1638.0], [4115.2, 8699.0], [4115.25, 11.0], [4115.4, 20007.0], [4115.45, 7295.0], [4115.5, 20323.0], [4115.55, 5773.0], [4115.6, 8433.0], [4115.65, 6493.0], [4115.7, 1644.0], [4115.75, 106.0], [4115.8, 20008.0], [4115.85, 2533.0], [4115.9, 25345.0], [4116.0, 90.0], [4116.1, 5061.0], [4116.2, 1645.0]]}}}
{"jsonrpc": "2.0", "method": "subscription", "params": {"channel": "book.ETH-PERPETUAL.none.20.100ms", "data": {"timestamp": 1761612152401, "change_id": 93702428842, "instrument_name": "ETH-PERPETUAL", "bids": [[4114.6, 29885.0], [4114.55, 5000.0], [4114.35, 21825.0], [4114.3, 5773.0], [4114.25, 7.0], [4113.95, 13134.0], [4113.9, 25000.0], [4113.85, 19000.0], [4113.75, 2369.0], [4113.7, 1638.0], [4113.65, 6208.0], [4113.6, 37773.0], [4113.55, 6275.0], [4113.45, 50000.0], [4113.4, 7583.0], [4113.35, 8975.0], [4113.3, 25336.0], [4113.2, 1599.0], [4113.1, 6042.0], [4113.0, 1076.0]], "asks": [[4114.65, 22893.0], [4114.75, 4120.0], [4114.8, 13801.0], [4115.1, 1638.0], [4115.2, 1000.0], [4115.25, 5983.0], [4115.4, 20007.0], [4115.45, 7295.0], [4115.5, 20323.0], [4115.55, 5773.0], [4115.6, 4115.0], [4115.65, 893.0], [4115.7, 1644.0], [4115.75, 106.0], [4115.85, 2533.0], [4115.9, 25345.0], [4116.0, 90.0], [4116.05, 20008.0], [4116.1, 5061.0], [4116.2, 1645.0]]}}}
{"jsonrpc": "2.0", "method": "subscription", "params": {"channel": "book.ETH-PERPETUAL.none.20.100ms", "data": {"timestamp": 1761612152719, "change_id": 93702429038, "instrument_name": "ETH-PERPETUAL", "bids": [[4114.6, 20301.0], [4114.55, 5000.0], [4114.35, 21825.0], [4114.3, 5773.0], [4114.25, 7.0], [4113.95, 13134.0], [4113.9, 25000.0], [4113.85, 19000.0], [4113.75, 2369.0], [4113.7, 1638.0], [4113.65, 6208.0], [4113.6, 37773.0], [4113.55, 6275.0], [4113.45, 50000.0], [4113.4, 7583.0], [4113.35, 8975.0], [4113.3, 25336.0], [4113.2, 1599.0], [4113.1, 6042.0], [4113.0, 1076.0]], "asks": [[4114.65, 33744.0], [4114.75, 4120.0], [4114.8, 13801.0], [4114.9, 1000.0], [4115.1, 1638.0], [4115.25, 11.0], [4115.35, 5972.0], [4115.4, 20007.0], [4115.45, 7295.0], [4115.5, 20323.0], [4115.55, 5773.0], [4115.6, 4115.0], [4115.65, 893.0], [4115.7, 1644.0], [4115.75, 106.0], [4115.85, 2533.0], [4115.9, 25345.0], [4116.0, 90.0], [4116.05, 20008.0], [4116.1, 5061.0]]}}}
{"jsonrpc": "2.0", "method": "subscription", "params": {"channel": "book.ETH-PERPETUAL.none.20.100ms", "data": {"timestamp": 1761612153010, "change_id": 93702429438, "instrument_name": "ETH-PERPETUAL", "bids": [[4114.6, 201.0], [4114.35, 20100.0], [4114.3, 5773.0], [4114.25, 7.0], [4113.95, 5672.0], [4113.85, 19000.0], [4113.75, 1019.0], [4113.7, 1638.0], [4113.65, 6208.0], [4113.6, 37773.0], [4113.55, 5058.0], [4113.5, 25000.0], [4113.45, 50000.0], [4113.4, 7583.0], [4113.35, 8975.0], [4113.3, 25336.0], [4113.2, 1599.0], [4113.1, 6042.0], [4113.0, 1076.0], [4112.9, 1505.0]], "asks": [[4114.65, 38696.0], [4114.75, 4120.0], [4114.8, 13801.0], [4114.9, 1000.0], [4115.05, 6461.0], [4115.1, 1638.0], [4115.2, 20007.0], [4115.25, 1734.0], [4115.3, 5773.0], [4115.45, 12334.0], [4115.5, 20323.0], [4115.55, 20008.0], [4115.6, 4115.0], [4115.65, 893.0], [4115.7, 1644.0], [4115.75, 106.0], [4115.85, 2533.0], [4115.9, 25345.0], [4116.0, 90.0], [4116.05, 50000.0]]}}}
{"jsonrpc": "2.0", "method": "subscription", "params": {"channel": "book.ETH-PERPETUAL.none.20.100ms", "data": {"timestamp": 1761612153403, "change_id": 93702430204, "instrument_name": "ETH-PERPETUAL", "bids": [[4114.6, 8701.0], [4114.35, 20100.0], [4114.3, 5773.0], [4114.25, 7.0], [4113.95, 5672.0], [4113.85, 19000.0], [4113.75, 1019.0], [4113.65, 6208.0], [4113.6, 37773.0], [4113.55, 5058.0], [4113.5, 25000.0], [4113.45, 50000.0], [4113.4, 7583.0], [4113.35, 8975.0], [4113.3, 25336.0], [4113.2, 1599.0], [4113.15, 2528.0], [4113.1, 7392.0], [4113.0, 1076.0], [4112.9, 2722.0]], "asks": [[4114.65, 42028.0], [4114.75, 4418.0], [4114.8, 13801.0], [4114.9, 1000.0], [4115.0, 11631.0], [4115.05, 20100.0], [4115.1, 1638.0], [4115.15, 20007.0], [4115.25, 1734.0], [4115.3, 5773.0], [4115.4, 12334.0], [4115.5, 20323.0], [4115.55, 20008.0], [4115.6, 4115.0], [4115.65, 893.0], [4115.7, 1644.0], [4115.75, 106.0], [4115.85, 2533.0], [4115.9, 25345.0], [4116.0, 34801.0]]}}}
{"jsonrpc": "2.0", "method": "subscription", "params": {"channel": "book.ETH-PERPETUAL.none.20.100ms", "data": {"timestamp": 1761612153719, "change_id": 93702430409, "instrument_name": "ETH-PERPETUAL", "bids": [[4114.6, 8701.0], [4114.35, 20100.0], [4114.3, 5773.0], [4114.25, 7.0], [4113.95, 5672.0], [4113.85, 19000.0], [4113.75, 1019.0], [4113.65, 6208.0], [4113.6, 37773.0], [4113.55, 5058.0], [4113.5, 25000.0], [4113.45, 50000.0], [4113.4, 7583.0], [4113.35, 8975.0], [4113.3, 25336.0], [4113.2, 1599.0], [4113.15, 2528.0], [4113.1, 7392.0], [4113.0, 1076.0], [4112.9, 2722.0]], "asks": [[4114.65, 44492.0], [4114.75, 9825.0], [4114.8, 13801.0], [4114.9, 1000.0], [4114.95, 20007.0], [4115.0, 6489.0], [4115.05, 20100.0], [4115.1, 1638.0], [4115.25, 1734.0], [4115.3, 5773.0], [4115.4, 7295.0], [4115.5, 20323.0], [4115.6, 4115.0], [4115.65, 893.0], [4115.7, 1644.0], [4115.75, 106.0], [4115.8, 20008.0], [4115.85, 36326.0], [4115.9, 25345.0], [4116.0, 34801.0]]}}}
{"jsonrpc": "2.0", "method": "subscription", "params": {"channel": "book.ETH-PERPETUAL.none.20.100ms", "data": {"timestamp": 1761612154030, "change_id": 93702430724, "instrument_name": "ETH-PERPETUAL", "bids": [[4114.6, 22269.0], [4114.5, 5000.0], [4114.35, 20100.0], [4114.3, 5773.0], [4114.25, 7.0], [4113.95, 5672.0], [4113.85, 19000.0], [4113.75, 1019.0], [4113.65, 6208.0], [4113.6, 37773.0], [4113.55, 5058.0], [4113.5, 25000.0], [4113.45, 50000.0], [4113.4, 7583.0], [4113.35, 8975.0], [4113.3, 25336.0], [4113.2, 1599.0], [4113.15, 2528.0], [4113.1, 7392.0], [4113.0, 1076.0]], "asks": [[4114.65, 40869.0], [4114.75, 9825.0], [4114.8, 13801.0], [4114.9, 1000.0], [4114.95, 20007.0], [4115.0, 6489.0], [4115.05, 20100.0], [4115.1, 1638.0], [4115.25, 1734.0], [4115.3, 5773.0], [4115.4, 7295.0], [4115.5, 20323.0], [4115.6, 4115.0], [4115.65, 893.0], [4115.7, 1644.0], [4115.75, 106.0], [4115.8, 20008.0], [4115.85, 36326.0], [4115.9, 25345.0], [4116.0, 34801.0]]}}}
{"jsonrpc": "2.0", "method": "subscription", "params": {"channel": "book.ETH-PERPETUAL.none.20.100ms", "data": {"timestamp": 1761612154373, "change_id": 93702431262, "instrument_name": "ETH-PERPETUAL", "bids": [[4114.6, 22269.0], [4114.55, 5000.0], [4114.35, 20100.0], [4114.3, 5773.0], [4114.25, 7.0], [4113.95, 5672.0], [4113.85, 19000.0], [4113.75, 1019.0], [4113.65, 6208.0], [4113.6, 37773.0], [4113.55, 5058.0], [4113.5, 25000.0], [4113.45, 50000.0], [4113.4, 7583.0], [4113.35, 8975.0], [4113.3, 25336.0], [4113.2, 1599.0], [4113.15, 2528.0], [4113.1, 7392.0], [4113.0, 1076.0]], "asks": [[4114.65, 40138.0], [4114.75, 9825.0], [4114.8, 13801.0], [4114.9, 1000.0], [4114.95, 20007.0], [4115.0, 6489.0], [4115.05, 20100.0], [4115.1, 1638.0], [4115.25, 1734.0], [4115.3, 5773.0], [4115.4, 7295.0], [4115.5, 20323.0], [4115.6, 4115.0], [4115.65, 893.0], [4115.7, 1644.0], [4115.75, 106.0], [4115.8, 43752.0], [4115.85, 36326.0], [4115.9, 25345.0], [4116.0, 34801.0]]}}}
{"jsonrpc": "2.0", "method": "subscription", "params": {"channel": "book.ETH-PERPETUAL.none.20.100ms", "data": {"timestamp": 1761612154721, "change_id": 93702431551, "instrument_name": "ETH-PERPETUAL", "bids": [[4114.6, 22269.0], [4114.55, 5000.0], [4114.35, 20100.0], [4114.3, 5773.0], [4114.25, 7.0], [4113.95, 5672.0], [4113.85, 19000.0], [4113.75, 1019.0], [4113.7, 1638.0], [4113.65, 6208.0], [4113.6, 37773.0], [4113.55, 5058.0], [4113.5, 25000.0], [4113.45, 50000.0], [4113.4, 7583.0], [4113.35, 8975.0], [4113.3, 25336.0], [4113.2, 1599.0], [4113.15, 2528.0], [4113.1, 7392.0]], "asks": [[4114.65, 37823.0], [4114.75, 9825.0], [4114.8, 13801.0], [4114.9, 1000.0], [4114.95, 20007.0], [4115.1, 1638.0], [4115.25, 1734.0], [4115.3, 5773.0], [4115.4, 7295.0], [4115.5, 20323.0], [4115.6, 4115.0], [4115.65, 893.0], [4115.7, 1644.0], [4115.75, 106.0], [4115.8, 43752.0], [4115.85, 36326.0], [4115.9, 25345.0], [4116.0, 17017.0], [4116.05, 50000.0], [4116.1, 5061.0]]}}}
{"jsonrpc": "2.0", "method": "subscription", "params": {"channel": "book.ETH-PERPETUAL.none.20.100ms", "data": {"timestamp": 1761612155057, "change_id": 93702432626, "instrument_name": "ETH-PERPETUAL", "bids": [[4114.25, 42626.0], [4114.15, 5773.0], [4113.75, 19.0], [4113.65, 153.0], [4113.55, 20456.0], [4113.5, 25000.0], [4113.4, 26583.0], [4113.35, 21340.0], [4113.3, 25336.0], [4113.25, 50000.0], [4113.2, 1599.0], [4113.15, 8018.0], [4113.1, 7392.0], [4113.0, 21337.0], [4112.9, 2722.0], [4112.85, 5042.0], [4112.8, 2008.0], [4112.75, 1665.0], [4112.6, 27370.0], [4112.55, 72500.0]], "asks": [[4114.3, 23630.0], [4114.45, 872.0], [4114.55, 1000.0], [4114.6, 8955.0], [4114.65, 12698.0], [4114.8, 13801.0], [4115.0, 12148.0], [4115.05, 20007.0], [4115.1, 1638.0], [4115.15, 19052.0], [4115.2, 3237.0], [4115.25, 11.0], [4115.3, 5773.0], [4115.4, 9626.0], [4115.5, 22853.0], [4115.6, 6761.0], [4115.65, 20901.0], [4115.7, 1644.0], [4115.75, 106.0], [4115.8, 30353.0]]}}}
{"jsonrpc": "2.0", "method": "subscription", "params": {"channel": "book.ETH-PERPETUAL.none.20.100ms", "data": {"timestamp": 1761612155358, "change_id": 93702433123, "instrument_name": "ETH-PERPETUAL", "bids": [[4114.25, 68499.0], [4113.85, 6000.0], [4113.8, 20100.0], [4113.75, 5736.0], [4113.7, 19000.0], [4113.65, 153.0], [4113.55, 14784.0], [4113.5, 25000.0], [4113.4, 7583.0], [4113.35, 21340.0], [4113.3, 25336.0], [4113.25, 50000.0], [4113.2, 1599.0], [4113.15, 8018.0], [4113.1, 7392.0], [4113.0, 21337.0], [4112.9, 2722.0], [4112.85, 5042.0], [4112.8, 2008.0], [4112.75, 1665.0]], "asks": [[4114.3, 26584.0], [4114.55, 1000.0], [4114.6, 4758.0], [4114.65, 1983.0], [4114.8, 13801.0], [4115.05, 12148.0], [4115.1, 21645.0], [4115.15, 19052.0], [4115.2, 3237.0], [4115.25, 11.0], [4115.3, 5773.0], [4115.4, 12526.0], [4115.45, 4115.0], [4115.5, 22853.0], [4115.6, 6761.0], [4115.65, 893.0], [4115.7, 1644.0], [4115.75, 106.0], [4115.8, 32672.0], [4115.85, 33793.0]]}}}
{"jsonrpc": "2.0", "method": "subscription", "params": {"channel": "book.ETH-PERPETUAL.none.20.100ms", "data": {"timestamp": 1761612155700, "change_id": 93702433381, "instrument_name": "ETH-PERPETUAL", "bids": [[4114.25, 68659.0], [4113.85, 6000.0], [4113.8, 33285.0], [4113.75, 25019.0], [4113.7, 19000.0], [4113.65, 153.0], [4113.6, 3773.0], [4113.55, 5058.0], [4113.4, 7583.0], [4113.35, 21340.0], [4113.3, 25336.0], [4113.25, 50000.0], [4113.2, 1599.0], [4113.15, 8018.0], [4113.1, 7392.0], [4113.0, 21337.0], [4112.9, 2722.0], [4112.85, 5042.0], [4112.8, 2008.0], [4112.75, 1665.0]], "asks": [[4114.3, 23624.0], [4114.55, 1000.0], [4114.6, 4758.0], [4114.65, 345.0], [4114.8, 13801.0], [4115.05, 12148.0], [4115.1, 21645.0], [4115.15, 19052.0], [4115.2, 3237.0], [4115.25, 11.0], [4115.3, 5773.0], [4115.4, 12526.0], [4115.45, 4115.0], [4115.5, 22853.0], [4115.6, 6761.0], [4115.65, 893.0], [4115.7, 1644.0], [4115.75, 106.0], [4115.8, 32672.0], [4115.85, 33793.0]]}}}
{"jsonrpc": "2.0", "method": "subscription", "params": {"channel": "book.ETH-PERPETUAL.none.20.100ms", "data": {"timestamp": 1761612156004, "change_id": 93702433792, "instrument_name": "ETH-PERPETUAL", "bids": [[4114.25, 68659.0], [4114.2, 5000.0], [4113.85, 6000.0], [4113.8, 34923.0], [4113.75, 26019.0], [4113.7, 19000.0], [4113.65, 153.0], [4113.6, 3773.0], [4113.55, 5058.0], [4113.4, 7583.0], [4113.35, 21340.0], [4113.3, 25336.0], [4113.25, 50000.0], [4113.2, 1599.0], [4113.15, 8018.0], [4113.1, 7392.0], [4113.0, 21337.0], [4112.9, 2722.0], [4112.85, 5042.0], [4112.8, 2008.0]], "asks": [[4114.3, 674.0], [4114.55, 1000.0], [4114.6, 7017.0], [4114.75, 11400.0], [4114.8, 13801.0], [4115.05, 6176.0], [4115.1, 1638.0], [4115.15, 19052.0], [4115.2, 8795.0], [4115.25, 20018.0], [4115.3, 5773.0], [4115.4, 12526.0], [4115.5, 22853.0], [4115.6, 2017.0], [4115.65, 5008.0], [4115.7, 1644.0], [4115.75, 106.0], [4115.8, 12664.0], [4115.85, 53801.0], [4115.9, 5061.0]]}}}
{"jsonrpc": "2.0", "method": "subscription", "params": {"channel": "book.ETH-PERPETUAL.none.20.100ms", "data": {"timestamp": 1761612156340, "change_id": 93702434493, "instrument_name": "ETH-PERPETUAL", "bids": [[4114.25, 41731.0], [4113.85, 6000.0], [4113.8, 20100.0], [4113.75, 19.0], [4113.65, 153.0], [4113.6, 10753.0], [4113.55, 5058.0], [4113.45, 25000.0], [4113.4, 7583.0], [4113.35, 8339.0], [4113.3, 25336.0], [4113.2, 26100.0], [4113.1, 7392.0], [4113.0, 71337.0], [4112.9, 2722.0], [4112.85, 5042.0], [4112.8, 2008.0], [4112.75, 1665.0], [4112.6, 27370.0], [4112.55, 72500.0]], "asks": [[4114.3, 35900.0], [4114.55, 1000.0], [4114.6, 14876.0], [4114.75, 40107.0], [4114.8, 13801.0], [4115.05, 6176.0], [4115.1, 1638.0], [4115.15, 19052.0], [4115.2, 3237.0], [4115.25, 11.0], [4115.3, 5773.0], [4115.4, 16899.0], [4115.5, 22853.0], [4115.55, 20008.0], [4115.6, 16684.0], [4115.65, 5008.0], [4115.7, 1644.0], [4115.75, 106.0], [4115.8, 62664.0], [4115.85, 33793.0]]}}}
{"jsonrpc": "2.0", "method": "subscription", "params": {"channel": "book.ETH-PERPETUAL.none.20.100ms", "data": {"timestamp": 1761612156688, "change_id": 93702434827, "instrument_name": "ETH-PERPETUAL", "bids": [[4114.25, 41731.0], [4113.85, 6000.0], [4113.8, 20100.0], [4113.75, 19.0], [4113.65, 153.0], [4113.6, 15533.0], [4113.55, 24058.0], [4113.45, 25000.0], [4113.4, 7583.0], [4113.35, 8339.0], [4113.3, 25336.0], [4113.2, 26100.0], [4113.1, 7392.0], [4113.0, 71337.0], [4112.9, 2722.0], [4112.85, 5042.0], [4112.8, 2008.0], [4112.75, 1665.0], [4112.6, 27370.0], [4112.55, 72500.0]], "asks": [[4114.3, 42403.0], [4114.55, 1000.0], [4114.6, 14798.0], [4114.7, 20007.0], [4114.75, 20100.0], [4114.8, 13801.0], [4115.05, 6176.0], [4115.1, 1638.0], [4115.15, 19052.0], [4115.2, 3237.0], [4115.25, 11.0], [4115.3, 5773.0], [4115.4, 16899.0], [4115.45, 20008.0], [4115.5, 22853.0], [4115.6, 16684.0], [4115.65, 5008.0], [4115.7, 1644.0], [4115.75, 106.0], [4115.8, 62664.0]]}}}
{"jsonrpc": "2.0", "method": "subscription", "params": {"channel": "book.ETH-PERPETUAL.none.20.100ms", "data": {"timestamp": 1761612157040, "change_id": 93702435401, "instrument_name": "ETH-PERPETUAL", "bids": [[4114.25, 35958.0], [4114.0, 5773.0], [4113.8, 20100.0], [4113.75, 19.0], [4113.65, 153.0], [4113.6, 3773.0], [4113.55, 5058.0], [4113.4, 7583.0], [4113.35, 8339.0], [4113.3, 25336.0], [4113.2, 2599.0], [4113.15, 14942.0], [4113.1, 7392.0], [4113.05, 25000.0], [4113.0, 21337.0], [4112.95, 16793.0], [4112.9, 51217.0], [4112.85, 5042.0], [4112.8, 2008.0], [4112.75, 1665.0]], "asks": [[4114.3, 49930.0], [4114.55, 1000.0], [4114.65, 16092.0], [4114.75, 40107.0], [4114.8, 13801.0], [4115.05, 6176.0], [4115.1, 1638.0], [4115.15, 19052.0], [4115.2, 8795.0], [4115.25, 11.0], [4115.3, 5773.0], [4115.35, 20008.0], [4115.4, 5060.0], [4115.45, 6822.0], [4115.5, 22853.0], [4115.6, 16684.0], [4115.65, 893.0], [4115.7, 1644.0], [4115.75, 17890.0], [4115.8, 69077.0]]}}}
{"jsonrpc": "2.0", "method": "subscription", "params": {"channel": "book.ETH-PERPETUAL.none.20.100ms", "data": {"timestamp": 1761612157369, "change_id": 93702435922, "instrument_name": "ETH-PERPETUAL", "bids": [[4114.25, 35958.0], [4114.0, 5773.0], [4113.8, 20100.0], [4113.75, 19.0], [4113.65, 153.0], [4113.6, 3773.0], [4113.55, 5058.0], [4113.4, 7583.0], [4113.35, 33735.0], [4113.3, 50336.0], [4113.2, 2599.0], [4113.15, 8576.0], [4113.1, 7392.0], [4113.0, 21337.0], [4112.95, 16793.0], [4112.9, 1217.0], [4112.85, 55042.0], [4112.8, 2008.0], [4112.75, 1665.0], [4112.6, 27370.0]], "asks": [[4114.3, 53883.0], [4114.5, 4500.0], [4114.55, 1000.0], [4114.6, 19700.0], [4114.95, 5972.0], [4115.0, 20007.0], [4115.05, 12587.0], [4115.1, 1638.0], [4115.15, 43175.0], [4115.2, 3237.0], [4115.25, 11.0], [4115.3, 5773.0], [4115.4, 5060.0], [4115.45, 6822.0], [4115.5, 22853.0], [4115.6, 16684.0], [4115.65, 893.0], [4115.7, 1644.0], [4115.75, 17890.0], [4115.8, 69077.0]]}}}
{"jsonrpc": "2.0", "method": "subscription", "params": {"channel": "book.ETH-PERPETUAL.none.20.100ms", "data": {"timestamp": 1761612157672, "change_id": 93702436301, "instrument_name": "ETH-PERPETUAL", "bids": [[4114.25, 35958.0], [4114.0, 5773.0], [4113.8, 20100.0], [4113.75, 19.0], [4113.65, 153.0], [4113.6, 3773.0], [4113.55, 5058.0], [4113.4, 7583.0], [4113.35, 33735.0], [4113.3, 50336.0], [4113.2, 2599.0], [4113.15, 8576.0], [4113.1, 7392.0], [4113.0, 21337.0], [4112.95, 16793.0], [4112.9, 51217.0], [4112.85, 5042.0], [4112.8, 2008.0], [4112.75, 1665.0], [4112.6, 27370.0]], "asks": [[4114.3, 50959.0], [4114.35, 18504.0], [4114.5, 4500.0], [4114.55, 1000.0], [4114.6, 19700.0], [4114.75, 5972.0], [4114.8, 20007.0], [4115.05, 12587.0], [4115.1, 1638.0], [4115.15, 43175.0], [4115.2, 3237.0], [4115.25, 11.0], [4115.3, 5773.0], [4115.4, 5060.0], [4115.45, 6822.0], [4115.5, 22853.0], [4115.6, 16684.0], [4115.65, 893.0], [4115.7, 1644.0], [4115.75, 17890.0]]}}}
{"jsonrpc": "2.0", "method": "subscription", "params": {"channel": "book.ETH-PERPETUAL.none.20.100ms", "data": {"timestamp": 1761612158030, "change_id": 93702436614, "instrument_name": "ETH-PERPETUAL", "bids": [[4114.25, 35958.0], [4114.0, 5773.0], [4113.8, 20100.0], [4113.75, 19.0], [4113.65, 153.0], [4113.6, 3773.0], [4113.55, 5058.0], [4113.4, 7583.0], [4113.35, 33735.0], [4113.3, 50336.0], [4113.2, 2599.0], [4113.15, 8576.0], [4113.1, 7392.0], [4113.0, 21337.0], [4112.95, 50000.0], [4112.9, 1217.0], [4112.85, 5042.0], [4112.8, 2008.0], [4112.75, 1665.0], [4112.6, 27370.0]], "asks": [[4114.3, 49793.0], [4114.35, 18504.0], [4114.5, 10679.0], [4114.55, 1000.0], [4114.6, 19700.0], [4114.95, 5972.0], [4115.0, 20007.0], [4115.05, 6176.0], [4115.1, 1638.0], [4115.15, 23167.0], [4115.2, 8795.0], [4115.25, 20019.0], [4115.3, 5773.0], [4115.4, 5060.0], [4115.45, 6822.0], [4115.5, 22853.0], [4115.6, 29330.0], [4115.65, 35871.0], [4115.7, 1644.0], [4115.75, 17890.0]]}}}
{"jsonrpc": "2.0", "method": "subscription", "params": {"channel": "book.ETH-PERPETUAL.none.20.100ms", "data": {"timestamp": 1761612158360, "change_id": 93702437542, "instrument_name": "ETH-PERPETUAL", "bids": [[4114.25, 15727.0], [4113.75, 19.0], [4113.65, 153.0], [4113.4, 2517.0], [4113.35, 1807.0], [4113.2, 1000.0], [4113.15, 8576.0], [4113.1, 7392.0], [4113.05, 2530.0], [4113.0, 21337.0], [4112.95, 25000.0], [4112.85, 5042.0], [4112.8, 2008.0], [4112.75, 1665.0], [4112.6, 27370.0], [4112.55, 122500.0], [4112.5, 23.0], [4112.4, 1988.0], [4112.35, 5029.0], [4112.3, 1613.0]], "asks": [[4114.3, 68317.0], [4114.35, 98302.0], [4114.4, 1642.0], [4114.5, 4500.0], [4114.55, 1000.0], [4115.05, 12587.0], [4115.1, 21646.0], [4115.15, 19052.0], [4115.2, 3237.0], [4115.25, 11.0], [4115.3, 5773.0], [4115.4, 5060.0], [4115.45, 24606.0], [4115.5, 22853.0], [4115.6, 29330.0], [4115.65, 35871.0], [4115.7, 1644.0], [4115.75, 106.0], [4115.8, 6413.0], [4115.85, 12606.0]]}}}
{"jsonrpc": "2.0", "method": "subscription", "params": {"channel": "book.ETH-PERPETUAL.none.20.100ms", "data": {"timestamp": 1761612158686, "change_id": 93702438813, "instrument_name": "ETH-PERPETUAL", "bids": [[4114.25, 7.0], [4113.75, 19.0], [4113.65, 153.0], [4113.3, 5773.0], [4113.1, 976.0], [4113.05, 2518.0], [4113.0, 1076.0], [4112.65, 1000.0], [4112.6, 13141.0], [4112.5, 25023.0], [4112.4, 20988.0], [4112.35, 5029.0], [4112.3, 1613.0], [4112.25, 19.0], [4112.15, 50000.0], [4112.1, 5151.0], [4111.95, 1985.0], [4111.85, 41866.0], [4111.6, 4080.0], [4111.55, 6969.0]], "asks": [[4114.3, 212077.0], [4114.35, 21869.0], [4114.4, 5773.0], [4114.5, 8614.0], [4114.55, 1000.0], [4114.7, 5972.0], [4114.75, 20008.0], [4114.95, 14925.0], [4115.0, 61484.0], [4115.1, 1638.0], [4115.15, 36836.0], [4115.2, 1514.0], [4115.25, 11.0], [4115.4, 5060.0], [4115.45, 6822.0], [4115.5, 22853.0], [4115.65, 35871.0], [4115.7, 1644.0], [4115.75, 106.0], [4115.8, 6413.0]]}}}
{"jsonrpc": "2.0", "method": "subscription", "params": {"channel": "book.ETH-PERPETUAL.none.20.100ms", "data": {"timestamp": 1761612159011, "change_id": 93702439351, "instrument_name": "ETH-PERPETUAL", "bids": [[4114.25, 7.0], [4113.75, 19.0], [4113.65, 153.0], [4113.05, 8291.0], [4113.0, 1076.0], [4112.7, 1054.0], [4112.65, 1000.0], [4112.6, 18202.0], [4112.55, 20254.0], [4112.5, 25023.0], [4112.4, 20988.0], [4112.35, 5029.0], [4112.3, 1613.0], [4112.25, 19.0], [4112.1, 5151.0], [4112.0, 50000.0], [4111.95, 1985.0], [4111.85, 41866.0], [4111.6, 4080.0], [4111.55, 6969.0]], "asks": [[4114.3, 132292.0], [4114.35, 23373.0], [4114.4, 5773.0], [4114.5, 8614.0], [4114.55, 1000.0], [4114.9, 17784.0], [4114.95, 14925.0], [4115.0, 57266.0], [4115.1, 1638.0], [4115.15, 19052.0], [4115.2, 1514.0], [4115.25, 11.0], [4115.4, 5060.0], [4115.45, 6822.0], [4115.5, 22853.0], [4115.65, 35965.0], [4115.7, 1644.0], [4115.75, 106.0], [4115.8, 6413.0], [4115.85, 12606.0]]}}}
{"jsonrpc": "2.0", "method": "subscription", "params": {"channel": "book.ETH-PERPETUAL.none.20.100ms", "data": {"timestamp": 1761612159352, "change_id": 93702440364, "instrument_name": "ETH-PERPETUAL", "bids": [[4113.75, 11139.0], [4113.65, 153.0], [4113.35, 5000.0], [4113.05, 5773.0], [4113.0, 1076.0], [4112.9, 6046.0], [4112.85, 20254.0], [4112.7, 3186.0], [4112.65, 6063.0], [4112.6, 23319.0], [4112.55, 2516.0], [4112.5, 25023.0], [4112.4, 41242.0], [4112.35, 5029.0], [4112.3, 2589.0], [4112.25, 19.0], [4112.1, 5151.0], [4112.05, 14925.0], [4112.0, 50000.0], [4111.95, 1985.0]], "asks": [[4113.8, 39164.0], [4114.05, 7274.0], [4114.15, 20007.0], [4114.2, 26697.0], [4114.25, 20100.0], [4114.3, 22855.0], [4114.35, 20008.0], [4114.4, 5773.0], [4114.45, 1228.0], [4114.5, 4114.0], [4114.6, 6046.0], [4114.65, 20254.0], [4114.85, 23719.0], [4114.9, 22847.0], [4115.0, 59797.0], [4115.1, 1638.0], [4115.15, 19052.0], [4115.2, 1514.0], [4115.25, 11.0], [4115.4, 5060.0]]}}}
{"jsonrpc": "2.0", "method": "subscription", "params": {"channel": "book.ETH-PERPETUAL.none.20.100ms", "data": {"timestamp": 1761612159677, "change_id": 93702441190, "instrument_name": "ETH-PERPETUAL", "bids": [[4113.75, 22095.0], [4113.65, 153.0], [4113.05, 5773.0], [4113.0, 1076.0], [4112.9, 6046.0], [4112.85, 20254.0], [4112.75, 8992.0], [4112.7, 19000.0], [4112.65, 6063.0], [4112.6, 23319.0], [4112.55, 2516.0], [4112.5, 25023.0], [4112.4, 22242.0], [4112.35, 5029.0], [4112.3, 2589.0], [4112.25, 19.0], [4112.15, 50000.0], [4112.1, 5151.0], [4112.0, 1350.0], [4111.95, 1985.0]], "asks": [[4113.8, 57730.0], [4114.05, 7274.0], [4114.15, 20007.0], [4114.2, 14390.0], [4114.25, 20100.0], [4114.3, 3324.0], [4114.4, 12816.0], [4114.6, 26054.0], [4114.65, 20254.0], [4114.85, 23719.0], [4114.9, 5063.0], [4115.0, 59797.0], [4115.1, 19422.0], [4115.15, 19052.0], [4115.2, 1514.0], [4115.4, 5060.0], [4115.65, 35965.0], [4115.7, 1644.0], [4115.75, 106.0], [4115.8, 6413.0]]}}}
{"jsonrpc": "2.0", "method": "subscription", "params": {"channel": "book.ETH-PERPETUAL.none.20.100ms", "data": {"timestamp": 1761612159992, "change_id": 93702441556, "instrument_name": "ETH-PERPETUAL", "bids": [[4113.75, 11139.0], [4113.65, 153.0], [4113.05, 5773.0], [4113.0, 1076.0], [4112.9, 6046.0], [4112.85, 20254.0], [4112.75, 8992.0], [4112.7, 19000.0], [4112.65, 6063.0], [4112.6, 23319.0], [4112.55, 2516.0], [4112.5, 25023.0], [4112.4, 22242.0], [4112.35, 5029.0], [4112.3, 2589.0], [4112.25, 19.0], [4112.15, 50000.0], [4112.1, 5151.0], [4112.0, 1350.0], [4111.95, 1985.0]], "asks": [[4113.8, 58578.0], [4114.05, 7274.0], [4114.15, 20007.0], [4114.2, 14390.0], [4114.25, 20101.0], [4114.3, 1638.0], [4114.35, 4114.0], [4114.4, 12816.0], [4114.55, 20008.0], [4114.6, 6046.0], [4114.65, 20254.0], [4114.75, 19.0], [4114.85, 23719.0], [4114.9, 5063.0], [4115.0, 59797.0], [4115.1, 19422.0], [4115.15, 19052.0], [4115.2, 1514.0], [4115.4, 5060.0], [4115.5, 39.0]]}}}
