{"jsonrpc": "2.0", "id": 1, "result": ["book.ETH-PERPETUAL.none.20.100ms"], "usIn": 1766243565779679, "usOut": 1766243565779854, "usDiff": 175, "testnet": false}
{"jsonrpc": "2.0", "method": "subscription", "params": {"channel": "book.ETH-PERPETUAL.none.20.100ms", "data": {"timestamp": 1766243565584, "change_id": 102222352431, "instrument_name": "ETH-PERPETUAL", "bids": [[2977.4, 8724.0], [2977.15, 85.0], [2976.85, 4527.0], [2976.8, 13269.0], [2976.75, 6210.0], [2976.6, 1427.0], [2976.55, 1780.0], [2976.5, 2999.0], [2976.45, 3000.0], [2976.3, 3579.0], [2976.25, 5913.0], [2976.15, 15901.0], [2976.1, 50000.0], [2976.05, 3000.0], [2976.0, 905.0], [2975.95, 1383.0], [2975.9, 5381.0], [2975.85, 18027.0], [2975.8, 400.0], [2975.75, 138.0]], "asks": [[2977.45, 33536.0], [2977.6, 2749.0], [2977.65, 9210.0], [2977.8, 3055.0], [2977.85, 4188.0], [2977.9, 6555.0], [2977.95, 17556.0], [2978.0, 90.0], [2978.05, 63274.0], [2978.1, 11554.0], [2978.2, 21276.0], [2978.25, 6545.0], [2978.3, 965.0], [2978.4, 2302.0], [2978.45, 6534.0], [2978.5, 149.0], [2978.55, 1950.0], [2978.6, 4500.0], [2978.7, 6589.0], [2978.85, 3533.0]]}}}
{"jsonrpc": "2.0", "method": "subscription", "params": {"channel": "book.ETH-PERPETUAL.none.20.100ms", "data": {"timestamp": 1766243565907, "change_id": 102222352923, "instrument_name": "ETH-PERPETUAL", "bids": [[2977.4, 8724.0], [2977.15, 85.0], [2976.85, 4527.0], [2976.8, 13269.0], [2976.75, 6210.0], [2976.6, 1427.0], [2976.55, 1780.0], [2976.5, 2999.0], [2976.45, 3000.0], [2976.3, 3579.0], [2976.25, 5913.0], [2976.15, 15901.0], [2976.1, 50000.0], [2976.05, 3000.0], [2976.0, 905.0], [2975.95, 1383.0], [2975.9, 5381.0], [2975.85, 18027.0], [2975.8, 400.0], [2975.75, 138.0]], "asks": [[2977.45, 33536.0], [2977.6, 2749.0], [2977.65, 9210.0], [2977.8, 3055.0], [2977.85, 4188.0], [2977.9, 6555.0], [2977.95, 17556.0], [2978.0, 90.0], [2978.05, 63274.0], [2978.1, 11554.0], [2978.2, 21276.0], [2978.25, 6545.0], [2978.3, 965.0], [2978.4, 2302.0], [2978.45, 6534.0], [2978.5, 149.0], [2978.55, 1950.0], [2978.6, 4500.0], [2978.7, 6589.0], [2978.85, 3533.0]]}}}
{"jsonrpc": "2.0", "method": "subscription", "params": {"channel": "book.ETH-PERPETUAL.none.20.100ms", "data": {"timestamp": 1766243566195, "change_id": 102222353170, "instrument_name": "ETH-PERPETUAL", "bids": [[2977.4, 8724.0], [2977.15, 85.0], [2976.85, 4527.0], [2976.8, 13269.0], [2976.75, 6210.0], [2976.6, 1427.0], [2976.55, 1780.0], [2976.5, 2999.0], [2976.45, 3000.0], [2976.3, 3579.0], [2976.25, 5913.0], [2976.15, 15901.0], [2976.1, 50000.0], [2976.05, 3000.0], [2976.0, 905.0], [2975.95, 1383.0], [2975.9, 5381.0], [2975.85, 18027.0], [2975.8, 400.0], [2975.75, 138.0]], "asks": [[2977.45, 33536.0], [2977.6, 2749.0], [2977.65, 9210.0], [2977.8, 3055.0], [2977.85, 4188.0], [2977.9, 6555.0], [2977.95, 17556.0], [2978.0, 90.0], [2978.05, 63274.0], [2978.1, 11554.0], [2978.2, 21276.0], [2978.25, 6545.0], [2978.3, 965.0], [2978.4, 2302.0], [2978.45, 6534.0], [2978.5, 149.0], [2978.55, 1950.0], [2978.6, 4500.0], [2978.7, 6589.0], [2978.85, 3533.0]]}}}
{"jsonrpc": "2.0", "method": "subscription", "params": {"channel": "book.ETH-PERPETUAL.none.20.100ms", "data": {"timestamp": 1766243566610, "change_id": 102222353398, "instrument_name": "ETH-PERPETUAL", "bids": [[2977.4, 8712.0], [2977.15, 85.0], [2976.85, 4527.0], [2976.8, 13269.0], [2976.75, 6210.0], [2976.6, 1427.0], [2976.55, 1780.0], [2976.5, 2999.0], [2976.45, 3000.0], [2976.3, 3579.0], [2976.25, 5913.0], [2976.15, 15901.0], [2976.1, 50000.0], [2976.05, 3000.0], [2976.0, 905.0], [2975.95, 1383.0], [2975.9, 5381.0], [2975.85, 18027.0], [2975.8, 400.0], [2975.75, 138.0]], "asks": [[2977.45, 33536.0], [2977.6, 2749.0], [2977.65, 9210.0], [2977.8, 3055.0], [2977.85, 4188.0], [2977.9, 6555.0], [2977.95, 17556.0], [2978.0, 90.0], [2978.05, 63274.0], [2978.1, 11554.0], [2978.2, 21276.0], [2978.25, 6545.0], [2978.3, 965.0], [2978.4, 2302.0], [2978.45, 6534.0], [2978.5, 149.0], [2978.55, 1950.0], [2978.6, 4500.0], [2978.7, 6589.0], [2978.85, 3533.0]]}}}
{"jsonrpc": "2.0", "method": "subscription", "params": {"channel": "book.ETH-PERPETUAL.none.20.100ms", "data": {"timestamp": 1766243566911, "change_id": 102222353776, "instrument_name": "ETH-PERPETUAL", "bids": [[2977.4, 8712.0], [2977.15, 85.0], [2976.85, 4527.0], [2976.8, 13269.0], [2976.75, 6210.0], [2976.6, 1427.0], [2976.55, 1780.0], [2976.5, 2999.0], [2976.45, 3000.0], [2976.3, 3579.0], [2976.25, 5913.0], [2976.15, 15901.0], [2976.1, 50000.0], [2976.05, 3000.0], [2976.0, 905.0], [2975.95, 1383.0], [2975.9, 5381.0], [2975.85, 18027.0], [2975.8, 400.0], [2975.75, 138.0]], "asks": [[2977.45, 33536.0], [2977.6, 2749.0], [2977.65, 9210.0], [2977.8, 3055.0], [2977.85, 4188.0], [2977.9, 6555.0], [2977.95, 17556.0], [2978.0, 90.0], [2978.05, 63274.0], [2978.1, 11554.0], [2978.2, 21276.0], [2978.25, 6545.0], [2978.3, 965.0], [2978.4, 2302.0], [2978.45, 6534.0], [2978.5, 149.0], [2978.55, 1950.0], [2978.6, 4500.0], [2978.7, 6589.0], [2978.85, 3533.0]]}}}
{"jsonrpc": "2.0", "method": "subscription", "params": {"channel": "book.ETH-PERPETUAL.none.20.100ms", "data": {"timestamp": 1766243567244, "change_id": 102222354019, "instrument_name": "ETH-PERPETUAL", "bids": [[2977.4, 2711.0], [2977.15, 85.0], [2976.85, 4527.0], [2976.8, 13269.0], [2976.75, 6210.0], [2976.6, 1427.0], [2976.55, 1780.0], [2976.5, 2999.0], [2976.45, 3000.0], [2976.3, 3579.0], [2976.25, 5913.0], [2976.15, 15901.0], [2976.1, 50000.0], [2976.05, 3000.0], [2976.0, 905.0], [2975.95, 1383.0], [2975.9, 5381.0], [2975.85, 18027.0], [2975.8, 400.0], [2975.75, 138.0]], "asks": [[2977.45, 33536.0], [2977.6, 2749.0], [2977.65, 9210.0], [2977.8, 3055.0], [2977.85, 4188.0], [2977.9, 6555.0], [2977.95, 17556.0], [2978.0, 90.0], [2978.05, 63274.0], [2978.1, 11554.0], [2978.2, 21276.0], [2978.25, 6545.0], [2978.3, 965.0], [2978.4, 2302.0], [2978.45, 6534.0], [2978.5, 149.0], [2978.55, 1950.0], [2978.6, 4500.0], [2978.7, 6589.0], [2978.85, 3533.0]]}}}
{"jsonrpc": "2.0", "method": "subscription", "params": {"channel": "book.ETH-PERPETUAL.none.20.100ms", "data": {"timestamp": 1766243567604, "change_id": 102222354250, "instrument_name": "ETH-PERPETUAL", "bids": [[2977.4, 2711.0], [2977.15, 85.0], [2976.85, 4527.0], [2976.8, 13269.0], [2976.75, 6210.0], [2976.6, 1427.0], [2976.55, 1780.0], [2976.5, 2999.0], [2976.45, 3000.0], [2976.3, 3579.0], [2976.25, 5913.0], [2976.15, 15901.0], [2976.1, 50000.0], [2976.05, 3000.0], [2976.0, 905.0], [2975.95, 1383.0], [2975.9, 5381.0], [2975.85, 18027.0], [2975.8, 400.0], [2975.75, 138.0]], "asks": [[2977.45, 33536.0], [2977.6, 2749.0], [2977.65, 9210.0], [2977.8, 3055.0], [2977.85, 4188.0], [2977.9, 6555.0], [2977.95, 17556.0], [2978.0, 90.0], [2978.05, 63274.0], [2978.1, 11554.0], [2978.2, 21276.0], [2978.25, 6545.0], [2978.3, 965.0], [2978.4, 2302.0], [2978.45, 6534.0], [2978.5, 149.0], [2978.55, 1950.0], [2978.6, 4500.0], [2978.7, 6589.0], [2978.85, 3533.0]]}}}
{"jsonrpc": "2.0", "method": "subscription", "params": {"channel": "book.ETH-PERPETUAL.none.20.100ms", "data": {"timestamp": 1766243567956, "change_id": 102222354706, "instrument_name": "ETH-PERPETUAL", "bids": [[2977.4, 2711.0], [2977.15, 85.0], [2976.85, 4527.0], [2976.8, 13269.0], [2976.75, 6210.0], [2976.6, 1427.0], [2976.55, 1780.0], [2976.5, 2999.0], [2976.45, 3000.0], [2976.3, 3579.0], [2976.25, 5913.0], [2976.15, 15901.0], [2976.1, 50000.0], [2976.05, 3000.0], [2976.0, 905.0], [2975.95, 1383.0], [2975.9, 5381.0], [2975.85, 18027.0], [2975.8, 400.0], [2975.75, 138.0]], "asks": [[2977.45, 33345.0], [2977.6, 2749.0], [2977.65, 9210.0], [2977.8, 3055.0], [2977.85, 4188.0], [2977.9, 3555.0], [2977.95, 17556.0], [2978.0, 3090.0], [2978.05, 63274.0], [2978.1, 11554.0], [2978.2, 21276.0], [2978.25, 6545.0], [2978.3, 965.0], [2978.4, 2302.0], [2978.45, 6534.0], [2978.5, 149.0], [2978.55, 1950.0], [2978.6, 4500.0], [2978.7, 6589.0], [2978.85, 3533.0]]}}}
{"jsonrpc": "2.0", "method": "subscription", "params": {"channel": "book.ETH-PERPETUAL.none.20.100ms", "data": {"timestamp": 1766243568277, "change_id": 102222354917, "instrument_name": "ETH-PERPETUAL", "bids": [[2977.4, 6005.0], [2977.15, 85.0], [2976.85, 4527.0], [2976.8, 13269.0], [2976.75, 6210.0], [2976.6, 1427.0], [2976.55, 1780.0], [2976.5, 2999.0], [2976.45, 3000.0], [2976.3, 3579.0], [2976.25, 5913.0], [2976.15, 15901.0], [2976.1, 50000.0], [2976.05, 3000.0], [2976.0, 905.0], [2975.95, 1383.0], [2975.9, 5381.0], [2975.85, 18027.0], [2975.8, 400.0], [2975.75, 138.0]], "asks": [[2977.45, 33345.0], [2977.6, 2749.0], [2977.65, 9210.0], [2977.8, 3055.0], [2977.85, 4188.0], [2977.9, 6555.0], [2977.95, 17556.0], [2978.0, 90.0], [2978.05, 63274.0], [2978.1, 11554.0], [2978.2, 21276.0], [2978.25, 6545.0], [2978.3, 965.0], [2978.4, 2302.0], [2978.45, 6534.0], [2978.5, 149.0], [2978.55, 1950.0], [2978.6, 4500.0], [2978.7, 6589.0], [2978.85, 3533.0]]}}}
{"jsonrpc": "2.0", "method": "subscription", "params": {"channel": "book.ETH-PERPETUAL.none.20.100ms", "data": {"timestamp": 1766243568550, "change_id": 102222355044, "instrument_name": "ETH-PERPETUAL", "bids": [[2977.4, 6005.0], [2977.15, 85.0], [2976.85, 10737.0], [2976.8, 13269.0], [2976.6, 1427.0], [2976.55, 1780.0], [2976.5, 2999.0], [2976.45, 3000.0], [2976.3, 3579.0], [2976.25, 5913.0], [2976.15, 15901.0], [2976.1, 50000.0], [2976.05, 3000.0], [2976.0, 905.0], [2975.95, 1383.0], [2975.9, 5381.0], [2975.85, 18027.0], [2975.8, 400.0], [2975.75, 138.0], [2975.7, 1153.0]], "asks": [[2977.45, 33345.0], [2977.6, 2749.0], [2977.65, 9210.0], [2977.8, 3055.0], [2977.85, 4188.0], [2977.9, 3555.0], [2977.95, 17556.0], [2978.0, 3090.0], [2978.05, 63274.0], [2978.1, 11554.0], [2978.2, 21276.0], [2978.25, 6545.0], [2978.3, 965.0], [2978.4, 2302.0], [2978.45, 6534.0], [2978.5, 149.0], [2978.55, 1950.0], [2978.6, 4500.0], [2978.7, 6589.0], [2978.85, 3533.0]]}}}
{"jsonrpc": "2.0", "method": "subscription", "params": {"channel": "book.ETH-PERPETUAL.none.20.100ms", "data": {"timestamp": 1766243568944, "change_id": 102222355669, "instrument_name": "ETH-PERPETUAL", "bids": [[2977.4, 6005.0], [2977.15, 85.0], [2976.85, 10737.0], [2976.8, 13269.0], [2976.6, 1427.0], [2976.55, 1780.0], [2976.5, 2999.0], [2976.45, 3000.0], [2976.3, 3579.0], [2976.25, 5913.0], [2976.15, 15901.0], [2976.1, 50000.0], [2976.05, 3000.0], [2976.0, 905.0], [2975.95, 1383.0], [2975.9, 5381.0], [2975.85, 18027.0], [2975.8, 400.0], [2975.75, 138.0], [2975.7, 1153.0]], "asks": [[2977.45, 33345.0], [2977.6, 2749.0], [2977.65, 9210.0], [2977.8, 3055.0], [2977.85, 4188.0], [2977.9, 3555.0], [2977.95, 17556.0], [2978.0, 3090.0], [2978.05, 63274.0], [2978.1, 11554.0], [2978.2, 21276.0], [2978.25, 6545.0], [2978.3, 965.0], [2978.4, 2302.0], [2978.45, 6534.0], [2978.5, 149.0], [2978.55, 1950.0], [2978.6, 4500.0], [2978.7, 6589.0], [2978.85, 3533.0]]}}}
{"jsonrpc": "2.0", "method": "subscription", "params": {"channel": "book.ETH-PERPETUAL.none.20.100ms", "data": {"timestamp": 1766243569261, "change_id": 102222355967, "instrument_name": "ETH-PERPETUAL", "bids": [[2977.4, 4.0], [2977.15, 85.0], [2976.85, 10737.0], [2976.8, 13269.0], [2976.6, 1427.0], [2976.55, 1780.0], [2976.5, 2999.0], [2976.45, 3000.0], [2976.3, 3579.0], [2976.25, 5913.0], [2976.15, 15901.0], [2976.1, 50000.0], [2976.05, 3000.0], [2976.0, 905.0], [2975.95, 1383.0], [2975.9, 5381.0], [2975.85, 18027.0], [2975.8, 400.0], [2975.75, 138.0], [2975.7, 1153.0]], "asks": [[2977.45, 33345.0], [2977.6, 2749.0], [2977.65, 9210.0], [2977.8, 3055.0], [2977.85, 4188.0], [2977.9, 3555.0], [2977.95, 17556.0], [2978.0, 3090.0], [2978.05, 63274.0], [2978.1, 11554.0], [2978.2, 21276.0], [2978.25, 6545.0], [2978.3, 965.0], [2978.4, 2302.0], [2978.45, 6534.0], [2978.5, 149.0], [2978.55, 1950.0], [2978.6, 4500.0], [2978.7, 6589.0], [2978.85, 3533.0]]}}}
{"jsonrpc": "2.0", "method": "subscription", "params": {"channel": "book.ETH-PERPETUAL.none.20.100ms", "data": {"timestamp": 1766243569525, "change_id": 102222356103, "instrument_name": "ETH-PERPETUAL", "bids": [[2977.4, 6005.0], [2977.15, 85.0], [2976.85, 10737.0], [2976.8, 13269.0], [2976.6, 1427.0], [2976.55, 1780.0], [2976.5, 2999.0], [2976.45, 3000.0], [2976.3, 3579.0], [2976.25, 5913.0], [2976.15, 15901.0], [2976.1, 50000.0], [2976.05, 3000.0], [2976.0, 905.0], [2975.95, 1383.0], [2975.9, 5381.0], [2975.85, 18027.0], [2975.8, 400.0], [2975.75, 138.0], [2975.7, 1153.0]], "asks": [[2977.45, 33345.0], [2977.6, 2749.0], [2977.65, 9210.0], [2977.8, 3055.0], [2977.85, 4188.0], [2977.9, 3555.0], [2977.95, 17556.0], [2978.0, 3090.0], [2978.05, 63274.0], [2978.1, 11554.0], [2978.2, 21276.0], [2978.25, 6545.0], [2978.3, 965.0], [2978.4, 2302.0], [2978.45, 6534.0], [2978.5, 149.0], [2978.55, 1950.0], [2978.6, 4500.0], [2978.7, 6589.0], [2978.85, 3533.0]]}}}
{"jsonrpc": "2.0", "method": "subscription", "params": {"channel": "book.ETH-PERPETUAL.none.20.100ms", "data": {"timestamp": 1766243569908, "change_id": 102222356594, "instrument_name": "ETH-PERPETUAL", "bids": [[2977.4, 6005.0], [2977.15, 85.0], [2976.85, 10737.0], [2976.8, 13269.0], [2976.6, 1427.0], [2976.55, 1780.0], [2976.5, 2999.0], [2976.45, 3000.0], [2976.3, 3579.0], [2976.25, 5913.0], [2976.15, 15901.0], [2976.1, 50000.0], [2976.05, 3000.0], [2976.0, 905.0], [2975.95, 1383.0], [2975.9, 5381.0], [2975.85, 18027.0], [2975.8, 400.0], [2975.75, 138.0], [2975.7, 1153.0]], "asks": [[2977.45, 33525.0], [2977.6, 2749.0], [2977.65, 9210.0], [2977.8, 3055.0], [2977.85, 4188.0], [2977.9, 3555.0], [2977.95, 17556.0], [2978.0, 3090.0], [2978.05, 63274.0], [2978.1, 11554.0], [2978.2, 21276.0], [2978.25, 6545.0], [2978.3, 965.0], [2978.4, 2302.0], [2978.45, 6534.0], [2978.5, 149.0], [2978.55, 1950.0], [2978.6, 4500.0], [2978.7, 6589.0], [2978.85, 3533.0]]}}}
{"jsonrpc": "2.0", "method": "subscription", "params": {"channel": "book.ETH-PERPETUAL.none.20.100ms", "data": {"timestamp": 1766243570257, "change_id": 102222356876, "instrument_name": "ETH-PERPETUAL", "bids": [[2977.4, 6005.0], [2977.15, 85.0], [2976.85, 10737.0], [2976.8, 13269.0], [2976.6, 1427.0], [2976.55, 1780.0], [2976.5, 2999.0], [2976.45, 3000.0], [2976.3, 3579.0], [2976.25, 5913.0], [2976.15, 15901.0], [2976.1, 50000.0], [2976.05, 3000.0], [2976.0, 905.0], [2975.95, 1383.0], [2975.9, 5381.0], [2975.85, 18027.0], [2975.8, 400.0], [2975.75, 138.0], [2975.7, 1153.0]], "asks": [[2977.45, 33525.0], [2977.6, 2749.0], [2977.65, 9210.0], [2977.8, 3055.0], [2977.85, 4188.0], [2977.9, 3555.0], [2977.95, 17556.0], [2978.0, 3090.0], [2978.05, 63274.0], [2978.1, 11554.0], [2978.2, 21276.0], [2978.25, 6545.0], [2978.3, 965.0], [2978.4, 2302.0], [2978.45, 6534.0], [2978.5, 149.0], [2978.55, 1950.0], [2978.6, 4500.0], [2978.7, 6589.0], [2978.85, 3533.0]]}}}
{"jsonrpc": "2.0", "method": "subscription", "params": {"channel": "book.ETH-PERPETUAL.none.20.100ms", "data": {"timestamp": 1766243570539, "change_id": 102222357007, "instrument_name": "ETH-PERPETUAL", "bids": [[2977.4, 6005.0], [2977.15, 85.0], [2976.85, 10737.0], [2976.8, 13269.0], [2976.6, 1427.0], [2976.55, 1780.0], [2976.5, 2999.0], [2976.45, 3000.0], [2976.3, 3579.0], [2976.25, 5913.0], [2976.15, 15901.0], [2976.1, 50000.0], [2976.05, 3000.0], [2976.0, 905.0], [2975.95, 1383.0], [2975.9, 5381.0], [2975.85, 18027.0], [2975.8, 400.0], [2975.75, 138.0], [2975.7, 1153.0]], "asks": [[2977.45, 33525.0], [2977.6, 2749.0], [2977.65, 9210.0], [2977.8, 3055.0], [2977.85, 4188.0], [2977.9, 3555.0], [2977.95, 17556.0], [2978.0, 3090.0], [2978.05, 63274.0], [2978.1, 11554.0], [2978.2, 21276.0], [2978.25, 6545.0], [2978.3, 965.0], [2978.4, 2302.0], [2978.45, 6534.0], [2978.5, 149.0], [2978.55, 1950.0], [2978.6, 4500.0], [2978.7, 6589.0], [2978.85, 3533.0]]}}}
{"jsonrpc": "2.0", "method": "subscription", "params": {"channel": "book.ETH-PERPETUAL.none.20.100ms", "data": {"timestamp": 1766243570910, "change_id": 102222357491, "instrument_name": "ETH-PERPETUAL", "bids": [[2977.4, 6005.0], [2977.15, 85.0], [2976.85, 10737.0], [2976.8, 13269.0], [2976.6, 1427.0], [2976.55, 1780.0], [2976.5, 2999.0], [2976.45, 3000.0], [2976.3, 3579.0], [2976.25, 5913.0], [2976.15, 15901.0], [2976.1, 50000.0], [2976.05, 3000.0], [2976.0, 905.0], [2975.95, 1383.0], [2975.9, 5381.0], [2975.85, 18027.0], [2975.8, 400.0], [2975.75, 138.0], [2975.7, 1153.0]], "asks": [[2977.45, 33525.0], [2977.6, 2749.0], [2977.65, 9210.0], [2977.8, 3055.0], [2977.85, 4188.0], [2977.9, 3555.0], [2977.95, 17556.0], [2978.0, 3090.0], [2978.05, 63274.0], [2978.1, 11554.0], [2978.2, 21276.0], [2978.25, 6545.0], [2978.3, 965.0], [2978.4, 2302.0], [2978.45, 6534.0], [2978.5, 149.0], [2978.55, 1950.0], [2978.6, 4500.0], [2978.7, 6589.0], [2978.85, 3533.0]]}}}
{"jsonrpc": "2.0", "method": "subscription", "params": {"channel": "book.ETH-PERPETUAL.none.20.100ms", "data": {"timestamp": 1766243571258, "change_id": 102222357847, "instrument_name": "ETH-PERPETUAL", "bids": [[2977.2, 9865.0], [2977.15, 85.0], [2976.9, 3100.0], [2976.85, 4527.0], [2976.8, 13269.0], [2976.6, 1427.0], [2976.55, 1780.0], [2976.5, 2999.0], [2976.45, 3000.0], [2976.3, 3579.0], [2976.25, 5913.0], [2976.15, 15901.0], [2976.1, 50000.0], [2976.05, 3000.0], [2976.0, 905.0], [2975.95, 1383.0], [2975.9, 5381.0], [2975.85, 18027.0], [2975.8, 400.0], [2975.75, 138.0]], "asks": [[2977.25, 5345.0], [2977.4, 3900.0], [2977.45, 28180.0], [2977.6, 2749.0], [2977.65, 9210.0], [2977.8, 3055.0], [2977.85, 4188.0], [2977.9, 6555.0], [2977.95, 17556.0], [2978.0, 90.0], [2978.05, 63274.0], [2978.1, 11554.0], [2978.2, 21276.0], [2978.25, 6545.0], [2978.3, 965.0], [2978.4, 2302.0], [2978.45, 6534.0], [2978.5, 149.0], [2978.55, 1950.0], [2978.6, 4500.0]]}}}
{"jsonrpc": "2.0", "method": "subscription", "params": {"channel": "book.ETH-PERPETUAL.none.20.100ms", "data": {"timestamp": 1766243571528, "change_id": 102222357954, "instrument_name": "ETH-PERPETUAL", "bids": [[2977.2, 9965.0], [2977.15, 85.0], [2976.9, 3100.0], [2976.85, 10737.0], [2976.8, 13269.0], [2976.6, 1427.0], [2976.55, 1780.0], [2976.5, 2999.0], [2976.45, 3000.0], [2976.3, 3579.0], [2976.25, 5913.0], [2976.15, 15901.0], [2976.1, 50000.0], [2976.05, 3000.0], [2976.0, 905.0], [2975.95, 1383.0], [2975.9, 5381.0], [2975.85, 18027.0], [2975.8, 400.0], [2975.75, 138.0]], "asks": [[2977.25, 5345.0], [2977.4, 3900.0], [2977.45, 28180.0], [2977.6, 2749.0], [2977.65, 9210.0], [2977.8, 3055.0], [2977.85, 4188.0], [2977.9, 3555.0], [2977.95, 17556.0], [2978.0, 3090.0], [2978.05, 63274.0], [2978.1, 11554.0], [2978.2, 21276.0], [2978.25, 6545.0], [2978.3, 965.0], [2978.4, 2302.0], [2978.45, 6534.0], [2978.5, 149.0], [2978.55, 1950.0], [2978.6, 4500.0]]}}}
{"jsonrpc": "2.0", "method": "subscription", "params": {"channel": "book.ETH-PERPETUAL.none.20.100ms", "data": {"timestamp": 1766243571909, "change_id": 102222358530, "instrument_name": "ETH-PERPETUAL", "bids": [[2977.2, 9185.0], [2977.15, 85.0], [2976.85, 10737.0], [2976.8, 13269.0], [2976.6, 1427.0], [2976.55, 1780.0], [2976.5, 2999.0], [2976.45, 3000.0], [2976.3, 3579.0], [2976.25, 5913.0], [2976.15, 15901.0], [2976.1, 50000.0], [2976.05, 3000.0], [2976.0, 905.0], [2975.95, 1383.0], [2975.9, 5381.0], [2975.85, 18027.0], [2975.8, 400.0], [2975.75, 138.0], [2975.7, 1153.0]], "asks": [[2977.25, 5345.0], [2977.4, 3900.0], [2977.45, 28180.0], [2977.6, 2749.0], [2977.65, 9210.0], [2977.8, 3055.0], [2977.85, 4188.0], [2977.9, 3555.0], [2977.95, 17556.0], [2978.0, 3090.0], [2978.05, 63274.0], [2978.1, 11554.0], [2978.2, 21276.0], [2978.25, 6545.0], [2978.3, 965.0], [2978.4, 2302.0], [2978.45, 6534.0], [2978.5, 149.0], [2978.55, 1950.0], [2978.6, 4500.0]]}}}
{"jsonrpc": "2.0", "method": "subscription", "params": {"channel": "book.ETH-PERPETUAL.none.20.100ms", "data": {"timestamp": 1766243572240, "change_id": 102222358822, "instrument_name": "ETH-PERPETUAL", "bids": [[2977.2, 9185.0], [2977.15, 85.0], [2976.85, 10737.0], [2976.8, 13269.0], [2976.6, 1427.0], [2976.55, 1780.0], [2976.5, 2999.0], [2976.45, 3000.0], [2976.3, 3579.0], [2976.25, 5913.0], [2976.15, 15901.0], [2976.1, 50000.0], [2976.05, 3000.0], [2976.0, 905.0], [2975.95, 1383.0], [2975.9, 5381.0], [2975.85, 18027.0], [2975.8, 400.0], [2975.75, 138.0], [2975.7, 1153.0]], "asks": [[2977.25, 5345.0], [2977.4, 3900.0], [2977.45, 28000.0], [2977.6, 2749.0], [2977.65, 9210.0], [2977.8, 3055.0], [2977.85, 4188.0], [2977.9, 3555.0], [2977.95, 17556.0], [2978.0, 3090.0], [2978.05, 63274.0], [2978.1, 11554.0], [2978.2, 21276.0], [2978.25, 6545.0], [2978.3, 965.0], [2978.4, 2302.0], [2978.45, 6534.0], [2978.5, 149.0], [2978.55, 1950.0], [2978.6, 4500.0]]}}}
{"jsonrpc": "2.0", "method": "subscription", "params": {"channel": "book.ETH-PERPETUAL.none.20.100ms", "data": {"timestamp": 1766243572529, "change_id": 102222358959, "instrument_name": "ETH-PERPETUAL", "bids": [[2977.2, 9185.0], [2977.15, 85.0], [2976.85, 10737.0], [2976.8, 13269.0], [2976.6, 1427.0], [2976.55, 1780.0], [2976.5, 2999.0], [2976.45, 3000.0], [2976.3, 3579.0], [2976.25, 5913.0], [2976.15, 15901.0], [2976.1, 50000.0], [2976.05, 3000.0], [2976.0, 905.0], [2975.95, 1383.0], [2975.9, 5381.0], [2975.85, 18027.0], [2975.8, 400.0], [2975.75, 138.0], [2975.7, 1153.0]], "asks": [[2977.25, 5345.0], [2977.4, 3900.0], [2977.45, 28000.0], [2977.6, 2749.0], [2977.65, 9210.0], [2977.8, 3055.0], [2977.85, 4188.0], [2977.9, 3555.0], [2977.95, 17556.0], [2978.0, 3090.0], [2978.05, 63274.0], [2978.1, 11554.0], [2978.2, 21276.0], [2978.25, 6545.0], [2978.3, 965.0], [2978.4, 2302.0], [2978.45, 6534.0], [2978.5, 149.0], [2978.55, 1950.0], [2978.6, 4500.0]]}}}
{"jsonrpc": "2.0", "method": "subscription", "params": {"channel": "book.ETH-PERPETUAL.none.20.100ms", "data": {"timestamp": 1766243572909, "change_id": 102222359480, "instrument_name": "ETH-PERPETUAL", "bids": [[2977.2, 9185.0], [2977.15, 85.0], [2976.85, 10737.0], [2976.8, 13269.0], [2976.6, 1427.0], [2976.55, 1780.0], [2976.5, 2999.0], [2976.45, 3000.0], [2976.3, 3579.0], [2976.25, 5913.0], [2976.15, 15901.0], [2976.1, 50000.0], [2976.05, 3000.0], [2976.0, 905.0], [2975.95, 1383.0], [2975.9, 5381.0], [2975.85, 18027.0], [2975.8, 400.0], [2975.75, 138.0], [2975.7, 1153.0]], "asks": [[2977.25, 5345.0], [2977.4, 3900.0], [2977.45, 28000.0], [2977.6, 2749.0], [2977.65, 9210.0], [2977.8, 3055.0], [2977.85, 4188.0], [2977.9, 3555.0], [2977.95, 17556.0], [2978.0, 3090.0], [2978.05, 63274.0], [2978.1, 11554.0], [2978.2, 21276.0], [2978.25, 6545.0], [2978.3, 965.0], [2978.4, 2302.0], [2978.45, 6534.0], [2978.5, 149.0], [2978.55, 1950.0], [2978.6, 4500.0]]}}}
{"jsonrpc": "2.0", "method": "subscription", "params": {"channel": "book.ETH-PERPETUAL.none.20.100ms", "data": {"timestamp": 1766243573121, "change_id": 102222360023, "instrument_name": "ETH-PERPETUAL", "bids": [[2977.2, 9185.0], [2977.15, 85.0], [2976.85, 10737.0], [2976.8, 13269.0], [2976.6, 1427.0], [2976.55, 1780.0], [2976.5, 2999.0], [2976.45, 3000.0], [2976.3, 3579.0], [2976.25, 5913.0], [2976.15, 15901.0], [2976.1, 50000.0], [2976.05, 3000.0], [2976.0, 905.0], [2975.95, 1383.0], [2975.9, 5381.0], [2975.85, 18027.0], [2975.8, 400.0], [2975.75, 138.0], [2975.7, 1153.0]], "asks": [[2977.25, 5345.0], [2977.4, 3900.0], [2977.45, 28000.0], [2977.6, 2749.0], [2977.65, 9210.0], [2977.8, 3055.0], [2977.85, 4188.0], [2977.9, 6555.0], [2977.95, 17556.0], [2978.0, 90.0], [2978.05, 63274.0], [2978.1, 11554.0], [2978.2, 21276.0], [2978.25, 6545.0], [2978.3, 965.0], [2978.4, 2302.0], [2978.45, 6534.0], [2978.5, 149.0], [2978.55, 1950.0], [2978.6, 4500.0]]}}}
{"jsonrpc": "2.0", "method": "subscription", "params": {"channel": "book.ETH-PERPETUAL.none.20.100ms", "data": {"timestamp": 1766243573533, "change_id": 102222360361, "instrument_name": "ETH-PERPETUAL", "bids": [[2977.2, 9185.0], [2977.15, 85.0], [2976.85, 10737.0], [2976.8, 13269.0], [2976.6, 1427.0], [2976.55, 1780.0], [2976.5, 2999.0], [2976.45, 3000.0], [2976.3, 3579.0], [2976.25, 5913.0], [2976.15, 15901.0], [2976.1, 50000.0], [2976.05, 3000.0], [2976.0, 905.0], [2975.95, 1383.0], [2975.9, 5381.0], [2975.85, 18027.0], [2975.8, 400.0], [2975.75, 138.0], [2975.7, 1153.0]], "asks": [[2977.25, 5345.0], [2977.4, 3900.0], [2977.45, 28000.0], [2977.6, 2749.0], [2977.65, 9210.0], [2977.8, 3055.0], [2977.85, 4188.0], [2977.9, 6555.0], [2977.95, 17556.0], [2978.0, 90.0], [2978.05, 63274.0], [2978.1, 11554.0], [2978.2, 21276.0], [2978.25, 6545.0], [2978.3, 965.0], [2978.4, 2302.0], [2978.45, 6534.0], [2978.5, 149.0], [2978.55, 1950.0], [2978.6, 4500.0]]}}}
{"jsonrpc": "2.0", "method": "subscription", "params": {"channel": "book.ETH-PERPETUAL.none.20.100ms", "data": {"timestamp": 1766243573899, "change_id": 102222360915, "instrument_name": "ETH-PERPETUAL", "bids": [[2977.2, 9185.0], [2977.15, 85.0], [2976.85, 10737.0], [2976.8, 13269.0], [2976.6, 1427.0], [2976.55, 1780.0], [2976.5, 2999.0], [2976.45, 3000.0], [2976.3, 3579.0], [2976.25, 5913.0], [2976.15, 15901.0], [2976.1, 50000.0], [2976.05, 3000.0], [2976.0, 905.0], [2975.95, 1383.0], [2975.9, 5381.0], [2975.85, 18027.0], [2975.8, 400.0], [2975.75, 138.0], [2975.7, 1153.0]], "asks": [[2977.25, 5345.0], [2977.4, 3900.0], [2977.45, 28000.0], [2977.6, 2749.0], [2977.65, 9210.0], [2977.8, 3055.0], [2977.85, 4188.0], [2977.9, 6555.0], [2977.95, 17556.0], [2978.0, 90.0], [2978.05, 63274.0], [2978.1, 11554.0], [2978.2, 21276.0], [2978.25, 6545.0], [2978.3, 965.0], [2978.4, 2302.0], [2978.45, 6534.0], [2978.5, 149.0], [2978.55, 1950.0], [2978.6, 4500.0]]}}}
{"jsonrpc": "2.0", "method": "subscription", "params": {"channel": "book.ETH-PERPETUAL.none.20.100ms", "data": {"timestamp": 1766243574230, "change_id": 102222361227, "instrument_name": "ETH-PERPETUAL", "bids": [[2977.2, 9185.0], [2977.15, 85.0], [2976.85, 10737.0], [2976.8, 13269.0], [2976.6, 1427.0], [2976.55, 1780.0], [2976.5, 2999.0], [2976.45, 3000.0], [2976.3, 3579.0], [2976.25, 5913.0], [2976.15, 15901.0], [2976.1, 50000.0], [2976.05, 3000.0], [2976.0, 2213.0], [2975.95, 1383.0], [2975.85, 17654.0], [2975.8, 400.0], [2975.75, 138.0], [2975.7, 1153.0], [2975.6, 5303.0]], "asks": [[2977.25, 5516.0], [2977.4, 3900.0], [2977.45, 28000.0], [2977.6, 2749.0], [2977.65, 9210.0], [2977.8, 3055.0], [2977.85, 4188.0], [2977.9, 6555.0], [2977.95, 17556.0], [2978.0, 90.0], [2978.05, 63274.0], [2978.1, 11554.0], [2978.2, 21276.0], [2978.25, 6545.0], [2978.3, 965.0], [2978.4, 2302.0], [2978.45, 6534.0], [2978.5, 149.0], [2978.55, 1950.0], [2978.6, 4500.0]]}}}
{"jsonrpc": "2.0", "method": "subscription", "params": {"channel": "book.ETH-PERPETUAL.none.20.100ms", "data": {"timestamp": 1766243574530, "change_id": 102222361482, "instrument_name": "ETH-PERPETUAL", "bids": [[2977.2, 9185.0], [2977.15, 85.0], [2976.85, 10737.0], [2976.8, 13269.0], [2976.6, 1427.0], [2976.55, 1780.0], [2976.5, 2999.0], [2976.45, 3000.0], [2976.3, 3579.0], [2976.25, 5913.0], [2976.15, 15901.0], [2976.1, 50000.0], [2976.05, 3000.0], [2976.0, 2213.0], [2975.95, 1383.0], [2975.85, 17654.0], [2975.8, 400.0], [2975.75, 138.0], [2975.7, 1153.0], [2975.6, 5303.0]], "asks": [[2977.25, 5516.0], [2977.4, 3900.0], [2977.45, 28000.0], [2977.6, 2749.0], [2977.65, 9210.0], [2977.8, 3055.0], [2977.85, 4188.0], [2977.9, 6555.0], [2977.95, 17556.0], [2978.0, 90.0], [2978.05, 63274.0], [2978.1, 11554.0], [2978.2, 21276.0], [2978.25, 6545.0], [2978.3, 965.0], [2978.4, 2302.0], [2978.45, 6534.0], [2978.5, 149.0], [2978.55, 1950.0], [2978.6, 4500.0]]}}}
{"jsonrpc": "2.0", "method": "subscription", "params": {"channel": "book.ETH-PERPETUAL.none.20.100ms", "data": {"timestamp": 1766243574863, "change_id": 102222362679, "instrument_name": "ETH-PERPETUAL", "bids": [[2977.2, 9185.0], [2977.15, 85.0], [2976.85, 10737.0], [2976.8, 13269.0], [2976.6, 1427.0], [2976.55, 1780.0], [2976.5, 2999.0], [2976.45, 3000.0], [2976.3, 3579.0], [2976.25, 5913.0], [2976.15, 15901.0], [2976.1, 50000.0], [2976.05, 3000.0], [2976.0, 2213.0], [2975.95, 1383.0], [2975.85, 17654.0], [2975.8, 400.0], [2975.75, 138.0], [2975.7, 1153.0], [2975.6, 5303.0]], "asks": [[2977.25, 5516.0], [2977.4, 3900.0], [2977.45, 3000.0], [2977.6, 2749.0], [2977.65, 9210.0], [2977.8, 3055.0], [2977.85, 4188.0], [2977.9, 6555.0], [2977.95, 25193.0], [2978.0, 25090.0], [2978.05, 63274.0], [2978.1, 11554.0], [2978.2, 21276.0], [2978.25, 6545.0], [2978.3, 965.0], [2978.4, 2302.0], [2978.45, 6534.0], [2978.5, 149.0], [2978.55, 1950.0], [2978.6, 4500.0]]}}}
{"jsonrpc": "2.0", "method": "subscription", "params": {"channel": "book.ETH-PERPETUAL.none.20.100ms", "data": {"timestamp": 1766243575196, "change_id": 102222363074, "instrument_name": "ETH-PERPETUAL", "bids": [[2977.2, 9185.0], [2977.15, 85.0], [2976.85, 10737.0], [2976.8, 13269.0], [2976.6, 1427.0], [2976.55, 1780.0], [2976.5, 2999.0], [2976.45, 3000.0], [2976.3, 3579.0], [2976.25, 5913.0], [2976.15, 15901.0], [2976.1, 50000.0], [2976.05, 3000.0], [2976.0, 6420.0], [2975.95, 1383.0], [2975.85, 17654.0], [2975.8, 400.0], [2975.75, 138.0], [2975.7, 1153.0], [2975.6, 5303.0]], "asks": [[2977.25, 5516.0], [2977.4, 3900.0], [2977.45, 3000.0], [2977.55, 10212.0], [2977.6, 25000.0], [2977.65, 9210.0], [2977.8, 3055.0], [2977.85, 4188.0], [2977.9, 6555.0], [2977.95, 25193.0], [2978.0, 90.0], [2978.05, 63274.0], [2978.1, 11554.0], [2978.2, 21276.0], [2978.25, 6545.0], [2978.3, 965.0], [2978.4, 2302.0], [2978.45, 6534.0], [2978.5, 149.0], [2978.55, 1950.0]]}}}
{"jsonrpc": "2.0", "method": "subscription", "params": {"channel": "book.ETH-PERPETUAL.none.20.100ms", "data": {"timestamp": 1766243575532, "change_id": 102222363255, "instrument_name": "ETH-PERPETUAL", "bids": [[2977.2, 9174.0], [2977.15, 85.0], [2976.85, 10737.0], [2976.8, 13269.0], [2976.6, 1427.0], [2976.55, 1780.0], [2976.5, 2999.0], [2976.45, 3000.0], [2976.3, 3579.0], [2976.25, 5913.0], [2976.15, 15901.0], [2976.1, 50000.0], [2976.05, 3000.0], [2976.0, 6420.0], [2975.95, 1383.0], [2975.85, 17654.0], [2975.8, 400.0], [2975.75, 138.0], [2975.7, 1153.0], [2975.6, 5303.0]], "asks": [[2977.25, 5516.0], [2977.4, 3900.0], [2977.45, 3000.0], [2977.55, 10212.0], [2977.6, 25000.0], [2977.65, 9210.0], [2977.8, 3055.0], [2977.85, 4188.0], [2977.9, 6555.0], [2977.95, 25193.0], [2978.0, 90.0], [2978.05, 63274.0], [2978.1, 11554.0], [2978.2, 21276.0], [2978.25, 6545.0], [2978.3, 965.0], [2978.4, 2302.0], [2978.45, 6534.0], [2978.5, 149.0], [2978.55, 1950.0]]}}}
{"jsonrpc": "2.0", "method": "subscription", "params": {"channel": "book.ETH-PERPETUAL.none.20.100ms", "data": {"timestamp": 1766243575841, "change_id": 102222364059, "instrument_name": "ETH-PERPETUAL", "bids": [[2977.2, 9174.0], [2977.15, 85.0], [2976.85, 10737.0], [2976.8, 13269.0], [2976.6, 1427.0], [2976.55, 1780.0], [2976.5, 2999.0], [2976.45, 3000.0], [2976.3, 3579.0], [2976.25, 5913.0], [2976.15, 15901.0], [2976.1, 50000.0], [2976.05, 3000.0], [2976.0, 6420.0], [2975.95, 1383.0], [2975.85, 17654.0], [2975.8, 400.0], [2975.75, 138.0], [2975.7, 1153.0], [2975.6, 5303.0]], "asks": [[2977.25, 5516.0], [2977.4, 3900.0], [2977.45, 3000.0], [2977.55, 10212.0], [2977.6, 25000.0], [2977.65, 9210.0], [2977.8, 3055.0], [2977.85, 4188.0], [2977.9, 6555.0], [2977.95, 25193.0], [2978.0, 90.0], [2978.05, 63274.0], [2978.1, 11554.0], [2978.2, 21276.0], [2978.25, 6545.0], [2978.3, 965.0], [2978.4, 2302.0], [2978.45, 6534.0], [2978.5, 149.0], [2978.55, 1950.0]]}}}
{"jsonrpc": "2.0", "method": "subscription", "params": {"channel": "book.ETH-PERPETUAL.none.20.100ms", "data": {"timestamp": 1766243576158, "change_id": 102222365132, "instrument_name": "ETH-PERPETUAL", "bids": [[2977.2, 9174.0], [2977.15, 85.0], [2976.85, 10737.0], [2976.8, 13269.0], [2976.6, 1427.0], [2976.55, 1780.0], [2976.5, 2999.0], [2976.45, 3000.0], [2976.3, 3579.0], [2976.25, 5913.0], [2976.15, 15901.0], [2976.1, 50000.0], [2976.05, 3000.0], [2976.0, 6420.0], [2975.95, 1383.0], [2975.85, 17654.0], [2975.8, 400.0], [2975.75, 138.0], [2975.7, 1153.0], [2975.6, 5303.0]], "asks": [[2977.25, 5516.0], [2977.4, 3900.0], [2977.45, 3000.0], [2977.55, 10212.0], [2977.6, 25000.0], [2977.65, 9210.0], [2977.8, 3055.0], [2977.85, 4188.0], [2977.9, 6555.0], [2977.95, 25193.0], [2978.0, 90.0], [2978.05, 63274.0], [2978.1, 11554.0], [2978.2, 21276.0], [2978.25, 6545.0], [2978.3, 965.0], [2978.4, 2302.0], [2978.45, 6534.0], [2978.5, 149.0], [2978.55, 1950.0]]}}}
{"jsonrpc": "2.0", "method": "subscription", "params": {"channel": "book.ETH-PERPETUAL.none.20.100ms", "data": {"timestamp": 1766243576534, "change_id": 102222365302, "instrument_name": "ETH-PERPETUAL", "bids": [[2977.2, 9174.0], [2977.15, 85.0], [2976.85, 10737.0], [2976.8, 13269.0], [2976.6, 1427.0], [2976.55, 1780.0], [2976.5, 2999.0], [2976.45, 3000.0], [2976.3, 3579.0], [2976.25, 5913.0], [2976.15, 15901.0], [2976.1, 50000.0], [2976.05, 3000.0], [2976.0, 6420.0], [2975.95, 1383.0], [2975.85, 17654.0], [2975.8, 400.0], [2975.75, 138.0], [2975.7, 1153.0], [2975.6, 5303.0]], "asks": [[2977.25, 5516.0], [2977.4, 3900.0], [2977.45, 3000.0], [2977.55, 10212.0], [2977.6, 25000.0], [2977.65, 9210.0], [2977.8, 3055.0], [2977.85, 4188.0], [2977.9, 6555.0], [2977.95, 25193.0], [2978.0, 90.0], [2978.05, 63274.0], [2978.1, 11554.0], [2978.2, 21276.0], [2978.25, 6545.0], [2978.3, 965.0], [2978.4, 2302.0], [2978.45, 6534.0], [2978.5, 149.0], [2978.55, 1950.0]]}}}
{"jsonrpc": "2.0", "method": "subscription", "params": {"channel": "book.ETH-PERPETUAL.none.20.100ms", "data": {"timestamp": 1766243576836, "change_id": 102222365892, "instrument_name": "ETH-PERPETUAL", "bids": [[2977.2, 9174.0], [2977.15, 85.0], [2976.85, 10737.0], [2976.8, 13269.0], [2976.6, 1427.0], [2976.55, 1780.0], [2976.5, 2999.0], [2976.45, 3000.0], [2976.3, 3579.0], [2976.25, 5913.0], [2976.15, 15901.0], [2976.1, 50000.0], [2976.05, 3000.0], [2976.0, 6420.0], [2975.95, 1383.0], [2975.85, 17654.0], [2975.8, 400.0], [2975.75, 138.0], [2975.7, 1153.0], [2975.6, 5303.0]], "asks": [[2977.25, 5345.0], [2977.4, 3900.0], [2977.45, 3000.0], [2977.55, 10212.0], [2977.6, 25000.0], [2977.65, 9210.0], [2977.8, 3055.0], [2977.85, 4188.0], [2977.9, 6555.0], [2977.95, 25193.0], [2978.0, 90.0], [2978.05, 63274.0], [2978.1, 11554.0], [2978.2, 21276.0], [2978.25, 6545.0], [2978.3, 965.0], [2978.4, 2302.0], [2978.45, 6534.0], [2978.5, 149.0], [2978.55, 1950.0]]}}}
{"jsonrpc": "2.0", "method": "subscription", "params": {"channel": "book.ETH-PERPETUAL.none.20.100ms", "data": {"timestamp": 1766243577123, "change_id": 102222366046, "instrument_name": "ETH-PERPETUAL", "bids": [[2977.2, 9174.0], [2977.15, 85.0], [2976.85, 10737.0], [2976.8, 13269.0], [2976.6, 1427.0], [2976.55, 1780.0], [2976.5, 2999.0], [2976.45, 3000.0], [2976.3, 3579.0], [2976.25, 5913.0], [2976.15, 15901.0], [2976.1, 50000.0], [2976.05, 3000.0], [2976.0, 6420.0], [2975.95, 1383.0], [2975.85, 17654.0], [2975.8, 400.0], [2975.75, 138.0], [2975.7, 1153.0], [2975.6, 5303.0]], "asks": [[2977.25, 5345.0], [2977.4, 3900.0], [2977.45, 3000.0], [2977.55, 10212.0], [2977.6, 25000.0], [2977.65, 9210.0], [2977.8, 3055.0], [2977.85, 4188.0], [2977.9, 6555.0], [2977.95, 25193.0], [2978.0, 90.0], [2978.05, 63274.0], [2978.1, 11554.0], [2978.2, 21276.0], [2978.25, 6545.0], [2978.3, 965.0], [2978.4, 2302.0], [2978.45, 6534.0], [2978.5, 149.0], [2978.55, 1950.0]]}}}
{"jsonrpc": "2.0", "method": "subscription", "params": {"channel": "book.ETH-PERPETUAL.none.20.100ms", "data": {"timestamp": 1766243577533, "change_id": 102222366877, "instrument_name": "ETH-PERPETUAL", "bids": [[2977.2, 9174.0], [2977.15, 85.0], [2976.85, 10737.0], [2976.8, 13269.0], [2976.6, 1427.0], [2976.55, 1780.0], [2976.5, 2999.0], [2976.45, 3000.0], [2976.3, 3579.0], [2976.25, 5913.0], [2976.15, 15901.0], [2976.1, 50000.0], [2976.05, 3000.0], [2976.0, 6420.0], [2975.95, 1383.0], [2975.85, 17654.0], [2975.8, 400.0], [2975.75, 138.0], [2975.7, 1153.0], [2975.6, 5303.0]], "asks": [[2977.25, 5345.0], [2977.4, 3900.0], [2977.45, 3000.0], [2977.55, 10212.0], [2977.6, 25000.0], [2977.65, 9210.0], [2977.8, 3055.0], [2977.85, 4188.0], [2977.9, 6555.0], [2977.95, 25193.0], [2978.0, 90.0], [2978.05, 63274.0], [2978.1, 11554.0], [2978.2, 21276.0], [2978.25, 6545.0], [2978.3, 965.0], [2978.4, 2302.0], [2978.45, 6534.0], [2978.5, 149.0], [2978.55, 1950.0]]}}}
{"jsonrpc": "2.0", "method": "subscription", "params": {"channel": "book.ETH-PERPETUAL.none.20.100ms", "data": {"timestamp": 1766243577775, "change_id": 102222367132, "instrument_name": "ETH-PERPETUAL", "bids": [[2977.2, 9174.0], [2977.15, 85.0], [2976.85, 10737.0], [2976.8, 13269.0], [2976.6, 1427.0], [2976.55, 1780.0], [2976.5, 2999.0], [2976.45, 3000.0], [2976.3, 3579.0], [2976.25, 5913.0], [2976.15, 15901.0], [2976.1, 50000.0], [2976.05, 3000.0], [2976.0, 6420.0], [2975.95, 1383.0], [2975.85, 17654.0], [2975.8, 400.0], [2975.75, 138.0], [2975.7, 1153.0], [2975.6, 5303.0]], "asks": [[2977.25, 5345.0], [2977.4, 3900.0], [2977.45, 3000.0], [2977.55, 10212.0], [2977.6, 25000.0], [2977.65, 9210.0], [2977.8, 3055.0], [2977.85, 4188.0], [2977.9, 6555.0], [2977.95, 25193.0], [2978.0, 90.0], [2978.05, 63274.0], [2978.1, 11554.0], [2978.2, 21276.0], [2978.25, 6545.0], [2978.3, 965.0], [2978.4, 2302.0], [2978.45, 6534.0], [2978.5, 149.0], [2978.55, 1950.0]]}}}
{"jsonrpc": "2.0", "method": "subscription", "params": {"channel": "book.ETH-PERPETUAL.none.20.100ms", "data": {"timestamp": 1766243578184, "change_id": 102222367626, "instrument_name": "ETH-PERPETUAL", "bids": [[2977.2, 3173.0], [2977.15, 85.0], [2976.85, 10737.0], [2976.8, 13269.0], [2976.6, 1427.0], [2976.55, 1780.0], [2976.5, 2999.0], [2976.45, 3000.0], [2976.3, 3579.0], [2976.25, 5913.0], [2976.15, 15901.0], [2976.1, 50000.0], [2976.05, 3000.0], [2976.0, 6420.0], [2975.95, 1383.0], [2975.85, 17654.0], [2975.8, 400.0], [2975.75, 138.0], [2975.7, 1153.0], [2975.6, 5303.0]], "asks": [[2977.25, 5345.0], [2977.4, 3900.0], [2977.45, 3000.0], [2977.55, 10212.0], [2977.6, 25000.0], [2977.65, 9210.0], [2977.8, 3055.0], [2977.85, 4188.0], [2977.9, 6555.0], [2977.95, 25193.0], [2978.0, 90.0], [2978.05, 63274.0], [2978.1, 11554.0], [2978.2, 21276.0], [2978.25, 6545.0], [2978.3, 965.0], [2978.4, 2302.0], [2978.45, 6534.0], [2978.5, 149.0], [2978.55, 1950.0]]}}}
{"jsonrpc": "2.0", "method": "subscription", "params": {"channel": "book.ETH-PERPETUAL.none.20.100ms", "data": {"timestamp": 1766243578524, "change_id": 102222368065, "instrument_name": "ETH-PERPETUAL", "bids": [[2977.4, 8733.0], [2977.2, 104.0], [2977.15, 85.0], [2976.85, 10737.0], [2976.8, 13269.0], [2976.6, 1427.0], [2976.5, 2999.0], [2976.45, 3000.0], [2976.3, 3579.0], [2976.25, 5913.0], [2976.15, 15901.0], [2976.1, 50000.0], [2976.05, 3000.0], [2976.0, 6420.0], [2975.95, 1383.0], [2975.85, 17654.0], [2975.8, 400.0], [2975.75, 138.0], [2975.7, 1153.0], [2975.6, 5303.0]], "asks": [[2977.45, 33345.0], [2977.55, 2749.0], [2977.65, 9210.0], [2977.8, 3055.0], [2977.85, 4188.0], [2977.9, 6555.0], [2977.95, 25193.0], [2978.0, 90.0], [2978.05, 63274.0], [2978.1, 11554.0], [2978.2, 21276.0], [2978.25, 6545.0], [2978.3, 965.0], [2978.4, 2302.0], [2978.45, 6534.0], [2978.5, 149.0], [2978.55, 1950.0], [2978.6, 4500.0], [2978.7, 6589.0], [2978.85, 3533.0]]}}}
{"jsonrpc": "2.0", "method": "subscription", "params": {"channel": "book.ETH-PERPETUAL.none.20.100ms", "data": {"timestamp": 1766243578844, "change_id": 102222368667, "instrument_name": "ETH-PERPETUAL", "bids": [[2977.4, 8737.0], [2977.15, 85.0], [2976.85, 10737.0], [2976.8, 13269.0], [2976.6, 3187.0], [2976.5, 2999.0], [2976.45, 3000.0], [2976.3, 3579.0], [2976.25, 5913.0], [2976.15, 15901.0], [2976.1, 50000.0], [2976.05, 3000.0], [2976.0, 2213.0], [2975.95, 1383.0], [2975.9, 15266.0], [2975.85, 3000.0], [2975.8, 400.0], [2975.75, 138.0], [2975.7, 1153.0], [2975.6, 5303.0]], "asks": [[2977.45, 8513.0], [2977.55, 2749.0], [2977.65, 9210.0], [2977.7, 7463.0], [2977.75, 25000.0], [2977.8, 3055.0], [2977.85, 4188.0], [2977.9, 3555.0], [2977.95, 25193.0], [2978.0, 3090.0], [2978.05, 63274.0], [2978.1, 11554.0], [2978.2, 1272.0], [2978.25, 26549.0], [2978.3, 965.0], [2978.4, 2302.0], [2978.45, 6534.0], [2978.5, 149.0], [2978.55, 1950.0], [2978.6, 4500.0]]}}}
{"jsonrpc": "2.0", "method": "subscription", "params": {"channel": "book.ETH-PERPETUAL.none.20.100ms", "data": {"timestamp": 1766243579065, "change_id": 102222368775, "instrument_name": "ETH-PERPETUAL", "bids": [[2977.4, 8737.0], [2977.15, 85.0], [2976.85, 10737.0], [2976.8, 13269.0], [2976.6, 3187.0], [2976.5, 2999.0], [2976.45, 3000.0], [2976.3, 3579.0], [2976.25, 5913.0], [2976.15, 15901.0], [2976.1, 50000.0], [2976.05, 3000.0], [2976.0, 2213.0], [2975.95, 1383.0], [2975.9, 15266.0], [2975.85, 3000.0], [2975.8, 400.0], [2975.75, 138.0], [2975.7, 1153.0], [2975.6, 5303.0]], "asks": [[2977.45, 8513.0], [2977.55, 2749.0], [2977.65, 9210.0], [2977.7, 7463.0], [2977.75, 25000.0], [2977.8, 3055.0], [2977.85, 4188.0], [2977.9, 3555.0], [2977.95, 25193.0], [2978.0, 3090.0], [2978.05, 63274.0], [2978.1, 11554.0], [2978.2, 1272.0], [2978.25, 26549.0], [2978.3, 965.0], [2978.4, 2302.0], [2978.45, 6534.0], [2978.5, 149.0], [2978.55, 1950.0], [2978.6, 4500.0]]}}}
{"jsonrpc": "2.0", "method": "subscription", "params": {"channel": "book.ETH-PERPETUAL.none.20.100ms", "data": {"timestamp": 1766243579461, "change_id": 102222369449, "instrument_name": "ETH-PERPETUAL", "bids": [[2977.4, 8737.0], [2977.15, 85.0], [2976.85, 10737.0], [2976.8, 13269.0], [2976.6, 3187.0], [2976.5, 2999.0], [2976.45, 3000.0], [2976.3, 3579.0], [2976.25, 5913.0], [2976.15, 15901.0], [2976.1, 50000.0], [2976.05, 3000.0], [2976.0, 2213.0], [2975.95, 1383.0], [2975.9, 15266.0], [2975.85, 3000.0], [2975.8, 400.0], [2975.75, 138.0], [2975.7, 1153.0], [2975.6, 5303.0]], "asks": [[2977.45, 8513.0], [2977.55, 2749.0], [2977.65, 9210.0], [2977.8, 3055.0], [2977.85, 4188.0], [2977.9, 3555.0], [2977.95, 25193.0], [2978.0, 3090.0], [2978.05, 63274.0], [2978.1, 11554.0], [2978.2, 1272.0], [2978.25, 26549.0], [2978.3, 965.0], [2978.4, 2302.0], [2978.45, 6534.0], [2978.5, 149.0], [2978.55, 1950.0], [2978.6, 4500.0], [2978.7, 6589.0], [2978.85, 3533.0]]}}}
{"jsonrpc": "2.0", "method": "subscription", "params": {"channel": "book.ETH-PERPETUAL.none.20.100ms", "data": {"timestamp": 1766243579806, "change_id": 102222370068, "instrument_name": "ETH-PERPETUAL", "bids": [[2977.4, 8737.0], [2977.15, 85.0], [2976.85, 10737.0], [2976.8, 13269.0], [2976.6, 3187.0], [2976.5, 2999.0], [2976.45, 3000.0], [2976.3, 3579.0], [2976.25, 5913.0], [2976.15, 15901.0], [2976.1, 50000.0], [2976.05, 3000.0], [2976.0, 2213.0], [2975.95, 1383.0], [2975.9, 15266.0], [2975.85, 3000.0], [2975.8, 400.0], [2975.75, 138.0], [2975.7, 1153.0], [2975.6, 5303.0]], "asks": [[2977.45, 5828.0], [2977.65, 3000.0], [2977.7, 9079.0], [2977.75, 31210.0], [2977.8, 3055.0], [2977.85, 4188.0], [2977.9, 3555.0], [2977.95, 25193.0], [2978.0, 3090.0], [2978.05, 63274.0], [2978.1, 5948.0], [2978.2, 1272.0], [2978.25, 6545.0], [2978.3, 965.0], [2978.35, 20004.0], [2978.4, 2302.0], [2978.45, 6534.0], [2978.5, 149.0], [2978.55, 1950.0], [2978.6, 4500.0]]}}}
{"jsonrpc": "2.0", "method": "subscription", "params": {"channel": "book.ETH-PERPETUAL.none.20.100ms", "data": {"timestamp": 1766243580176, "change_id": 102222370479, "instrument_name": "ETH-PERPETUAL", "bids": [[2977.4, 8726.0], [2977.15, 85.0], [2976.85, 10737.0], [2976.8, 13269.0], [2976.65, 2999.0], [2976.6, 1760.0], [2976.45, 3000.0], [2976.3, 3579.0], [2976.25, 5913.0], [2976.15, 15901.0], [2976.1, 50000.0], [2976.05, 3000.0], [2976.0, 2213.0], [2975.95, 1383.0], [2975.9, 33030.0], [2975.85, 3000.0], [2975.8, 400.0], [2975.75, 138.0], [2975.7, 1153.0], [2975.5, 3021.0]], "asks": [[2977.45, 3168.0], [2977.6, 4600.0], [2977.65, 3000.0], [2977.7, 9079.0], [2977.75, 31210.0], [2977.8, 3055.0], [2977.85, 4188.0], [2977.9, 3555.0], [2977.95, 25193.0], [2978.0, 90.0], [2978.05, 66274.0], [2978.1, 5948.0], [2978.2, 1272.0], [2978.25, 6545.0], [2978.3, 965.0], [2978.4, 22306.0], [2978.45, 6534.0], [2978.5, 149.0], [2978.55, 1950.0], [2978.6, 4500.0]]}}}
{"jsonrpc": "2.0", "method": "subscription", "params": {"channel": "book.ETH-PERPETUAL.none.20.100ms", "data": {"timestamp": 1766243580465, "change_id": 102222370612, "instrument_name": "ETH-PERPETUAL", "bids": [[2977.4, 8726.0], [2977.15, 85.0], [2976.85, 10737.0], [2976.8, 13269.0], [2976.7, 1421.0], [2976.65, 2999.0], [2976.6, 1760.0], [2976.45, 3000.0], [2976.3, 3579.0], [2976.25, 5913.0], [2976.15, 15901.0], [2976.1, 50000.0], [2976.05, 3000.0], [2976.0, 2213.0], [2975.95, 1383.0], [2975.9, 15266.0], [2975.85, 3000.0], [2975.8, 400.0], [2975.75, 138.0], [2975.7, 1153.0]], "asks": [[2977.45, 3168.0], [2977.6, 4600.0], [2977.65, 3000.0], [2977.7, 9079.0], [2977.75, 31210.0], [2977.8, 3055.0], [2977.85, 4188.0], [2977.9, 3555.0], [2977.95, 25193.0], [2978.0, 90.0], [2978.05, 66274.0], [2978.1, 5948.0], [2978.2, 1272.0], [2978.25, 6545.0], [2978.3, 965.0], [2978.4, 22306.0], [2978.45, 6534.0], [2978.5, 149.0], [2978.55, 1950.0], [2978.6, 4500.0]]}}}
{"jsonrpc": "2.0", "method": "subscription", "params": {"channel": "book.ETH-PERPETUAL.none.20.100ms", "data": {"timestamp": 1766243580808, "change_id": 102222371595, "instrument_name": "ETH-PERPETUAL", "bids": [[2977.4, 8726.0], [2977.15, 85.0], [2976.85, 10737.0], [2976.8, 13269.0], [2976.7, 1421.0], [2976.65, 2999.0], [2976.6, 1760.0], [2976.45, 3000.0], [2976.3, 3579.0], [2976.25, 5913.0], [2976.15, 15901.0], [2976.1, 50000.0], [2976.05, 3000.0], [2976.0, 6603.0], [2975.95, 1383.0], [2975.9, 15266.0], [2975.85, 3000.0], [2975.8, 400.0], [2975.75, 138.0], [2975.7, 1153.0]], "asks": [[2977.45, 3168.0], [2977.6, 4600.0], [2977.65, 3000.0], [2977.7, 9079.0], [2977.75, 31210.0], [2977.8, 3055.0], [2977.85, 4188.0], [2977.9, 3555.0], [2977.95, 25193.0], [2978.0, 90.0], [2978.05, 66274.0], [2978.1, 5948.0], [2978.2, 1272.0], [2978.25, 6545.0], [2978.3, 965.0], [2978.35, 20004.0], [2978.4, 2302.0], [2978.45, 6534.0], [2978.5, 149.0], [2978.55, 1950.0]]}}}
{"jsonrpc": "2.0", "method": "subscription", "params": {"channel": "book.ETH-PERPETUAL.none.20.100ms", "data": {"timestamp": 1766243581153, "change_id": 102222371995, "instrument_name": "ETH-PERPETUAL", "bids": [[2977.4, 8726.0], [2977.15, 85.0], [2976.85, 10737.0], [2976.8, 13269.0], [2976.7, 1421.0], [2976.65, 2999.0], [2976.6, 1760.0], [2976.45, 3000.0], [2976.3, 3579.0], [2976.25, 5913.0], [2976.15, 15901.0], [2976.1, 50000.0], [2976.05, 3000.0], [2976.0, 6603.0], [2975.95, 1383.0], [2975.9, 15266.0], [2975.85, 3000.0], [2975.8, 400.0], [2975.75, 138.0], [2975.7, 1153.0]], "asks": [[2977.45, 3000.0], [2977.6, 4600.0], [2977.65, 3000.0], [2977.7, 9079.0], [2977.75, 31210.0], [2977.8, 3055.0], [2977.85, 4188.0], [2977.9, 3555.0], [2977.95, 17804.0], [2978.0, 90.0], [2978.05, 56000.0], [2978.1, 5948.0], [2978.2, 1272.0], [2978.25, 6545.0], [2978.3, 965.0], [2978.35, 20004.0], [2978.4, 2302.0], [2978.45, 6534.0], [2978.5, 149.0], [2978.55, 1950.0]]}}}
{"jsonrpc": "2.0", "method": "subscription", "params": {"channel": "book.ETH-PERPETUAL.none.20.100ms", "data": {"timestamp": 1766243581471, "change_id": 102222372149, "instrument_name": "ETH-PERPETUAL", "bids": [[2977.4, 8726.0], [2977.15, 85.0], [2976.85, 10737.0], [2976.8, 13269.0], [2976.75, 2999.0], [2976.6, 1760.0], [2976.45, 3000.0], [2976.3, 3579.0], [2976.25, 5913.0], [2976.15, 15901.0], [2976.1, 50000.0], [2976.05, 3000.0], [2976.0, 6603.0], [2975.95, 1383.0], [2975.9, 15266.0], [2975.85, 3000.0], [2975.8, 400.0], [2975.75, 138.0], [2975.7, 1153.0], [2975.55, 17764.0]], "asks": [[2977.45, 3000.0], [2977.6, 4600.0], [2977.65, 3000.0], [2977.7, 9079.0], [2977.75, 31210.0], [2977.8, 3055.0], [2977.85, 4188.0], [2977.9, 3555.0], [2977.95, 17804.0], [2978.0, 90.0], [2978.05, 53000.0], [2978.1, 5948.0], [2978.15, 3000.0], [2978.2, 1272.0], [2978.25, 6545.0], [2978.3, 965.0], [2978.35, 20004.0], [2978.4, 2302.0], [2978.45, 6534.0], [2978.5, 149.0]]}}}
{"jsonrpc": "2.0", "method": "subscription", "params": {"channel": "book.ETH-PERPETUAL.none.20.100ms", "data": {"timestamp": 1766243581751, "change_id": 102222372469, "instrument_name": "ETH-PERPETUAL", "bids": [[2977.4, 8726.0], [2977.15, 85.0], [2977.1, 1854.0], [2977.05, 6210.0], [2976.85, 4527.0], [2976.8, 13269.0], [2976.75, 1421.0], [2976.65, 2999.0], [2976.6, 1760.0], [2976.45, 3000.0], [2976.3, 3579.0], [2976.25, 5913.0], [2976.15, 15901.0], [2976.1, 50000.0], [2976.05, 3000.0], [2976.0, 6603.0], [2975.95, 1383.0], [2975.9, 15266.0], [2975.85, 3000.0], [2975.8, 400.0]], "asks": [[2977.45, 3000.0], [2977.6, 4600.0], [2977.65, 3000.0], [2977.7, 9079.0], [2977.75, 31210.0], [2977.8, 3055.0], [2977.85, 4188.0], [2977.9, 3555.0], [2977.95, 17804.0], [2978.0, 90.0], [2978.05, 53000.0], [2978.1, 5948.0], [2978.15, 3000.0], [2978.2, 1272.0], [2978.25, 6545.0], [2978.3, 6936.0], [2978.35, 20004.0], [2978.4, 2302.0], [2978.45, 6534.0], [2978.5, 149.0]]}}}
{"jsonrpc": "2.0", "method": "subscription", "params": {"channel": "book.ETH-PERPETUAL.none.20.100ms", "data": {"timestamp": 1766243582140, "change_id": 102222372906, "instrument_name": "ETH-PERPETUAL", "bids": [[2977.4, 8726.0], [2977.15, 85.0], [2977.1, 1854.0], [2977.05, 6210.0], [2976.85, 7526.0], [2976.8, 13269.0], [2976.6, 1760.0], [2976.45, 3000.0], [2976.3, 3579.0], [2976.25, 5913.0], [2976.15, 15901.0], [2976.1, 50000.0], [2976.05, 3000.0], [2976.0, 6603.0], [2975.95, 1383.0], [2975.9, 15266.0], [2975.85, 3000.0], [2975.8, 400.0], [2975.75, 138.0], [2975.7, 1153.0]], "asks": [[2977.45, 3000.0], [2977.6, 4600.0], [2977.65, 3000.0], [2977.7, 9079.0], [2977.75, 31210.0], [2977.8, 3055.0], [2977.85, 4188.0], [2977.9, 3555.0], [2977.95, 17804.0], [2978.0, 90.0], [2978.05, 53000.0], [2978.1, 5948.0], [2978.2, 1272.0], [2978.25, 9545.0], [2978.3, 6936.0], [2978.35, 20004.0], [2978.4, 2302.0], [2978.45, 6534.0], [2978.5, 149.0], [2978.55, 1950.0]]}}}
{"jsonrpc": "2.0", "method": "subscription", "params": {"channel": "book.ETH-PERPETUAL.none.20.100ms", "data": {"timestamp": 1766243582489, "change_id": 102222373168, "instrument_name": "ETH-PERPETUAL", "bids": [[2977.4, 8726.0], [2977.15, 85.0], [2977.1, 1854.0], [2977.05, 6210.0], [2976.85, 4527.0], [2976.8, 13269.0], [2976.75, 2999.0], [2976.6, 1760.0], [2976.45, 3000.0], [2976.3, 3579.0], [2976.25, 5913.0], [2976.15, 15901.0], [2976.1, 50000.0], [2976.05, 3000.0], [2976.0, 6603.0], [2975.95, 1383.0], [2975.9, 15266.0], [2975.85, 3000.0], [2975.8, 400.0], [2975.75, 138.0]], "asks": [[2977.45, 3000.0], [2977.6, 4600.0], [2977.65, 3000.0], [2977.7, 9079.0], [2977.75, 31210.0], [2977.8, 3055.0], [2977.85, 4188.0], [2977.9, 3555.0], [2977.95, 17804.0], [2978.0, 90.0], [2978.05, 53000.0], [2978.1, 5948.0], [2978.15, 3000.0], [2978.2, 1272.0], [2978.25, 6545.0], [2978.3, 6936.0], [2978.35, 20004.0], [2978.4, 2302.0], [2978.45, 6534.0], [2978.5, 149.0]]}}}
{"jsonrpc": "2.0", "method": "subscription", "params": {"channel": "book.ETH-PERPETUAL.none.20.100ms", "data": {"timestamp": 1766243582807, "change_id": 102222374377, "instrument_name": "ETH-PERPETUAL", "bids": [[2977.95, 2732.0], [2977.55, 1854.0], [2977.5, 6210.0], [2977.4, 104.0], [2977.2, 1446.0], [2977.15, 4844.0], [2977.1, 3000.0], [2976.85, 4527.0], [2976.8, 13269.0], [2976.45, 3000.0], [2976.35, 50000.0], [2976.3, 3579.0], [2976.25, 5913.0], [2976.15, 1484.0], [2976.1, 17764.0], [2976.05, 3000.0], [2976.0, 5698.0], [2975.95, 1383.0], [2975.9, 15266.0], [2975.85, 3000.0]], "asks": [[2978.0, 27775.0], [2978.15, 2753.0], [2978.2, 3000.0], [2978.25, 7406.0], [2978.3, 965.0], [2978.4, 5302.0], [2978.45, 3001.0], [2978.5, 3149.0], [2978.55, 18094.0], [2978.6, 53000.0], [2978.65, 21762.0], [2978.7, 8347.0], [2978.85, 3533.0], [2978.9, 3000.0], [2978.95, 4041.0], [2979.0, 13537.0], [2979.15, 1457.0], [2979.2, 3536.0], [2979.3, 3000.0], [2979.35, 200.0]]}}}
{"jsonrpc": "2.0", "method": "subscription", "params": {"channel": "book.ETH-PERPETUAL.none.20.100ms", "data": {"timestamp": 1766243583134, "change_id": 102222374799, "instrument_name": "ETH-PERPETUAL", "bids": [[2977.55, 2359.0], [2977.35, 1854.0], [2977.3, 6210.0], [2977.2, 1446.0], [2977.15, 1845.0], [2977.1, 3000.0], [2976.9, 2999.0], [2976.85, 4527.0], [2976.8, 13269.0], [2976.55, 905.0], [2976.5, 1066.0], [2976.45, 3000.0], [2976.35, 51153.0], [2976.3, 3579.0], [2976.25, 5913.0], [2976.15, 1484.0], [2976.1, 17764.0], [2976.05, 3000.0], [2976.0, 5698.0], [2975.95, 317.0]], "asks": [[2977.6, 5740.0], [2977.8, 1910.0], [2977.85, 3400.0], [2977.95, 11291.0], [2978.0, 25090.0], [2978.05, 6210.0], [2978.2, 3000.0], [2978.25, 16494.0], [2978.3, 965.0], [2978.35, 3000.0], [2978.4, 58816.0], [2978.45, 3001.0], [2978.5, 149.0], [2978.55, 23352.0], [2978.6, 3000.0], [2978.7, 7861.0], [2978.85, 3533.0], [2978.9, 3000.0], [2978.95, 4041.0], [2979.0, 13537.0]]}}}
{"jsonrpc": "2.0", "method": "subscription", "params": {"channel": "book.ETH-PERPETUAL.none.20.100ms", "data": {"timestamp": 1766243583373, "change_id": 102222375000, "instrument_name": "ETH-PERPETUAL", "bids": [[2977.55, 5091.0], [2977.35, 1854.0], [2977.3, 6210.0], [2977.2, 1446.0], [2977.15, 1845.0], [2977.1, 3000.0], [2976.9, 2999.0], [2976.85, 4527.0], [2976.8, 13269.0], [2976.55, 905.0], [2976.5, 1066.0], [2976.45, 3000.0], [2976.35, 51153.0], [2976.3, 3579.0], [2976.25, 5913.0], [2976.15, 1484.0], [2976.1, 17764.0], [2976.05, 3000.0], [2976.0, 5698.0], [2975.95, 317.0]], "asks": [[2977.6, 5740.0], [2977.8, 1910.0], [2977.85, 3400.0], [2977.95, 11291.0], [2978.0, 25090.0], [2978.05, 6210.0], [2978.1, 1254.0], [2978.15, 1188.0], [2978.2, 3000.0], [2978.25, 16494.0], [2978.3, 965.0], [2978.35, 53000.0], [2978.4, 8816.0], [2978.45, 3001.0], [2978.5, 149.0], [2978.55, 23352.0], [2978.6, 3000.0], [2978.7, 7861.0], [2978.85, 3533.0], [2978.9, 3000.0]]}}}
{"jsonrpc": "2.0", "method": "subscription", "params": {"channel": "book.ETH-PERPETUAL.none.20.100ms", "data": {"timestamp": 1766243583681, "change_id": 102222375171, "instrument_name": "ETH-PERPETUAL", "bids": [[2977.55, 3237.0], [2977.35, 1854.0], [2977.3, 6210.0], [2977.2, 1446.0], [2977.15, 1845.0], [2977.1, 3000.0], [2976.9, 2999.0], [2976.85, 4527.0], [2976.8, 13269.0], [2976.55, 905.0], [2976.5, 1066.0], [2976.45, 3000.0], [2976.4, 15717.0], [2976.35, 51153.0], [2976.3, 3579.0], [2976.25, 5913.0], [2976.05, 3000.0], [2976.0, 5698.0], [2975.95, 18081.0], [2975.9, 15266.0]], "asks": [[2977.6, 5740.0], [2977.8, 1910.0], [2977.85, 3400.0], [2977.95, 11291.0], [2978.0, 25090.0], [2978.05, 6210.0], [2978.1, 1254.0], [2978.15, 1188.0], [2978.2, 3000.0], [2978.25, 16494.0], [2978.3, 3965.0], [2978.35, 50000.0], [2978.4, 13131.0], [2978.45, 3001.0], [2978.5, 149.0], [2978.55, 23352.0], [2978.6, 3000.0], [2978.7, 7861.0], [2978.85, 3533.0], [2978.9, 3000.0]]}}}
{"jsonrpc": "2.0", "method": "subscription", "params": {"channel": "book.ETH-PERPETUAL.none.20.100ms", "data": {"timestamp": 1766243584084, "change_id": 102222375774, "instrument_name": "ETH-PERPETUAL", "bids": [[2977.55, 3237.0], [2977.35, 1854.0], [2977.3, 6210.0], [2977.2, 1446.0], [2977.15, 1845.0], [2977.1, 3000.0], [2976.9, 2999.0], [2976.85, 4527.0], [2976.8, 13269.0], [2976.55, 905.0], [2976.5, 1066.0], [2976.45, 3000.0], [2976.4, 15717.0], [2976.35, 51153.0], [2976.3, 3579.0], [2976.25, 5913.0], [2976.05, 3000.0], [2976.0, 5698.0], [2975.95, 18081.0], [2975.9, 15266.0]], "asks": [[2977.6, 155.0], [2977.75, 4200.0], [2977.95, 11291.0], [2978.0, 25090.0], [2978.05, 6210.0], [2978.1, 1254.0], [2978.15, 1188.0], [2978.2, 3000.0], [2978.25, 16494.0], [2978.3, 965.0], [2978.35, 50000.0], [2978.4, 16131.0], [2978.45, 3001.0], [2978.5, 149.0], [2978.55, 23352.0], [2978.6, 3000.0], [2978.7, 7861.0], [2978.85, 3533.0], [2978.9, 3000.0], [2978.95, 4041.0]]}}}
{"jsonrpc": "2.0", "method": "subscription", "params": {"channel": "book.ETH-PERPETUAL.none.20.100ms", "data": {"timestamp": 1766243584406, "change_id": 102222376018, "instrument_name": "ETH-PERPETUAL", "bids": [[2977.55, 3228.0], [2977.35, 1854.0], [2977.3, 6210.0], [2977.2, 1446.0], [2977.15, 1845.0], [2977.1, 3000.0], [2976.9, 2999.0], [2976.85, 4527.0], [2976.8, 13269.0], [2976.55, 905.0], [2976.5, 1066.0], [2976.45, 3000.0], [2976.4, 15717.0], [2976.35, 51153.0], [2976.3, 3579.0], [2976.25, 5913.0], [2976.05, 3000.0], [2976.0, 5698.0], [2975.95, 18081.0], [2975.9, 15266.0]], "asks": [[2977.6, 25155.0], [2977.75, 4200.0], [2977.95, 4881.0], [2978.0, 90.0], [2978.05, 6210.0], [2978.1, 1254.0], [2978.15, 1188.0], [2978.2, 3000.0], [2978.25, 16494.0], [2978.3, 965.0], [2978.35, 50000.0], [2978.4, 16131.0], [2978.45, 3001.0], [2978.5, 149.0], [2978.55, 23352.0], [2978.6, 3000.0], [2978.7, 7861.0], [2978.85, 3533.0], [2978.9, 3000.0], [2978.95, 4041.0]]}}}
{"jsonrpc": "2.0", "method": "subscription", "params": {"channel": "book.ETH-PERPETUAL.none.20.100ms", "data": {"timestamp": 1766243584744, "change_id": 102222376817, "instrument_name": "ETH-PERPETUAL", "bids": [[2977.55, 3232.0], [2977.35, 1854.0], [2977.3, 6210.0], [2977.2, 1446.0], [2977.15, 1845.0], [2977.1, 3000.0], [2976.9, 2999.0], [2976.85, 4527.0], [2976.8, 13269.0], [2976.55, 2119.0], [2976.5, 1066.0], [2976.45, 3000.0], [2976.4, 15717.0], [2976.35, 51153.0], [2976.3, 3579.0], [2976.25, 5913.0], [2976.05, 3000.0], [2976.0, 5698.0], [2975.95, 18081.0], [2975.9, 15266.0]], "asks": [[2977.6, 25155.0], [2977.75, 4200.0], [2977.95, 4881.0], [2978.0, 90.0], [2978.05, 6210.0], [2978.1, 1254.0], [2978.15, 1188.0], [2978.2, 3000.0], [2978.25, 16494.0], [2978.3, 965.0], [2978.35, 50000.0], [2978.4, 16131.0], [2978.45, 3001.0], [2978.5, 149.0], [2978.55, 23352.0], [2978.6, 3000.0], [2978.7, 7861.0], [2978.85, 3533.0], [2978.9, 3000.0], [2978.95, 4041.0]]}}}
{"jsonrpc": "2.0", "method": "subscription", "params": {"channel": "book.ETH-PERPETUAL.none.20.100ms", "data": {"timestamp": 1766243584951, "change_id": 102222377546, "instrument_name": "ETH-PERPETUAL", "bids": [[2977.55, 3232.0], [2977.35, 1854.0], [2977.3, 6210.0], [2977.2, 1446.0], [2977.15, 1845.0], [2977.1, 3000.0], [2976.9, 2999.0], [2976.85, 4527.0], [2976.8, 13269.0], [2976.55, 2119.0], [2976.5, 1066.0], [2976.45, 3000.0], [2976.4, 15717.0], [2976.35, 51153.0], [2976.3, 3579.0], [2976.25, 5913.0], [2976.05, 3000.0], [2976.0, 5698.0], [2975.95, 18081.0], [2975.9, 15266.0]], "asks": [[2977.6, 25155.0], [2977.95, 4881.0], [2978.0, 90.0], [2978.05, 6210.0], [2978.1, 1254.0], [2978.15, 1188.0], [2978.2, 3000.0], [2978.25, 16494.0], [2978.3, 965.0], [2978.35, 50000.0], [2978.4, 16131.0], [2978.45, 3001.0], [2978.5, 149.0], [2978.55, 23352.0], [2978.6, 3000.0], [2978.7, 7861.0], [2978.85, 3533.0], [2978.9, 3000.0], [2978.95, 4041.0], [2979.0, 13537.0]]}}}
{"jsonrpc": "2.0", "method": "subscription", "params": {"channel": "book.ETH-PERPETUAL.none.20.100ms", "data": {"timestamp": 1766243585363, "change_id": 102222378010, "instrument_name": "ETH-PERPETUAL", "bids": [[2977.55, 5699.0], [2977.5, 401.0], [2977.2, 3115.0], [2977.15, 8055.0], [2977.1, 3000.0], [2976.9, 2999.0], [2976.85, 4527.0], [2976.8, 13269.0], [2976.55, 905.0], [2976.45, 3000.0], [2976.4, 15717.0], [2976.35, 50000.0], [2976.3, 3579.0], [2976.25, 5913.0], [2976.05, 3000.0], [2976.0, 5698.0], [2975.95, 18081.0], [2975.9, 15266.0], [2975.85, 3000.0], [2975.8, 400.0]], "asks": [[2977.6, 27840.0], [2977.8, 2749.0], [2977.85, 6210.0], [2977.95, 3000.0], [2978.0, 90.0], [2978.1, 1254.0], [2978.15, 1188.0], [2978.2, 3000.0], [2978.25, 16494.0], [2978.3, 965.0], [2978.35, 53000.0], [2978.4, 6514.0], [2978.45, 3001.0], [2978.5, 149.0], [2978.55, 23352.0], [2978.6, 3000.0], [2978.7, 7861.0], [2978.85, 3533.0], [2978.9, 3000.0], [2978.95, 4041.0]]}}}
{"jsonrpc": "2.0", "method": "subscription", "params": {"channel": "book.ETH-PERPETUAL.none.20.100ms", "data": {"timestamp": 1766243585787, "change_id": 102222378465, "instrument_name": "ETH-PERPETUAL", "bids": [[2977.55, 5699.0], [2977.5, 401.0], [2977.2, 3115.0], [2977.15, 8055.0], [2977.1, 3000.0], [2976.9, 2999.0], [2976.85, 4527.0], [2976.8, 13269.0], [2976.55, 905.0], [2976.45, 3000.0], [2976.4, 15717.0], [2976.35, 50000.0], [2976.3, 3579.0], [2976.25, 5913.0], [2976.1, 1214.0], [2976.05, 4066.0], [2976.0, 5698.0], [2975.95, 18081.0], [2975.9, 15266.0], [2975.85, 3000.0]], "asks": [[2977.6, 27685.0], [2977.8, 2749.0], [2977.85, 6210.0], [2977.95, 3000.0], [2978.0, 90.0], [2978.1, 1254.0], [2978.15, 1188.0], [2978.2, 3000.0], [2978.25, 16494.0], [2978.3, 965.0], [2978.35, 53000.0], [2978.4, 6514.0], [2978.45, 3001.0], [2978.5, 149.0], [2978.55, 23352.0], [2978.6, 3000.0], [2978.7, 7861.0], [2978.85, 3533.0], [2978.9, 3000.0], [2978.95, 4041.0]]}}}
{"jsonrpc": "2.0", "method": "subscription", "params": {"channel": "book.ETH-PERPETUAL.none.20.100ms", "data": {"timestamp": 1766243585991, "change_id": 102222378687, "instrument_name": "ETH-PERPETUAL", "bids": [[2977.55, 5699.0], [2977.5, 401.0], [2977.2, 3115.0], [2977.15, 8055.0], [2977.1, 3000.0], [2976.9, 2999.0], [2976.85, 4527.0], [2976.8, 13269.0], [2976.55, 905.0], [2976.45, 3000.0], [2976.4, 15717.0], [2976.35, 50000.0], [2976.3, 3579.0], [2976.25, 5913.0], [2976.1, 1214.0], [2976.05, 4066.0], [2976.0, 5698.0], [2975.95, 18081.0], [2975.9, 15266.0], [2975.85, 3000.0]], "asks": [[2977.6, 27685.0], [2977.8, 2749.0], [2977.85, 6210.0], [2977.95, 3000.0], [2978.0, 90.0], [2978.1, 1254.0], [2978.15, 1188.0], [2978.2, 3000.0], [2978.25, 16494.0], [2978.3, 965.0], [2978.35, 53000.0], [2978.4, 6514.0], [2978.45, 3001.0], [2978.5, 149.0], [2978.55, 23352.0], [2978.6, 3000.0], [2978.7, 7861.0], [2978.85, 3533.0], [2978.9, 3000.0], [2978.95, 4041.0]]}}}
{"jsonrpc": "2.0", "method": "subscription", "params": {"channel": "book.ETH-PERPETUAL.none.20.100ms", "data": {"timestamp": 1766243586434, "change_id": 102222379101, "instrument_name": "ETH-PERPETUAL", "bids": [[2977.55, 104.0], [2977.2, 1446.0], [2977.15, 6295.0], [2976.85, 7526.0], [2976.8, 13269.0], [2976.55, 905.0], [2976.45, 3000.0], [2976.3, 3579.0], [2976.25, 5913.0], [2976.15, 50000.0], [2976.1, 1214.0], [2976.05, 4066.0], [2976.0, 5698.0], [2975.95, 18081.0], [2975.85, 3000.0], [2975.8, 400.0], [2975.75, 138.0], [2975.5, 3021.0], [2975.3, 21128.0], [2975.25, 2999.0]], "asks": [[2977.6, 27685.0], [2977.8, 2749.0], [2977.85, 6210.0], [2977.95, 3000.0], [2978.0, 90.0], [2978.1, 1254.0], [2978.15, 1188.0], [2978.2, 3000.0], [2978.25, 19494.0], [2978.3, 50965.0], [2978.4, 26518.0], [2978.45, 3001.0], [2978.5, 149.0], [2978.55, 3348.0], [2978.6, 3000.0], [2978.7, 7861.0], [2978.85, 3533.0], [2978.9, 3000.0], [2978.95, 4041.0], [2979.0, 13537.0]]}}}
{"jsonrpc": "2.0", "method": "subscription", "params": {"channel": "book.ETH-PERPETUAL.none.20.100ms", "data": {"timestamp": 1766243586720, "change_id": 102222379294, "instrument_name": "ETH-PERPETUAL", "bids": [[2977.55, 104.0], [2977.2, 1446.0], [2977.15, 6295.0], [2976.85, 4527.0], [2976.8, 13269.0], [2976.65, 2999.0], [2976.6, 1758.0], [2976.55, 905.0], [2976.45, 3000.0], [2976.3, 3579.0], [2976.25, 5913.0], [2976.15, 64853.0], [2976.1, 1214.0], [2976.05, 4066.0], [2976.0, 5698.0], [2975.95, 18081.0], [2975.85, 3000.0], [2975.8, 400.0], [2975.75, 138.0], [2975.5, 3021.0]], "asks": [[2977.6, 27685.0], [2977.8, 2749.0], [2977.85, 6210.0], [2977.95, 3000.0], [2978.0, 90.0], [2978.1, 1254.0], [2978.15, 1188.0], [2978.2, 6000.0], [2978.25, 16494.0], [2978.3, 50965.0], [2978.4, 6514.0], [2978.45, 3001.0], [2978.5, 20153.0], [2978.55, 3348.0], [2978.6, 3000.0], [2978.7, 7861.0], [2978.85, 3533.0], [2978.9, 3000.0], [2978.95, 4041.0], [2979.0, 13537.0]]}}}
{"jsonrpc": "2.0", "method": "subscription", "params": {"channel": "book.ETH-PERPETUAL.none.20.100ms", "data": {"timestamp": 1766243587101, "change_id": 102222379799, "instrument_name": "ETH-PERPETUAL", "bids": [[2977.55, 104.0], [2977.2, 1446.0], [2977.15, 6295.0], [2976.85, 4527.0], [2976.8, 13269.0], [2976.65, 2999.0], [2976.6, 1758.0], [2976.55, 905.0], [2976.45, 3000.0], [2976.3, 22358.0], [2976.25, 5913.0], [2976.15, 64853.0], [2976.1, 1214.0], [2976.05, 4066.0], [2976.0, 5698.0], [2975.95, 18081.0], [2975.85, 3000.0], [2975.8, 400.0], [2975.75, 138.0], [2975.5, 3021.0]], "asks": [[2977.6, 27685.0], [2977.8, 2749.0], [2977.85, 6210.0], [2977.95, 3000.0], [2978.0, 90.0], [2978.1, 1254.0], [2978.15, 1188.0], [2978.2, 6000.0], [2978.25, 16494.0], [2978.3, 50965.0], [2978.4, 6514.0], [2978.45, 9017.0], [2978.5, 20153.0], [2978.55, 3348.0], [2978.6, 3000.0], [2978.7, 7861.0], [2978.85, 3533.0], [2978.9, 3000.0], [2978.95, 4041.0], [2979.0, 13537.0]]}}}
{"jsonrpc": "2.0", "method": "subscription", "params": {"channel": "book.ETH-PERPETUAL.none.20.100ms", "data": {"timestamp": 1766243587374, "change_id": 102222379999, "instrument_name": "ETH-PERPETUAL", "bids": [[2977.55, 104.0], [2977.2, 1446.0], [2977.15, 6295.0], [2976.85, 4527.0], [2976.8, 13269.0], [2976.65, 2999.0], [2976.6, 1758.0], [2976.55, 905.0], [2976.45, 3000.0], [2976.3, 22358.0], [2976.25, 5913.0], [2976.15, 64853.0], [2976.1, 1214.0], [2976.05, 4066.0], [2976.0, 5698.0], [2975.95, 18081.0], [2975.85, 3000.0], [2975.8, 400.0], [2975.75, 138.0], [2975.5, 3021.0]], "asks": [[2977.6, 27685.0], [2977.8, 2749.0], [2977.85, 6210.0], [2977.95, 3000.0], [2978.0, 90.0], [2978.1, 4254.0], [2978.15, 1188.0], [2978.2, 3000.0], [2978.25, 16494.0], [2978.3, 50965.0], [2978.4, 6514.0], [2978.45, 9017.0], [2978.5, 20153.0], [2978.55, 3348.0], [2978.6, 3000.0], [2978.7, 7861.0], [2978.85, 3533.0], [2978.9, 3000.0], [2978.95, 4041.0], [2979.0, 13537.0]]}}}
{"jsonrpc": "2.0", "method": "subscription", "params": {"channel": "book.ETH-PERPETUAL.none.20.100ms", "data": {"timestamp": 1766243587772, "change_id": 102222380419, "instrument_name": "ETH-PERPETUAL", "bids": [[2977.55, 2836.0], [2977.2, 1446.0], [2977.15, 6295.0], [2976.85, 4527.0], [2976.8, 13269.0], [2976.75, 1757.0], [2976.65, 2999.0], [2976.55, 905.0], [2976.45, 3000.0], [2976.3, 22358.0], [2976.25, 5913.0], [2976.15, 64853.0], [2976.1, 1214.0], [2976.05, 4066.0], [2976.0, 5698.0], [2975.95, 18081.0], [2975.85, 3000.0], [2975.8, 400.0], [2975.75, 138.0], [2975.5, 3021.0]], "asks": [[2977.6, 27818.0], [2977.8, 2749.0], [2977.85, 6210.0], [2977.95, 3000.0], [2978.0, 90.0], [2978.1, 1254.0], [2978.15, 1188.0], [2978.2, 3000.0], [2978.25, 19494.0], [2978.3, 50965.0], [2978.4, 6514.0], [2978.45, 9017.0], [2978.5, 20153.0], [2978.55, 3348.0], [2978.6, 3000.0], [2978.7, 7861.0], [2978.85, 3533.0], [2978.9, 3000.0], [2978.95, 4041.0], [2979.0, 13537.0]]}}}
{"jsonrpc": "2.0", "method": "subscription", "params": {"channel": "book.ETH-PERPETUAL.none.20.100ms", "data": {"timestamp": 1766243588037, "change_id": 102222380741, "instrument_name": "ETH-PERPETUAL", "bids": [[2977.55, 2836.0], [2977.2, 1446.0], [2977.15, 6295.0], [2976.9, 2999.0], [2976.85, 4527.0], [2976.8, 13269.0], [2976.75, 1757.0], [2976.55, 905.0], [2976.45, 3000.0], [2976.3, 22358.0], [2976.25, 5913.0], [2976.15, 64853.0], [2976.1, 1214.0], [2976.05, 4066.0], [2976.0, 5698.0], [2975.95, 18081.0], [2975.85, 3000.0], [2975.8, 400.0], [2975.75, 138.0], [2975.5, 3021.0]], "asks": [[2977.6, 27818.0], [2977.8, 2749.0], [2977.85, 6210.0], [2977.95, 3000.0], [2978.0, 90.0], [2978.1, 1254.0], [2978.15, 1188.0], [2978.2, 3000.0], [2978.25, 16494.0], [2978.3, 50965.0], [2978.35, 3000.0], [2978.4, 6514.0], [2978.45, 9017.0], [2978.5, 20153.0], [2978.55, 3348.0], [2978.6, 3000.0], [2978.7, 7861.0], [2978.85, 3533.0], [2978.9, 3000.0], [2978.95, 4041.0]]}}}
{"jsonrpc": "2.0", "method": "subscription", "params": {"channel": "book.ETH-PERPETUAL.none.20.100ms", "data": {"timestamp": 1766243588346, "change_id": 102222380935, "instrument_name": "ETH-PERPETUAL", "bids": [[2977.55, 2836.0], [2977.2, 1446.0], [2977.15, 6295.0], [2976.9, 2999.0], [2976.85, 4527.0], [2976.8, 13269.0], [2976.75, 1757.0], [2976.6, 1166.0], [2976.55, 905.0], [2976.45, 3000.0], [2976.3, 22358.0], [2976.25, 5913.0], [2976.15, 64853.0], [2976.1, 1214.0], [2976.05, 4066.0], [2976.0, 5698.0], [2975.95, 18081.0], [2975.85, 3000.0], [2975.8, 400.0], [2975.75, 138.0]], "asks": [[2977.6, 27818.0], [2977.8, 2749.0], [2977.85, 6210.0], [2977.95, 3000.0], [2978.0, 90.0], [2978.1, 1254.0], [2978.15, 1188.0], [2978.2, 3000.0], [2978.25, 16494.0], [2978.3, 50965.0], [2978.35, 3000.0], [2978.4, 6514.0], [2978.45, 9017.0], [2978.5, 20153.0], [2978.55, 3348.0], [2978.6, 3000.0], [2978.7, 7861.0], [2978.85, 3533.0], [2978.9, 3000.0], [2978.95, 4041.0]]}}}
{"jsonrpc": "2.0", "method": "subscription", "params": {"channel": "book.ETH-PERPETUAL.none.20.100ms", "data": {"timestamp": 1766243588767, "change_id": 102222381367, "instrument_name": "ETH-PERPETUAL", "bids": [[2977.55, 2836.0], [2977.2, 1446.0], [2977.15, 6295.0], [2976.9, 2999.0], [2976.85, 4527.0], [2976.8, 13269.0], [2976.75, 1757.0], [2976.6, 1166.0], [2976.55, 905.0], [2976.45, 3000.0], [2976.3, 22358.0], [2976.25, 5913.0], [2976.15, 64853.0], [2976.1, 1214.0], [2976.05, 4066.0], [2976.0, 5698.0], [2975.95, 18081.0], [2975.85, 3000.0], [2975.8, 400.0], [2975.75, 138.0]], "asks": [[2977.6, 27818.0], [2977.8, 2749.0], [2977.85, 6210.0], [2977.95, 3000.0], [2978.0, 90.0], [2978.1, 1254.0], [2978.15, 1188.0], [2978.2, 3000.0], [2978.25, 16494.0], [2978.3, 50965.0], [2978.35, 3000.0], [2978.4, 26518.0], [2978.45, 9017.0], [2978.5, 149.0], [2978.55, 3348.0], [2978.6, 3000.0], [2978.7, 7861.0], [2978.85, 3533.0], [2978.9, 3000.0], [2978.95, 4041.0]]}}}
{"jsonrpc": "2.0", "method": "subscription", "params": {"channel": "book.ETH-PERPETUAL.none.20.100ms", "data": {"timestamp": 1766243589037, "change_id": 102222381720, "instrument_name": "ETH-PERPETUAL", "bids": [[2977.55, 104.0], [2977.2, 1446.0], [2977.15, 6295.0], [2976.9, 2999.0], [2976.85, 4527.0], [2976.8, 13269.0], [2976.75, 1757.0], [2976.6, 1166.0], [2976.55, 905.0], [2976.45, 3000.0], [2976.3, 22358.0], [2976.25, 5913.0], [2976.15, 64853.0], [2976.1, 1214.0], [2976.05, 4066.0], [2976.0, 5698.0], [2975.95, 18081.0], [2975.85, 3000.0], [2975.8, 400.0], [2975.75, 138.0]], "asks": [[2977.6, 27818.0], [2977.8, 2749.0], [2977.85, 6210.0], [2977.95, 3000.0], [2978.0, 90.0], [2978.1, 1254.0], [2978.15, 1188.0], [2978.2, 3000.0], [2978.25, 16494.0], [2978.3, 50965.0], [2978.35, 3000.0], [2978.4, 6514.0], [2978.45, 3001.0], [2978.5, 20153.0], [2978.55, 3348.0], [2978.6, 3000.0], [2978.7, 7861.0], [2978.85, 3533.0], [2978.9, 3000.0], [2978.95, 4041.0]]}}}
{"jsonrpc": "2.0", "method": "subscription", "params": {"channel": "book.ETH-PERPETUAL.none.20.100ms", "data": {"timestamp": 1766243589412, "change_id": 102222381976, "instrument_name": "ETH-PERPETUAL", "bids": [[2977.55, 104.0], [2977.2, 1446.0], [2977.15, 6295.0], [2976.9, 2999.0], [2976.85, 4527.0], [2976.8, 13269.0], [2976.75, 1757.0], [2976.6, 1166.0], [2976.55, 905.0], [2976.45, 3000.0], [2976.3, 22358.0], [2976.25, 5913.0], [2976.15, 64853.0], [2976.1, 1214.0], [2976.05, 4066.0], [2976.0, 5698.0], [2975.95, 18081.0], [2975.85, 3000.0], [2975.8, 400.0], [2975.75, 138.0]], "asks": [[2977.6, 27818.0], [2977.8, 2749.0], [2977.85, 6210.0], [2977.95, 3000.0], [2978.0, 90.0], [2978.1, 1254.0], [2978.15, 1188.0], [2978.2, 3000.0], [2978.25, 16494.0], [2978.3, 50965.0], [2978.35, 3000.0], [2978.4, 6514.0], [2978.45, 9017.0], [2978.5, 20153.0], [2978.55, 3348.0], [2978.6, 3000.0], [2978.7, 7861.0], [2978.85, 3533.0], [2978.9, 3000.0], [2978.95, 4041.0]]}}}
{"jsonrpc": "2.0", "method": "subscription", "params": {"channel": "book.ETH-PERPETUAL.none.20.100ms", "data": {"timestamp": 1766243589751, "change_id": 102222382257, "instrument_name": "ETH-PERPETUAL", "bids": [[2977.55, 104.0], [2977.2, 1446.0], [2977.15, 6295.0], [2976.9, 2999.0], [2976.85, 4527.0], [2976.8, 13269.0], [2976.75, 1757.0], [2976.6, 1166.0], [2976.55, 905.0], [2976.45, 3000.0], [2976.3, 22358.0], [2976.25, 5913.0], [2976.15, 64853.0], [2976.1, 1214.0], [2976.05, 4066.0], [2976.0, 5698.0], [2975.95, 18081.0], [2975.85, 3000.0], [2975.8, 400.0], [2975.75, 138.0]], "asks": [[2977.6, 27818.0], [2977.8, 2749.0], [2977.85, 6210.0], [2977.95, 3000.0], [2978.0, 90.0], [2978.1, 1254.0], [2978.15, 1188.0], [2978.2, 3000.0], [2978.25, 16494.0], [2978.3, 50965.0], [2978.35, 3000.0], [2978.4, 6514.0], [2978.45, 9017.0], [2978.5, 20153.0], [2978.55, 3348.0], [2978.6, 3000.0], [2978.7, 7861.0], [2978.85, 3533.0], [2978.9, 3000.0], [2978.95, 4041.0]]}}}
{"jsonrpc": "2.0", "method": "subscription", "params": {"channel": "book.ETH-PERPETUAL.none.20.100ms", "data": {"timestamp": 1766243590059, "change_id": 102222382691, "instrument_name": "ETH-PERPETUAL", "bids": [[2977.55, 104.0], [2977.2, 1446.0], [2977.15, 6295.0], [2976.9, 2999.0], [2976.85, 4527.0], [2976.8, 13269.0], [2976.75, 1757.0], [2976.6, 1166.0], [2976.55, 905.0], [2976.45, 3000.0], [2976.3, 22358.0], [2976.25, 5913.0], [2976.15, 64853.0], [2976.1, 1214.0], [2976.05, 4066.0], [2976.0, 5698.0], [2975.95, 18081.0], [2975.85, 3000.0], [2975.8, 400.0], [2975.75, 138.0]], "asks": [[2977.6, 27685.0], [2977.8, 2749.0], [2977.85, 6210.0], [2977.95, 3000.0], [2978.0, 90.0], [2978.1, 1254.0], [2978.15, 1188.0], [2978.2, 3000.0], [2978.25, 16494.0], [2978.3, 50965.0], [2978.35, 3000.0], [2978.4, 6514.0], [2978.45, 9017.0], [2978.5, 20153.0], [2978.55, 3348.0], [2978.6, 3000.0], [2978.7, 7861.0], [2978.85, 3533.0], [2978.9, 3000.0], [2978.95, 4041.0]]}}}
{"jsonrpc": "2.0", "method": "subscription", "params": {"channel": "book.ETH-PERPETUAL.none.20.100ms", "data": {"timestamp": 1766243590327, "change_id": 102222382865, "instrument_name": "ETH-PERPETUAL", "bids": [[2977.55, 104.0], [2977.2, 1446.0], [2977.15, 6295.0], [2976.9, 2999.0], [2976.85, 4527.0], [2976.8, 13269.0], [2976.75, 1757.0], [2976.6, 1166.0], [2976.55, 905.0], [2976.45, 3000.0], [2976.3, 22358.0], [2976.25, 5913.0], [2976.15, 64853.0], [2976.1, 1214.0], [2976.05, 4066.0], [2976.0, 5698.0], [2975.95, 18081.0], [2975.85, 3000.0], [2975.8, 400.0], [2975.75, 138.0]], "asks": [[2977.6, 29135.0], [2977.8, 2749.0], [2977.85, 6210.0], [2977.95, 3000.0], [2978.0, 90.0], [2978.1, 1254.0], [2978.15, 1188.0], [2978.2, 3000.0], [2978.25, 16494.0], [2978.3, 50965.0], [2978.35, 3000.0], [2978.4, 6514.0], [2978.45, 9017.0], [2978.5, 20153.0], [2978.55, 3348.0], [2978.6, 3000.0], [2978.7, 7861.0], [2978.85, 3533.0], [2978.9, 3000.0], [2978.95, 4041.0]]}}}
{"jsonrpc": "2.0", "method": "subscription", "params": {"channel": "book.ETH-PERPETUAL.none.20.100ms", "data": {"timestamp": 1766243590742, "change_id": 102222383164, "instrument_name": "ETH-PERPETUAL", "bids": [[2977.55, 104.0], [2977.2, 1446.0], [2977.15, 6295.0], [2976.85, 7526.0], [2976.8, 13269.0], [2976.75, 1757.0], [2976.6, 1166.0], [2976.55, 905.0], [2976.45, 3000.0], [2976.3, 22358.0], [2976.25, 5913.0], [2976.15, 64853.0], [2976.1, 1214.0], [2976.05, 4066.0], [2976.0, 5698.0], [2975.95, 18081.0], [2975.85, 3000.0], [2975.8, 400.0], [2975.75, 138.0], [2975.5, 3021.0]], "asks": [[2977.6, 29135.0], [2977.8, 2749.0], [2977.85, 6210.0], [2977.95, 3000.0], [2978.0, 90.0], [2978.1, 1254.0], [2978.15, 1188.0], [2978.2, 3000.0], [2978.25, 19494.0], [2978.3, 50965.0], [2978.4, 6514.0], [2978.45, 9017.0], [2978.5, 20153.0], [2978.55, 3348.0], [2978.6, 3000.0], [2978.7, 7861.0], [2978.85, 3533.0], [2978.9, 3000.0], [2978.95, 4041.0], [2979.0, 13537.0]]}}}
{"jsonrpc": "2.0", "method": "subscription", "params": {"channel": "book.ETH-PERPETUAL.none.20.100ms", "data": {"timestamp": 1766243591044, "change_id": 102222383593, "instrument_name": "ETH-PERPETUAL", "bids": [[2977.55, 104.0], [2977.2, 1446.0], [2977.15, 6295.0], [2976.85, 4527.0], [2976.8, 13269.0], [2976.75, 1757.0], [2976.65, 2999.0], [2976.6, 1166.0], [2976.55, 905.0], [2976.45, 3000.0], [2976.3, 22358.0], [2976.25, 5913.0], [2976.15, 64853.0], [2976.1, 1214.0], [2976.05, 4066.0], [2976.0, 5698.0], [2975.95, 18081.0], [2975.85, 3000.0], [2975.8, 400.0], [2975.75, 138.0]], "asks": [[2977.6, 27685.0], [2977.8, 2749.0], [2977.85, 6210.0], [2977.95, 3000.0], [2978.0, 90.0], [2978.1, 4254.0], [2978.15, 1188.0], [2978.2, 3000.0], [2978.25, 16494.0], [2978.3, 50965.0], [2978.4, 6514.0], [2978.45, 9017.0], [2978.5, 20153.0], [2978.55, 3348.0], [2978.6, 3000.0], [2978.7, 7861.0], [2978.85, 3533.0], [2978.9, 3000.0], [2978.95, 4041.0], [2979.0, 13537.0]]}}}
{"jsonrpc": "2.0", "method": "subscription", "params": {"channel": "book.ETH-PERPETUAL.none.20.100ms", "data": {"timestamp": 1766243591204, "change_id": 102222383780, "instrument_name": "ETH-PERPETUAL", "bids": [[2977.55, 104.0], [2977.2, 1446.0], [2977.15, 6295.0], [2976.85, 4527.0], [2976.8, 13269.0], [2976.75, 1757.0], [2976.65, 2999.0], [2976.6, 1166.0], [2976.55, 905.0], [2976.45, 3000.0], [2976.3, 22358.0], [2976.25, 5913.0], [2976.15, 50000.0], [2976.1, 1214.0], [2976.05, 4066.0], [2976.0, 5698.0], [2975.95, 18081.0], [2975.85, 3000.0], [2975.8, 400.0], [2975.75, 138.0]], "asks": [[2977.6, 29135.0], [2977.8, 2749.0], [2977.85, 6210.0], [2977.95, 3000.0], [2978.0, 90.0], [2978.1, 1254.0], [2978.15, 4188.0], [2978.2, 3000.0], [2978.25, 16494.0], [2978.3, 50965.0], [2978.4, 6514.0], [2978.45, 9017.0], [2978.5, 20153.0], [2978.55, 3348.0], [2978.6, 3000.0], [2978.7, 7861.0], [2978.85, 3533.0], [2978.9, 3000.0], [2978.95, 4041.0], [2979.0, 13537.0]]}}}
{"jsonrpc": "2.0", "method": "subscription", "params": {"channel": "book.ETH-PERPETUAL.none.20.100ms", "data": {"timestamp": 1766243591635, "change_id": 102222383951, "instrument_name": "ETH-PERPETUAL", "bids": [[2977.55, 104.0], [2977.2, 1446.0], [2977.15, 6295.0], [2976.85, 4527.0], [2976.8, 13269.0], [2976.75, 1757.0], [2976.65, 2999.0], [2976.6, 1166.0], [2976.55, 905.0], [2976.45, 3000.0], [2976.3, 22358.0], [2976.25, 5913.0], [2976.15, 65244.0], [2976.1, 1214.0], [2976.05, 4066.0], [2976.0, 5698.0], [2975.95, 18081.0], [2975.85, 3000.0], [2975.8, 400.0], [2975.75, 138.0]], "asks": [[2977.6, 29135.0], [2977.8, 2749.0], [2977.85, 6210.0], [2977.95, 3000.0], [2978.0, 90.0], [2978.1, 1254.0], [2978.15, 4188.0], [2978.2, 3000.0], [2978.25, 16494.0], [2978.3, 50965.0], [2978.4, 6514.0], [2978.45, 9017.0], [2978.5, 20153.0], [2978.55, 3348.0], [2978.6, 3000.0], [2978.7, 7861.0], [2978.85, 3533.0], [2978.9, 3000.0], [2978.95, 4041.0], [2979.0, 13537.0]]}}}
{"jsonrpc": "2.0", "method": "subscription", "params": {"channel": "book.ETH-PERPETUAL.none.20.100ms", "data": {"timestamp": 1766243592049, "change_id": 102222384549, "instrument_name": "ETH-PERPETUAL", "bids": [[2977.55, 104.0], [2977.2, 1446.0], [2977.15, 6295.0], [2976.85, 4527.0], [2976.8, 13269.0], [2976.75, 1757.0], [2976.65, 2999.0], [2976.6, 1166.0], [2976.55, 905.0], [2976.45, 3000.0], [2976.3, 22358.0], [2976.25, 5913.0], [2976.15, 65244.0], [2976.1, 1214.0], [2976.05, 4066.0], [2976.0, 5698.0], [2975.95, 18081.0], [2975.85, 3000.0], [2975.8, 400.0], [2975.75, 138.0]], "asks": [[2977.6, 29265.0], [2977.8, 2749.0], [2977.85, 6210.0], [2977.95, 3000.0], [2978.0, 90.0], [2978.1, 1254.0], [2978.15, 4188.0], [2978.2, 3000.0], [2978.25, 16494.0], [2978.3, 50965.0], [2978.4, 6514.0], [2978.45, 9017.0], [2978.5, 20153.0], [2978.55, 3348.0], [2978.6, 3000.0], [2978.7, 7861.0], [2978.85, 3533.0], [2978.9, 3000.0], [2978.95, 4041.0], [2979.0, 13537.0]]}}}
{"jsonrpc": "2.0", "method": "subscription", "params": {"channel": "book.ETH-PERPETUAL.none.20.100ms", "data": {"timestamp": 1766243592401, "change_id": 102222384816, "instrument_name": "ETH-PERPETUAL", "bids": [[2977.55, 2836.0], [2977.2, 1446.0], [2977.15, 6295.0], [2976.85, 4527.0], [2976.8, 13269.0], [2976.75, 1757.0], [2976.65, 2999.0], [2976.6, 1166.0], [2976.55, 905.0], [2976.45, 3000.0], [2976.3, 22358.0], [2976.25, 5913.0], [2976.15, 65244.0], [2976.1, 1214.0], [2976.05, 4066.0], [2976.0, 5698.0], [2975.95, 18081.0], [2975.85, 3000.0], [2975.8, 400.0], [2975.75, 138.0]], "asks": [[2977.6, 29265.0], [2977.8, 2749.0], [2977.85, 6210.0], [2977.95, 3000.0], [2978.0, 90.0], [2978.1, 1254.0], [2978.15, 1188.0], [2978.2, 6000.0], [2978.25, 16494.0], [2978.3, 50965.0], [2978.4, 6514.0], [2978.45, 9017.0], [2978.5, 149.0], [2978.55, 23352.0], [2978.6, 3000.0], [2978.7, 7861.0], [2978.85, 3533.0], [2978.9, 3000.0], [2978.95, 4041.0], [2979.0, 13537.0]]}}}
{"jsonrpc": "2.0", "method": "subscription", "params": {"channel": "book.ETH-PERPETUAL.none.20.100ms", "data": {"timestamp": 1766243592637, "change_id": 102222384900, "instrument_name": "ETH-PERPETUAL", "bids": [[2977.55, 2836.0], [2977.2, 1446.0], [2977.15, 6295.0], [2976.85, 4527.0], [2976.8, 13269.0], [2976.75, 1757.0], [2976.65, 2999.0], [2976.6, 1166.0], [2976.55, 905.0], [2976.45, 3000.0], [2976.3, 22358.0], [2976.25, 5913.0], [2976.15, 65244.0], [2976.1, 1214.0], [2976.05, 4066.0], [2976.0, 5698.0], [2975.95, 18081.0], [2975.85, 3000.0], [2975.8, 400.0], [2975.75, 138.0]], "asks": [[2977.6, 29265.0], [2977.8, 2749.0], [2977.85, 6210.0], [2977.95, 3000.0], [2978.0, 90.0], [2978.1, 1254.0], [2978.15, 4188.0], [2978.2, 3000.0], [2978.25, 16494.0], [2978.3, 50965.0], [2978.4, 6514.0], [2978.45, 3001.0], [2978.5, 20153.0], [2978.55, 3348.0], [2978.6, 3000.0], [2978.7, 7861.0], [2978.85, 3533.0], [2978.9, 3000.0], [2978.95, 4041.0], [2979.0, 13537.0]]}}}
{"jsonrpc": "2.0", "method": "subscription", "params": {"channel": "book.ETH-PERPETUAL.none.20.100ms", "data": {"timestamp": 1766243593058, "change_id": 102222385476, "instrument_name": "ETH-PERPETUAL", "bids": [[2977.55, 2836.0], [2977.2, 1446.0], [2977.15, 6295.0], [2976.85, 4527.0], [2976.8, 13269.0], [2976.75, 1757.0], [2976.65, 2999.0], [2976.6, 1166.0], [2976.55, 905.0], [2976.45, 3000.0], [2976.3, 22358.0], [2976.25, 5913.0], [2976.15, 65244.0], [2976.1, 1214.0], [2976.05, 4066.0], [2976.0, 5698.0], [2975.95, 18081.0], [2975.85, 3000.0], [2975.8, 400.0], [2975.75, 138.0]], "asks": [[2977.6, 29245.0], [2977.8, 2749.0], [2977.85, 6210.0], [2977.95, 3000.0], [2978.0, 90.0], [2978.1, 1254.0], [2978.15, 4188.0], [2978.2, 3000.0], [2978.25, 16494.0], [2978.3, 50965.0], [2978.4, 6514.0], [2978.45, 3001.0], [2978.5, 20153.0], [2978.55, 3348.0], [2978.6, 3000.0], [2978.7, 7861.0], [2978.85, 3533.0], [2978.9, 3000.0], [2978.95, 4041.0], [2979.0, 13537.0]]}}}
{"jsonrpc": "2.0", "method": "subscription", "params": {"channel": "book.ETH-PERPETUAL.none.20.100ms", "data": {"timestamp": 1766243593376, "change_id": 102222385750, "instrument_name": "ETH-PERPETUAL", "bids": [[2977.55, 2828.0], [2977.2, 1446.0], [2977.15, 6295.0], [2976.85, 4527.0], [2976.8, 13269.0], [2976.75, 1757.0], [2976.65, 2999.0], [2976.6, 1166.0], [2976.55, 905.0], [2976.45, 3000.0], [2976.3, 22358.0], [2976.25, 55913.0], [2976.15, 15244.0], [2976.1, 1214.0], [2976.05, 4066.0], [2976.0, 5698.0], [2975.95, 18081.0], [2975.85, 3000.0], [2975.8, 400.0], [2975.75, 138.0]], "asks": [[2977.6, 29155.0], [2977.8, 2749.0], [2977.85, 6210.0], [2977.95, 3000.0], [2978.0, 90.0], [2978.1, 1254.0], [2978.15, 4188.0], [2978.2, 3000.0], [2978.25, 16494.0], [2978.3, 50965.0], [2978.4, 6514.0], [2978.5, 20153.0], [2978.55, 3348.0], [2978.6, 3000.0], [2978.7, 7861.0], [2978.85, 6534.0], [2978.9, 3000.0], [2978.95, 4041.0], [2979.0, 13537.0], [2979.1, 1500.0]]}}}
{"jsonrpc": "2.0", "method": "subscription", "params": {"channel": "book.ETH-PERPETUAL.none.20.100ms", "data": {"timestamp": 1766243593698, "change_id": 102222385952, "instrument_name": "ETH-PERPETUAL", "bids": [[2977.55, 2836.0], [2977.2, 1446.0], [2977.15, 6295.0], [2976.85, 4527.0], [2976.8, 16268.0], [2976.75, 1757.0], [2976.6, 1166.0], [2976.55, 905.0], [2976.45, 3000.0], [2976.3, 22358.0], [2976.25, 55913.0], [2976.15, 15244.0], [2976.1, 1214.0], [2976.05, 4066.0], [2976.0, 5698.0], [2975.95, 18081.0], [2975.85, 3000.0], [2975.8, 400.0], [2975.75, 138.0], [2975.5, 3021.0]], "asks": [[2977.6, 28955.0], [2977.95, 3000.0], [2978.0, 90.0], [2978.1, 1254.0], [2978.15, 1188.0], [2978.2, 6000.0], [2978.25, 16494.0], [2978.3, 50965.0], [2978.4, 6514.0], [2978.45, 6016.0], [2978.5, 20153.0], [2978.55, 3348.0], [2978.6, 3000.0], [2978.7, 7861.0], [2978.85, 6534.0], [2978.9, 3000.0], [2978.95, 4041.0], [2979.0, 13537.0], [2979.15, 6635.0], [2979.2, 3536.0]]}}}
{"jsonrpc": "2.0", "method": "subscription", "params": {"channel": "book.ETH-PERPETUAL.none.20.100ms", "data": {"timestamp": 1766243593918, "change_id": 102222386350, "instrument_name": "ETH-PERPETUAL", "bids": [[2977.55, 2836.0], [2977.2, 1446.0], [2977.15, 6295.0], [2976.85, 4527.0], [2976.8, 13269.0], [2976.75, 1757.0], [2976.65, 2999.0], [2976.6, 1166.0], [2976.55, 905.0], [2976.45, 3000.0], [2976.3, 22358.0], [2976.25, 55913.0], [2976.15, 15244.0], [2976.1, 1214.0], [2976.05, 4066.0], [2976.0, 5698.0], [2975.95, 18081.0], [2975.85, 3000.0], [2975.8, 400.0], [2975.75, 138.0]], "asks": [[2977.6, 28955.0], [2977.85, 2749.0], [2977.9, 6210.0], [2977.95, 3000.0], [2978.0, 90.0], [2978.1, 1254.0], [2978.15, 1188.0], [2978.2, 6000.0], [2978.25, 16494.0], [2978.3, 50965.0], [2978.4, 6514.0], [2978.45, 6016.0], [2978.5, 20153.0], [2978.55, 3348.0], [2978.6, 3000.0], [2978.7, 7861.0], [2978.85, 6534.0], [2978.9, 3000.0], [2978.95, 4041.0], [2979.0, 13537.0]]}}}
{"jsonrpc": "2.0", "method": "subscription", "params": {"channel": "book.ETH-PERPETUAL.none.20.100ms", "data": {"timestamp": 1766243594342, "change_id": 102222386667, "instrument_name": "ETH-PERPETUAL", "bids": [[2977.55, 2836.0], [2977.2, 1446.0], [2977.15, 6295.0], [2976.85, 4527.0], [2976.8, 13269.0], [2976.75, 1757.0], [2976.65, 2999.0], [2976.6, 1166.0], [2976.55, 905.0], [2976.45, 3000.0], [2976.3, 22358.0], [2976.25, 55913.0], [2976.15, 15244.0], [2976.1, 1214.0], [2976.05, 4066.0], [2976.0, 5698.0], [2975.95, 18081.0], [2975.85, 3000.0], [2975.8, 400.0], [2975.75, 138.0]], "asks": [[2977.6, 28845.0], [2977.85, 2749.0], [2977.9, 6210.0], [2977.95, 3000.0], [2978.0, 90.0], [2978.1, 1254.0], [2978.15, 1188.0], [2978.2, 6000.0], [2978.25, 16494.0], [2978.3, 50965.0], [2978.4, 6514.0], [2978.5, 20153.0], [2978.55, 3348.0], [2978.6, 3000.0], [2978.7, 7861.0], [2978.85, 6534.0], [2978.9, 3000.0], [2978.95, 4041.0], [2979.0, 13537.0], [2979.15, 6635.0]]}}}
{"jsonrpc": "2.0", "method": "subscription", "params": {"channel": "book.ETH-PERPETUAL.none.20.100ms", "data": {"timestamp": 1766243594707, "change_id": 102222386969, "instrument_name": "ETH-PERPETUAL", "bids": [[2977.55, 2836.0], [2977.2, 1446.0], [2977.15, 6295.0], [2976.85, 4527.0], [2976.8, 13269.0], [2976.75, 1757.0], [2976.65, 2999.0], [2976.6, 1166.0], [2976.55, 905.0], [2976.45, 3000.0], [2976.3, 22358.0], [2976.25, 55913.0], [2976.15, 15244.0], [2976.1, 1214.0], [2976.05, 4066.0], [2976.0, 5698.0], [2975.95, 18081.0], [2975.85, 3000.0], [2975.8, 400.0], [2975.75, 138.0]], "asks": [[2977.6, 28715.0], [2977.85, 2749.0], [2977.9, 6210.0], [2977.95, 3000.0], [2978.0, 90.0], [2978.1, 1254.0], [2978.15, 4188.0], [2978.2, 3000.0], [2978.25, 16494.0], [2978.3, 50965.0], [2978.4, 6514.0], [2978.45, 6016.0], [2978.5, 20153.0], [2978.55, 3348.0], [2978.6, 3000.0], [2978.7, 7861.0], [2978.85, 6534.0], [2978.9, 3000.0], [2978.95, 4041.0], [2979.0, 13537.0]]}}}
{"jsonrpc": "2.0", "method": "subscription", "params": {"channel": "book.ETH-PERPETUAL.none.20.100ms", "data": {"timestamp": 1766243594995, "change_id": 102222387449, "instrument_name": "ETH-PERPETUAL", "bids": [[2977.55, 2836.0], [2977.2, 1446.0], [2977.15, 6295.0], [2976.85, 4527.0], [2976.8, 13269.0], [2976.75, 1757.0], [2976.65, 2999.0], [2976.6, 1166.0], [2976.55, 905.0], [2976.45, 3000.0], [2976.3, 22358.0], [2976.25, 55913.0], [2976.15, 15244.0], [2976.1, 1214.0], [2976.05, 4066.0], [2976.0, 5698.0], [2975.95, 18081.0], [2975.85, 3000.0], [2975.8, 400.0], [2975.75, 138.0]], "asks": [[2977.6, 28805.0], [2977.85, 2749.0], [2977.9, 6210.0], [2977.95, 3000.0], [2978.0, 90.0], [2978.1, 1254.0], [2978.15, 4188.0], [2978.2, 3000.0], [2978.25, 16494.0], [2978.3, 50965.0], [2978.4, 6514.0], [2978.45, 6016.0], [2978.5, 20153.0], [2978.55, 3348.0], [2978.6, 3000.0], [2978.7, 7861.0], [2978.85, 6534.0], [2978.9, 3000.0], [2978.95, 4041.0], [2979.0, 13537.0]]}}}
{"jsonrpc": "2.0", "method": "subscription", "params": {"channel": "book.ETH-PERPETUAL.none.20.100ms", "data": {"timestamp": 1766243595344, "change_id": 102222387701, "instrument_name": "ETH-PERPETUAL", "bids": [[2977.55, 2836.0], [2977.2, 1446.0], [2977.15, 6295.0], [2976.85, 4527.0], [2976.8, 13269.0], [2976.75, 1757.0], [2976.65, 2999.0], [2976.6, 1166.0], [2976.55, 905.0], [2976.45, 3000.0], [2976.3, 22358.0], [2976.25, 55913.0], [2976.15, 15244.0], [2976.1, 1214.0], [2976.05, 4066.0], [2976.0, 5698.0], [2975.95, 18081.0], [2975.85, 3000.0], [2975.8, 400.0], [2975.75, 138.0]], "asks": [[2977.6, 27685.0], [2977.65, 1854.0], [2977.7, 6210.0], [2977.95, 3000.0], [2978.0, 90.0], [2978.1, 1254.0], [2978.15, 4188.0], [2978.2, 3000.0], [2978.25, 16494.0], [2978.3, 50965.0], [2978.4, 6514.0], [2978.45, 6016.0], [2978.5, 20153.0], [2978.55, 3348.0], [2978.6, 3000.0], [2978.7, 7861.0], [2978.85, 6534.0], [2978.9, 3000.0], [2978.95, 4041.0], [2979.0, 15037.0]]}}}
{"jsonrpc": "2.0", "method": "subscription", "params": {"channel": "book.ETH-PERPETUAL.none.20.100ms", "data": {"timestamp": 1766243595594, "change_id": 102222387841, "instrument_name": "ETH-PERPETUAL", "bids": [[2977.55, 2836.0], [2977.2, 1446.0], [2977.15, 6295.0], [2976.85, 4527.0], [2976.8, 13269.0], [2976.75, 1757.0], [2976.65, 2999.0], [2976.6, 1166.0], [2976.55, 905.0], [2976.45, 3000.0], [2976.3, 22358.0], [2976.25, 55913.0], [2976.15, 15244.0], [2976.1, 1214.0], [2976.05, 4066.0], [2976.0, 5698.0], [2975.95, 18081.0], [2975.85, 3000.0], [2975.8, 400.0], [2975.75, 138.0]], "asks": [[2977.6, 28805.0], [2977.65, 1854.0], [2977.7, 6210.0], [2977.95, 3000.0], [2978.0, 90.0], [2978.1, 1254.0], [2978.15, 4188.0], [2978.2, 3000.0], [2978.25, 16494.0], [2978.3, 50965.0], [2978.4, 6514.0], [2978.45, 6016.0], [2978.5, 20153.0], [2978.55, 3348.0], [2978.6, 3000.0], [2978.7, 6806.0], [2978.8, 1950.0], [2978.85, 6534.0], [2978.9, 3000.0], [2978.95, 4041.0]]}}}
{"jsonrpc": "2.0", "method": "subscription", "params": {"channel": "book.ETH-PERPETUAL.none.20.100ms", "data": {"timestamp": 1766243595989, "change_id": 102222388466, "instrument_name": "ETH-PERPETUAL", "bids": [[2977.55, 2836.0], [2977.35, 1854.0], [2977.3, 6210.0], [2977.15, 85.0], [2976.85, 4527.0], [2976.8, 13269.0], [2976.75, 1757.0], [2976.65, 2999.0], [2976.6, 1166.0], [2976.55, 905.0], [2976.45, 3000.0], [2976.35, 15373.0], [2976.3, 51500.0], [2976.25, 5913.0], [2976.15, 15244.0], [2976.1, 1214.0], [2976.05, 5219.0], [2976.0, 5698.0], [2975.95, 18081.0], [2975.85, 3000.0]], "asks": [[2977.6, 1320.0], [2977.65, 1854.0], [2977.7, 6210.0], [2977.9, 8358.0], [2977.95, 28000.0], [2978.0, 90.0], [2978.1, 1254.0], [2978.15, 4188.0], [2978.2, 3000.0], [2978.25, 16494.0], [2978.3, 50965.0], [2978.4, 6514.0], [2978.45, 6016.0], [2978.5, 20153.0], [2978.55, 3348.0], [2978.6, 3000.0], [2978.7, 6806.0], [2978.8, 1950.0], [2978.85, 6534.0], [2978.9, 3000.0]]}}}
{"jsonrpc": "2.0", "method": "subscription", "params": {"channel": "book.ETH-PERPETUAL.none.20.100ms", "data": {"timestamp": 1766243596345, "change_id": 102222388732, "instrument_name": "ETH-PERPETUAL", "bids": [[2977.55, 2736.0], [2977.35, 1854.0], [2977.3, 6210.0], [2977.15, 85.0], [2976.85, 4527.0], [2976.8, 13269.0], [2976.75, 1757.0], [2976.65, 2999.0], [2976.6, 1166.0], [2976.55, 905.0], [2976.45, 3000.0], [2976.35, 15373.0], [2976.3, 51500.0], [2976.25, 5913.0], [2976.1, 1214.0], [2976.05, 5219.0], [2976.0, 5698.0], [2975.95, 18081.0], [2975.85, 3000.0], [2975.8, 400.0]], "asks": [[2977.6, 1320.0], [2977.7, 6210.0], [2977.9, 8358.0], [2977.95, 28000.0], [2978.0, 90.0], [2978.1, 1254.0], [2978.15, 4188.0], [2978.2, 3000.0], [2978.25, 16494.0], [2978.3, 50965.0], [2978.4, 6514.0], [2978.5, 20153.0], [2978.55, 3348.0], [2978.6, 3000.0], [2978.7, 6806.0], [2978.8, 1950.0], [2978.85, 6534.0], [2978.9, 3000.0], [2978.95, 4041.0], [2979.0, 15037.0]]}}}
{"jsonrpc": "2.0", "method": "subscription", "params": {"channel": "book.ETH-PERPETUAL.none.20.100ms", "data": {"timestamp": 1766243596551, "change_id": 102222388851, "instrument_name": "ETH-PERPETUAL", "bids": [[2977.55, 2836.0], [2977.35, 1854.0], [2977.3, 6210.0], [2977.15, 85.0], [2976.85, 4527.0], [2976.8, 16268.0], [2976.75, 1757.0], [2976.6, 1166.0], [2976.55, 905.0], [2976.45, 3000.0], [2976.35, 15373.0], [2976.3, 51500.0], [2976.25, 5913.0], [2976.15, 14631.0], [2976.1, 1214.0], [2976.05, 5219.0], [2976.0, 5698.0], [2975.95, 18081.0], [2975.85, 3000.0], [2975.8, 400.0]], "asks": [[2977.6, 26444.0], [2977.7, 6210.0], [2977.95, 3000.0], [2978.0, 90.0], [2978.1, 1254.0], [2978.15, 1188.0], [2978.2, 6000.0], [2978.25, 16494.0], [2978.3, 50965.0], [2978.4, 6514.0], [2978.5, 20153.0], [2978.55, 3348.0], [2978.6, 3000.0], [2978.7, 6806.0], [2978.8, 1950.0], [2978.85, 6534.0], [2978.9, 3000.0], [2978.95, 4041.0], [2979.0, 15037.0], [2979.15, 1457.0]]}}}
{"jsonrpc": "2.0", "method": "subscription", "params": {"channel": "book.ETH-PERPETUAL.none.20.100ms", "data": {"timestamp": 1766243596921, "change_id": 102222389360, "instrument_name": "ETH-PERPETUAL", "bids": [[2977.55, 2836.0], [2977.35, 1854.0], [2977.3, 6210.0], [2977.15, 85.0], [2976.85, 4527.0], [2976.8, 16268.0], [2976.75, 1757.0], [2976.6, 1166.0], [2976.55, 905.0], [2976.45, 3000.0], [2976.35, 15373.0], [2976.3, 51500.0], [2976.25, 5913.0], [2976.15, 14631.0], [2976.1, 1214.0], [2976.05, 5219.0], [2976.0, 5698.0], [2975.95, 18081.0], [2975.85, 3000.0], [2975.8, 400.0]], "asks": [[2977.6, 26344.0], [2977.7, 6210.0], [2977.95, 3000.0], [2978.0, 90.0], [2978.1, 1254.0], [2978.15, 1188.0], [2978.2, 6000.0], [2978.25, 16494.0], [2978.3, 50965.0], [2978.4, 6514.0], [2978.45, 6016.0], [2978.5, 20153.0], [2978.55, 3348.0], [2978.6, 3000.0], [2978.7, 6806.0], [2978.8, 1950.0], [2978.85, 6534.0], [2978.9, 3000.0], [2978.95, 4041.0], [2979.0, 15037.0]]}}}
{"jsonrpc": "2.0", "method": "subscription", "params": {"channel": "book.ETH-PERPETUAL.none.20.100ms", "data": {"timestamp": 1766243597350, "change_id": 102222389739, "instrument_name": "ETH-PERPETUAL", "bids": [[2977.55, 2836.0], [2977.5, 780.0], [2977.35, 1854.0], [2977.3, 6210.0], [2977.15, 85.0], [2976.85, 7526.0], [2976.8, 13269.0], [2976.75, 1757.0], [2976.6, 1166.0], [2976.55, 905.0], [2976.45, 3000.0], [2976.35, 15373.0], [2976.3, 51500.0], [2976.25, 5913.0], [2976.15, 14631.0], [2976.1, 1214.0], [2976.05, 5219.0], [2976.0, 5698.0], [2975.95, 18081.0], [2975.85, 3000.0]], "asks": [[2977.6, 124.0], [2977.95, 10489.0], [2978.0, 25090.0], [2978.1, 1254.0], [2978.15, 1188.0], [2978.2, 3000.0], [2978.25, 19494.0], [2978.3, 50965.0], [2978.4, 6514.0], [2978.45, 6016.0], [2978.5, 149.0], [2978.55, 23352.0], [2978.6, 3000.0], [2978.7, 6806.0], [2978.8, 1950.0], [2978.85, 6534.0], [2978.9, 3000.0], [2978.95, 4041.0], [2979.0, 13537.0], [2979.15, 1457.0]]}}}
{"jsonrpc": "2.0", "method": "subscription", "params": {"channel": "book.ETH-PERPETUAL.none.20.100ms", "data": {"timestamp": 1766243597647, "change_id": 102222389892, "instrument_name": "ETH-PERPETUAL", "bids": [[2977.55, 3580.0], [2977.35, 1854.0], [2977.3, 6210.0], [2977.15, 85.0], [2976.9, 2999.0], [2976.85, 4527.0], [2976.8, 13269.0], [2976.75, 1757.0], [2976.6, 1166.0], [2976.55, 905.0], [2976.45, 3000.0], [2976.35, 15373.0], [2976.3, 51500.0], [2976.25, 5913.0], [2976.15, 14631.0], [2976.1, 1214.0], [2976.05, 5219.0], [2976.0, 5698.0], [2975.95, 18081.0], [2975.85, 3000.0]], "asks": [[2977.6, 124.0], [2977.8, 2749.0], [2977.85, 6210.0], [2977.95, 10489.0], [2978.0, 25090.0], [2978.1, 1254.0], [2978.15, 1188.0], [2978.2, 3000.0], [2978.25, 16494.0], [2978.3, 965.0], [2978.35, 3000.0], [2978.4, 56514.0], [2978.45, 6016.0], [2978.5, 149.0], [2978.55, 23352.0], [2978.6, 3000.0], [2978.7, 6806.0], [2978.8, 1950.0], [2978.85, 6534.0], [2978.9, 3000.0]]}}}
{"jsonrpc": "2.0", "method": "subscription", "params": {"channel": "book.ETH-PERPETUAL.none.20.100ms", "data": {"timestamp": 1766243597963, "change_id": 102222390416, "instrument_name": "ETH-PERPETUAL", "bids": [[2977.55, 3572.0], [2977.35, 1854.0], [2977.3, 6210.0], [2977.15, 85.0], [2976.9, 2315.0], [2976.85, 2999.0], [2976.8, 3000.0], [2976.75, 1757.0], [2976.6, 1166.0], [2976.55, 905.0], [2976.45, 3000.0], [2976.35, 15373.0], [2976.3, 57632.0], [2976.25, 5913.0], [2976.15, 14631.0], [2976.1, 1214.0], [2976.05, 5219.0], [2976.0, 5698.0], [2975.95, 18081.0], [2975.85, 3000.0]], "asks": [[2977.6, 124.0], [2977.75, 5400.0], [2977.8, 2749.0], [2977.85, 6210.0], [2977.95, 10489.0], [2978.0, 25090.0], [2978.1, 1254.0], [2978.15, 1188.0], [2978.2, 3000.0], [2978.25, 19494.0], [2978.3, 965.0], [2978.4, 56514.0], [2978.45, 6016.0], [2978.5, 149.0], [2978.55, 23352.0], [2978.6, 3000.0], [2978.7, 6806.0], [2978.8, 1950.0], [2978.85, 6534.0], [2978.9, 3000.0]]}}}
{"jsonrpc": "2.0", "method": "subscription", "params": {"channel": "book.ETH-PERPETUAL.none.20.100ms", "data": {"timestamp": 1766243598268, "change_id": 102222390704, "instrument_name": "ETH-PERPETUAL", "bids": [[2977.55, 2828.0], [2977.35, 1854.0], [2977.3, 6210.0], [2977.15, 85.0], [2977.0, 3066.0], [2976.95, 10270.0], [2976.9, 2315.0], [2976.85, 2999.0], [2976.8, 3000.0], [2976.75, 1757.0], [2976.6, 1166.0], [2976.55, 905.0], [2976.45, 3000.0], [2976.35, 15373.0], [2976.3, 57632.0], [2976.25, 5913.0], [2976.15, 14631.0], [2976.1, 1214.0], [2976.05, 5219.0], [2976.0, 5698.0]], "asks": [[2977.6, 27784.0], [2977.7, 1612.0], [2977.75, 5400.0], [2977.8, 2749.0], [2977.85, 6210.0], [2977.95, 3000.0], [2978.0, 90.0], [2978.1, 1254.0], [2978.15, 1188.0], [2978.2, 3000.0], [2978.25, 19494.0], [2978.3, 50965.0], [2978.4, 6514.0], [2978.45, 6016.0], [2978.5, 149.0], [2978.55, 23352.0], [2978.6, 3000.0], [2978.7, 6806.0], [2978.8, 1950.0], [2978.85, 6534.0]]}}}
{"jsonrpc": "2.0", "method": "subscription", "params": {"channel": "book.ETH-PERPETUAL.none.20.100ms", "data": {"timestamp": 1766243598553, "change_id": 102222390839, "instrument_name": "ETH-PERPETUAL", "bids": [[2977.55, 2828.0], [2977.35, 1854.0], [2977.3, 6210.0], [2977.15, 85.0], [2977.0, 3066.0], [2976.95, 10270.0], [2976.9, 2315.0], [2976.85, 2999.0], [2976.8, 3000.0], [2976.75, 1757.0], [2976.6, 1166.0], [2976.55, 905.0], [2976.45, 3000.0], [2976.35, 15373.0], [2976.3, 57632.0], [2976.25, 5913.0], [2976.15, 14631.0], [2976.1, 1214.0], [2976.05, 5219.0], [2976.0, 5698.0]], "asks": [[2977.6, 27784.0], [2977.7, 1612.0], [2977.75, 5400.0], [2977.8, 2749.0], [2977.85, 6210.0], [2977.95, 3000.0], [2978.0, 90.0], [2978.1, 1254.0], [2978.15, 1188.0], [2978.2, 3000.0], [2978.25, 19494.0], [2978.3, 50965.0], [2978.4, 6514.0], [2978.45, 6016.0], [2978.5, 149.0], [2978.55, 23352.0], [2978.6, 3000.0], [2978.7, 6806.0], [2978.8, 1950.0], [2978.85, 6534.0]]}}}
{"jsonrpc": "2.0", "method": "subscription", "params": {"channel": "book.ETH-PERPETUAL.none.20.100ms", "data": {"timestamp": 1766243598984, "change_id": 102222391390, "instrument_name": "ETH-PERPETUAL", "bids": [[2977.55, 2828.0], [2977.35, 1854.0], [2977.3, 6210.0], [2977.15, 85.0], [2977.0, 3066.0], [2976.95, 10270.0], [2976.9, 2315.0], [2976.85, 2999.0], [2976.8, 3000.0], [2976.75, 1757.0], [2976.6, 1166.0], [2976.55, 905.0], [2976.45, 3000.0], [2976.35, 15373.0], [2976.3, 57632.0], [2976.25, 5913.0], [2976.15, 14631.0], [2976.1, 1214.0], [2976.05, 5219.0], [2976.0, 5698.0]], "asks": [[2977.6, 27660.0], [2977.7, 1612.0], [2977.75, 5400.0], [2977.8, 2749.0], [2977.85, 6210.0], [2977.95, 3000.0], [2978.0, 90.0], [2978.1, 1254.0], [2978.15, 1188.0], [2978.2, 3000.0], [2978.25, 19494.0], [2978.3, 50965.0], [2978.4, 6514.0], [2978.45, 6016.0], [2978.5, 149.0], [2978.55, 23352.0], [2978.6, 3000.0], [2978.7, 6806.0], [2978.8, 1950.0], [2978.85, 6534.0]]}}}
{"jsonrpc": "2.0", "method": "subscription", "params": {"channel": "book.ETH-PERPETUAL.none.20.100ms", "data": {"timestamp": 1766243599330, "change_id": 102222391629, "instrument_name": "ETH-PERPETUAL", "bids": [[2977.55, 2828.0], [2977.35, 1854.0], [2977.3, 6210.0], [2977.15, 85.0], [2977.0, 3066.0], [2976.95, 10270.0], [2976.9, 2315.0], [2976.85, 2999.0], [2976.8, 3000.0], [2976.75, 1757.0], [2976.6, 1166.0], [2976.55, 905.0], [2976.45, 3000.0], [2976.35, 15373.0], [2976.3, 57632.0], [2976.25, 5913.0], [2976.15, 14631.0], [2976.1, 1214.0], [2976.05, 5219.0], [2976.0, 5698.0]], "asks": [[2977.6, 27660.0], [2977.8, 2749.0], [2977.85, 6210.0], [2977.95, 3000.0], [2978.0, 90.0], [2978.1, 1254.0], [2978.15, 1188.0], [2978.2, 3000.0], [2978.25, 19494.0], [2978.3, 50965.0], [2978.4, 6514.0], [2978.45, 6016.0], [2978.5, 149.0], [2978.55, 23352.0], [2978.6, 3000.0], [2978.7, 6806.0], [2978.8, 1950.0], [2978.85, 6534.0], [2978.9, 3000.0], [2978.95, 4041.0]]}}}
