{"jsonrpc": "2.0", "id": 1, "result": ["book.ETH-PERPETUAL.none.20.100ms"], "usIn": 1772862875737159, "usOut": 1772862875737357, "usDiff": 198, "testnet": false}
{"jsonrpc": "2.0", "method": "subscription", "params": {"channel": "book.ETH-PERPETUAL.none.20.100ms", "data": {"timestamp": 1772862875729, "change_id": 112344819240, "instrument_name": "ETH-PERPETUAL", "bids": [[1979.0, 22.0], [1978.75, 10.0], [1978.65, 5500.0], [1978.6, 2204.0], [1978.55, 2687.0], [1978.5, 3011.0], [1978.45, 10115.0], [1978.4, 21132.0], [1978.3, 1061.0], [1978.25, 2974.0], [1978.2, 581.0], [1978.15, 1686.0], [1978.1, 8870.0], [1978.05, 5743.0], [1978.0, 11143.0], [1977.95, 2881.0], [1977.85, 2886.0], [1977.8, 1194.0], [1977.75, 4881.0], [1977.7, 2000.0]], "asks": [[1979.05, 49046.0], [1979.1, 2687.0], [1979.3, 2934.0], [1979.35, 9828.0], [1979.4, 1290.0], [1979.5, 4320.0], [1979.55, 2913.0], [1979.7, 2896.0], [1979.75, 20059.0], [1979.8, 2906.0], [1979.9, 18462.0], [1979.95, 17824.0], [1980.0, 5264.0], [1980.05, 1088.0], [1980.1, 4053.0], [1980.15, 7906.0], [1980.25, 386.0], [1980.3, 2905.0], [1980.35, 40.0], [1980.4, 2960.0]]}}}
{"jsonrpc": "2.0", "method": "subscription", "params": {"channel": "book.ETH-PERPETUAL.none.20.100ms", "data": {"timestamp": 1772862875974, "change_id": 112344819497, "instrument_name": "ETH-PERPETUAL", "bids": [[1979.0, 22.0], [1978.8, 387.0], [1978.75, 10.0], [1978.65, 5500.0], [1978.6, 2204.0], [1978.55, 2687.0], [1978.5, 3011.0], [1978.45, 10115.0], [1978.4, 21132.0], [1978.3, 1061.0], [1978.25, 2974.0], [1978.2, 581.0], [1978.15, 1686.0], [1978.1, 11869.0], [1978.05, 2745.0], [1978.0, 11143.0], [1977.95, 2881.0], [1977.85, 9793.0], [1977.8, 1194.0], [1977.75, 4881.0]], "asks": [[1979.05, 49046.0], [1979.1, 2687.0], [1979.3, 5038.0], [1979.35, 6828.0], [1979.4, 1290.0], [1979.5, 4320.0], [1979.55, 2913.0], [1979.7, 2896.0], [1979.75, 20059.0], [1979.8, 2906.0], [1979.9, 18462.0], [1979.95, 17824.0], [1980.0, 5264.0], [1980.05, 1088.0], [1980.1, 4053.0], [1980.15, 7906.0], [1980.25, 386.0], [1980.3, 2905.0], [1980.35, 40.0], [1980.4, 2960.0]]}}}
{"jsonrpc": "2.0", "method": "subscription", "params": {"channel": "book.ETH-PERPETUAL.none.20.100ms", "data": {"timestamp": 1772862876334, "change_id": 112344819688, "instrument_name": "ETH-PERPETUAL", "bids": [[1979.0, 22.0], [1978.8, 387.0], [1978.75, 10.0], [1978.65, 5500.0], [1978.6, 2204.0], [1978.55, 2687.0], [1978.5, 3011.0], [1978.45, 10115.0], [1978.4, 21132.0], [1978.3, 1061.0], [1978.25, 2974.0], [1978.2, 581.0], [1978.15, 1686.0], [1978.1, 8870.0], [1978.05, 5744.0], [1978.0, 11143.0], [1977.95, 2881.0], [1977.85, 9793.0], [1977.8, 1194.0], [1977.75, 4881.0]], "asks": [[1979.05, 49046.0], [1979.1, 2687.0], [1979.3, 5038.0], [1979.35, 6828.0], [1979.4, 1290.0], [1979.5, 4320.0], [1979.55, 2913.0], [1979.7, 2896.0], [1979.75, 20059.0], [1979.8, 2906.0], [1979.9, 18462.0], [1979.95, 17824.0], [1980.0, 5264.0], [1980.05, 1088.0], [1980.1, 4053.0], [1980.15, 7906.0], [1980.25, 386.0], [1980.3, 2905.0], [1980.35, 40.0], [1980.4, 2960.0]]}}}
{"jsonrpc": "2.0", "method": "subscription", "params": {"channel": "book.ETH-PERPETUAL.none.20.100ms", "data": {"timestamp": 1772862876692, "change_id": 112344820240, "instrument_name": "ETH-PERPETUAL", "bids": [[1979.0, 22.0], [1978.8, 387.0], [1978.75, 10.0], [1978.65, 5500.0], [1978.6, 2204.0], [1978.55, 2687.0], [1978.5, 3011.0], [1978.45, 10115.0], [1978.4, 21132.0], [1978.3, 1061.0], [1978.25, 2974.0], [1978.2, 581.0], [1978.15, 1686.0], [1978.1, 5648.0], [1978.05, 5744.0], [1978.0, 3143.0], [1977.95, 2881.0], [1977.85, 9793.0], [1977.8, 7868.0], [1977.75, 4881.0]], "asks": [[1979.05, 49046.0], [1979.1, 2687.0], [1979.3, 5038.0], [1979.35, 6828.0], [1979.4, 1290.0], [1979.5, 4320.0], [1979.55, 2913.0], [1979.7, 9751.0], [1979.75, 20059.0], [1979.8, 2906.0], [1979.9, 18462.0], [1979.95, 17824.0], [1980.0, 5264.0], [1980.05, 1088.0], [1980.1, 4053.0], [1980.15, 7906.0], [1980.25, 386.0], [1980.3, 2905.0], [1980.35, 40.0], [1980.4, 2960.0]]}}}
{"jsonrpc": "2.0", "method": "subscription", "params": {"channel": "book.ETH-PERPETUAL.none.20.100ms", "data": {"timestamp": 1772862876933, "change_id": 112344820319, "instrument_name": "ETH-PERPETUAL", "bids": [[1979.0, 22.0], [1978.75, 10.0], [1978.65, 5500.0], [1978.6, 2204.0], [1978.55, 2687.0], [1978.5, 3011.0], [1978.45, 10115.0], [1978.4, 21132.0], [1978.3, 1061.0], [1978.25, 2974.0], [1978.2, 581.0], [1978.15, 1686.0], [1978.1, 8647.0], [1978.05, 2745.0], [1978.0, 3143.0], [1977.95, 2881.0], [1977.85, 9793.0], [1977.8, 1194.0], [1977.75, 4881.0], [1977.7, 10000.0]], "asks": [[1979.05, 49046.0], [1979.1, 2687.0], [1979.3, 5038.0], [1979.35, 6828.0], [1979.4, 1290.0], [1979.5, 4320.0], [1979.55, 2913.0], [1979.7, 9751.0], [1979.75, 20059.0], [1979.8, 2906.0], [1979.9, 18462.0], [1979.95, 17824.0], [1980.0, 5264.0], [1980.05, 1088.0], [1980.1, 4053.0], [1980.15, 7906.0], [1980.25, 386.0], [1980.3, 2905.0], [1980.35, 40.0], [1980.4, 2960.0]]}}}
{"jsonrpc": "2.0", "method": "subscription", "params": {"channel": "book.ETH-PERPETUAL.none.20.100ms", "data": {"timestamp": 1772862877248, "change_id": 112344820615, "instrument_name": "ETH-PERPETUAL", "bids": [[1979.0, 22.0], [1978.8, 387.0], [1978.75, 10.0], [1978.65, 5500.0], [1978.6, 2204.0], [1978.55, 2687.0], [1978.5, 3011.0], [1978.45, 10115.0], [1978.4, 21132.0], [1978.3, 1061.0], [1978.25, 2974.0], [1978.2, 581.0], [1978.15, 1686.0], [1978.1, 8647.0], [1978.05, 2745.0], [1978.0, 3143.0], [1977.95, 2881.0], [1977.85, 9793.0], [1977.8, 1194.0], [1977.75, 4881.0]], "asks": [[1979.05, 49046.0], [1979.1, 2687.0], [1979.3, 5038.0], [1979.35, 6828.0], [1979.4, 1290.0], [1979.5, 4320.0], [1979.55, 2913.0], [1979.7, 9751.0], [1979.75, 20059.0], [1979.8, 2906.0], [1979.9, 18462.0], [1979.95, 17824.0], [1980.0, 5264.0], [1980.05, 1088.0], [1980.1, 4053.0], [1980.15, 7906.0], [1980.25, 386.0], [1980.3, 2905.0], [1980.35, 40.0], [1980.4, 2960.0]]}}}
{"jsonrpc": "2.0", "method": "subscription", "params": {"channel": "book.ETH-PERPETUAL.none.20.100ms", "data": {"timestamp": 1772862877672, "change_id": 112344821215, "instrument_name": "ETH-PERPETUAL", "bids": [[1979.0, 22.0], [1978.75, 10.0], [1978.65, 5500.0], [1978.6, 2204.0], [1978.55, 2687.0], [1978.5, 3011.0], [1978.45, 10115.0], [1978.4, 21132.0], [1978.3, 1061.0], [1978.25, 2974.0], [1978.2, 581.0], [1978.15, 1686.0], [1978.1, 8647.0], [1978.05, 2745.0], [1978.0, 3143.0], [1977.95, 2881.0], [1977.85, 9793.0], [1977.8, 10256.0], [1977.75, 4881.0], [1977.7, 29988.0]], "asks": [[1979.05, 49046.0], [1979.1, 2687.0], [1979.3, 5038.0], [1979.35, 6828.0], [1979.4, 1290.0], [1979.5, 4320.0], [1979.55, 2913.0], [1979.7, 9751.0], [1979.75, 20059.0], [1979.8, 2906.0], [1979.85, 2976.0], [1979.9, 18462.0], [1979.95, 17824.0], [1980.0, 5264.0], [1980.05, 1088.0], [1980.1, 4053.0], [1980.15, 7906.0], [1980.25, 386.0], [1980.3, 2905.0], [1980.35, 40.0]]}}}
{"jsonrpc": "2.0", "method": "subscription", "params": {"channel": "book.ETH-PERPETUAL.none.20.100ms", "data": {"timestamp": 1772862877963, "change_id": 112344821501, "instrument_name": "ETH-PERPETUAL", "bids": [[1979.0, 22.0], [1978.75, 10.0], [1978.65, 5500.0], [1978.6, 2204.0], [1978.55, 2687.0], [1978.5, 3011.0], [1978.45, 10115.0], [1978.4, 21132.0], [1978.3, 1061.0], [1978.25, 2974.0], [1978.2, 581.0], [1978.15, 4685.0], [1978.1, 5648.0], [1978.05, 2745.0], [1978.0, 3143.0], [1977.95, 2881.0], [1977.85, 9793.0], [1977.8, 1194.0], [1977.75, 4881.0], [1977.7, 29988.0]], "asks": [[1979.05, 49046.0], [1979.1, 2687.0], [1979.3, 2038.0], [1979.35, 9828.0], [1979.4, 1290.0], [1979.5, 4320.0], [1979.55, 2913.0], [1979.7, 9751.0], [1979.75, 20059.0], [1979.8, 2906.0], [1979.85, 2976.0], [1979.9, 18462.0], [1979.95, 17824.0], [1980.0, 5264.0], [1980.05, 1088.0], [1980.1, 4053.0], [1980.15, 7906.0], [1980.25, 386.0], [1980.3, 2905.0], [1980.35, 40.0]]}}}
{"jsonrpc": "2.0", "method": "subscription", "params": {"channel": "book.ETH-PERPETUAL.none.20.100ms", "data": {"timestamp": 1772862878126, "change_id": 112344821566, "instrument_name": "ETH-PERPETUAL", "bids": [[1979.0, 22.0], [1978.75, 10.0], [1978.65, 5500.0], [1978.6, 2204.0], [1978.55, 2687.0], [1978.5, 3011.0], [1978.45, 10115.0], [1978.4, 21132.0], [1978.3, 1061.0], [1978.25, 2974.0], [1978.2, 581.0], [1978.15, 4685.0], [1978.1, 5648.0], [1978.05, 2745.0], [1978.0, 3143.0], [1977.95, 2881.0], [1977.85, 9793.0], [1977.8, 1194.0], [1977.75, 4881.0], [1977.7, 29988.0]], "asks": [[1979.05, 49046.0], [1979.1, 2687.0], [1979.3, 2038.0], [1979.35, 9828.0], [1979.4, 1290.0], [1979.5, 4320.0], [1979.55, 2913.0], [1979.7, 9751.0], [1979.75, 20059.0], [1979.8, 2906.0], [1979.85, 2976.0], [1979.9, 18462.0], [1979.95, 17824.0], [1980.0, 5264.0], [1980.05, 1088.0], [1980.1, 4053.0], [1980.15, 7906.0], [1980.25, 386.0], [1980.3, 2905.0], [1980.35, 40.0]]}}}
{"jsonrpc": "2.0", "method": "subscription", "params": {"channel": "book.ETH-PERPETUAL.none.20.100ms", "data": {"timestamp": 1772862878606, "change_id": 112344822154, "instrument_name": "ETH-PERPETUAL", "bids": [[1979.0, 22.0], [1978.75, 10.0], [1978.65, 5500.0], [1978.6, 2204.0], [1978.55, 2687.0], [1978.5, 3011.0], [1978.45, 10115.0], [1978.4, 21132.0], [1978.3, 1061.0], [1978.25, 2974.0], [1978.2, 581.0], [1978.15, 1686.0], [1978.1, 8647.0], [1978.05, 2745.0], [1978.0, 3143.0], [1977.95, 2881.0], [1977.85, 9793.0], [1977.8, 1194.0], [1977.75, 4881.0], [1977.7, 10000.0]], "asks": [[1979.05, 49046.0], [1979.1, 2687.0], [1979.3, 5038.0], [1979.35, 6828.0], [1979.4, 1290.0], [1979.5, 4320.0], [1979.55, 2913.0], [1979.7, 9751.0], [1979.75, 20059.0], [1979.8, 20690.0], [1979.85, 2976.0], [1979.9, 9969.0], [1979.95, 40.0], [1980.0, 5264.0], [1980.05, 1088.0], [1980.1, 4053.0], [1980.15, 7906.0], [1980.25, 386.0], [1980.3, 2905.0], [1980.35, 40.0]]}}}
{"jsonrpc": "2.0", "method": "subscription", "params": {"channel": "book.ETH-PERPETUAL.none.20.100ms", "data": {"timestamp": 1772862878712, "change_id": 112344822418, "instrument_name": "ETH-PERPETUAL", "bids": [[1979.0, 22.0], [1978.75, 10.0], [1978.65, 5500.0], [1978.6, 2204.0], [1978.55, 2687.0], [1978.5, 3011.0], [1978.45, 10115.0], [1978.4, 21132.0], [1978.3, 1061.0], [1978.25, 2974.0], [1978.2, 581.0], [1978.15, 1686.0], [1978.1, 8647.0], [1978.05, 2745.0], [1978.0, 3143.0], [1977.95, 2881.0], [1977.85, 9793.0], [1977.8, 4289.0], [1977.75, 4881.0], [1977.7, 10000.0]], "asks": [[1979.05, 49046.0], [1979.1, 2687.0], [1979.3, 5038.0], [1979.35, 6828.0], [1979.4, 1290.0], [1979.5, 4320.0], [1979.55, 2913.0], [1979.7, 9751.0], [1979.75, 20059.0], [1979.8, 11190.0], [1979.85, 17784.0], [1979.9, 9969.0], [1979.95, 40.0], [1980.0, 5264.0], [1980.05, 1088.0], [1980.1, 4053.0], [1980.15, 7906.0], [1980.25, 386.0], [1980.3, 2905.0], [1980.35, 40.0]]}}}
{"jsonrpc": "2.0", "method": "subscription", "params": {"channel": "book.ETH-PERPETUAL.none.20.100ms", "data": {"timestamp": 1772862879283, "change_id": 112344822852, "instrument_name": "ETH-PERPETUAL", "bids": [[1979.0, 22.0], [1978.8, 377.0], [1978.75, 10.0], [1978.7, 2300.0], [1978.65, 5500.0], [1978.6, 3905.0], [1978.55, 2687.0], [1978.5, 3011.0], [1978.45, 10115.0], [1978.4, 21132.0], [1978.3, 4060.0], [1978.25, 2974.0], [1978.2, 581.0], [1978.15, 1686.0], [1978.1, 5648.0], [1978.05, 2745.0], [1978.0, 3143.0], [1977.95, 2881.0], [1977.85, 9793.0], [1977.8, 4289.0]], "asks": [[1979.05, 49046.0], [1979.1, 2687.0], [1979.45, 1290.0], [1979.5, 7320.0], [1979.55, 2913.0], [1979.7, 9751.0], [1979.75, 20059.0], [1979.8, 2906.0], [1979.9, 2888.0], [1979.95, 17824.0], [1980.0, 5264.0], [1980.05, 534.0], [1980.1, 4053.0], [1980.15, 7906.0], [1980.25, 386.0], [1980.3, 2905.0], [1980.35, 40.0], [1980.4, 2960.0], [1980.5, 2936.0], [1980.6, 4127.0]]}}}
{"jsonrpc": "2.0", "method": "subscription", "params": {"channel": "book.ETH-PERPETUAL.none.20.100ms", "data": {"timestamp": 1772862879561, "change_id": 112344823175, "instrument_name": "ETH-PERPETUAL", "bids": [[1979.0, 22.0], [1978.8, 377.0], [1978.75, 10.0], [1978.7, 2300.0], [1978.65, 5500.0], [1978.6, 3905.0], [1978.55, 2687.0], [1978.5, 3011.0], [1978.45, 10115.0], [1978.4, 21132.0], [1978.3, 1061.0], [1978.25, 5972.0], [1978.2, 581.0], [1978.15, 1686.0], [1978.1, 5648.0], [1978.05, 2745.0], [1978.0, 3143.0], [1977.95, 2881.0], [1977.9, 8000.0], [1977.85, 9793.0]], "asks": [[1979.05, 49046.0], [1979.1, 2687.0], [1979.25, 2038.0], [1979.3, 6828.0], [1979.4, 2185.0], [1979.45, 3000.0], [1979.5, 4320.0], [1979.55, 2913.0], [1979.7, 9751.0], [1979.75, 20059.0], [1979.8, 9869.0], [1979.9, 2888.0], [1979.95, 17824.0], [1980.0, 5264.0], [1980.05, 534.0], [1980.1, 4053.0], [1980.15, 7906.0], [1980.25, 386.0], [1980.3, 2905.0], [1980.35, 40.0]]}}}
{"jsonrpc": "2.0", "method": "subscription", "params": {"channel": "book.ETH-PERPETUAL.none.20.100ms", "data": {"timestamp": 1772862879933, "change_id": 112344823542, "instrument_name": "ETH-PERPETUAL", "bids": [[1979.0, 22.0], [1978.8, 377.0], [1978.75, 10.0], [1978.7, 2504.0], [1978.65, 5500.0], [1978.6, 3701.0], [1978.55, 2687.0], [1978.5, 3011.0], [1978.45, 10115.0], [1978.4, 21132.0], [1978.3, 1061.0], [1978.25, 5972.0], [1978.2, 581.0], [1978.15, 1686.0], [1978.1, 5648.0], [1978.05, 2745.0], [1978.0, 3143.0], [1977.95, 2881.0], [1977.9, 8000.0], [1977.85, 2886.0]], "asks": [[1979.05, 49046.0], [1979.1, 2687.0], [1979.25, 2038.0], [1979.3, 6828.0], [1979.4, 2185.0], [1979.5, 7320.0], [1979.55, 2913.0], [1979.7, 9751.0], [1979.75, 20059.0], [1979.8, 2906.0], [1979.9, 9780.0], [1979.95, 17824.0], [1980.0, 5264.0], [1980.05, 534.0], [1980.1, 4053.0], [1980.15, 7906.0], [1980.25, 386.0], [1980.3, 2905.0], [1980.35, 40.0], [1980.4, 2960.0]]}}}
{"jsonrpc": "2.0", "method": "subscription", "params": {"channel": "book.ETH-PERPETUAL.none.20.100ms", "data": {"timestamp": 1772862880128, "change_id": 112344823745, "instrument_name": "ETH-PERPETUAL", "bids": [[1979.0, 22.0], [1978.8, 377.0], [1978.75, 10.0], [1978.7, 2504.0], [1978.65, 5500.0], [1978.6, 3701.0], [1978.55, 2687.0], [1978.5, 3011.0], [1978.45, 10115.0], [1978.4, 21132.0], [1978.3, 1061.0], [1978.25, 5972.0], [1978.2, 581.0], [1978.15, 1686.0], [1978.1, 5648.0], [1978.05, 2745.0], [1978.0, 3143.0], [1977.95, 2881.0], [1977.9, 8000.0], [1977.85, 2886.0]], "asks": [[1979.05, 49046.0], [1979.1, 2687.0], [1979.25, 2038.0], [1979.3, 6828.0], [1979.4, 2185.0], [1979.5, 7320.0], [1979.55, 2913.0], [1979.7, 9751.0], [1979.75, 20059.0], [1979.8, 2906.0], [1979.9, 9780.0], [1979.95, 17824.0], [1980.0, 5264.0], [1980.05, 534.0], [1980.1, 4053.0], [1980.15, 7906.0], [1980.25, 386.0], [1980.3, 2905.0], [1980.35, 40.0], [1980.4, 2960.0]]}}}
{"jsonrpc": "2.0", "method": "subscription", "params": {"channel": "book.ETH-PERPETUAL.none.20.100ms", "data": {"timestamp": 1772862880516, "change_id": 112344824140, "instrument_name": "ETH-PERPETUAL", "bids": [[1979.0, 22.0], [1978.8, 377.0], [1978.75, 10.0], [1978.7, 2504.0], [1978.65, 5500.0], [1978.6, 3701.0], [1978.55, 2687.0], [1978.5, 3011.0], [1978.45, 10115.0], [1978.4, 21132.0], [1978.3, 1061.0], [1978.25, 5972.0], [1978.2, 581.0], [1978.15, 1686.0], [1978.1, 5648.0], [1978.05, 2745.0], [1978.0, 3143.0], [1977.95, 9949.0], [1977.9, 8000.0], [1977.85, 2886.0]], "asks": [[1979.05, 49046.0], [1979.1, 2687.0], [1979.4, 2185.0], [1979.5, 7320.0], [1979.55, 2913.0], [1979.7, 9751.0], [1979.75, 20059.0], [1979.8, 9757.0], [1979.9, 9780.0], [1979.95, 17824.0], [1980.0, 5264.0], [1980.05, 534.0], [1980.1, 4053.0], [1980.15, 7906.0], [1980.25, 386.0], [1980.3, 2905.0], [1980.35, 40.0], [1980.4, 2960.0], [1980.5, 2936.0], [1980.6, 4127.0]]}}}
{"jsonrpc": "2.0", "method": "subscription", "params": {"channel": "book.ETH-PERPETUAL.none.20.100ms", "data": {"timestamp": 1772862880831, "change_id": 112344824493, "instrument_name": "ETH-PERPETUAL", "bids": [[1979.0, 22.0], [1978.8, 377.0], [1978.75, 10.0], [1978.7, 2504.0], [1978.65, 5500.0], [1978.6, 3701.0], [1978.55, 2687.0], [1978.5, 3011.0], [1978.45, 10115.0], [1978.4, 21132.0], [1978.3, 1061.0], [1978.25, 5972.0], [1978.2, 581.0], [1978.15, 1686.0], [1978.1, 5648.0], [1978.05, 2745.0], [1978.0, 7279.0], [1977.95, 9949.0], [1977.9, 8000.0], [1977.85, 2886.0]], "asks": [[1979.05, 49046.0], [1979.1, 2687.0], [1979.25, 2038.0], [1979.3, 6828.0], [1979.4, 2185.0], [1979.5, 7320.0], [1979.55, 2913.0], [1979.7, 9751.0], [1979.75, 20059.0], [1979.8, 9757.0], [1979.9, 9780.0], [1979.95, 17824.0], [1980.0, 5264.0], [1980.05, 534.0], [1980.1, 4053.0], [1980.15, 7906.0], [1980.25, 386.0], [1980.3, 2905.0], [1980.35, 40.0], [1980.4, 2960.0]]}}}
{"jsonrpc": "2.0", "method": "subscription", "params": {"channel": "book.ETH-PERPETUAL.none.20.100ms", "data": {"timestamp": 1772862881270, "change_id": 112344824804, "instrument_name": "ETH-PERPETUAL", "bids": [[1979.0, 22.0], [1978.75, 10.0], [1978.7, 2504.0], [1978.65, 5500.0], [1978.6, 3701.0], [1978.55, 2687.0], [1978.5, 3011.0], [1978.45, 10115.0], [1978.4, 21132.0], [1978.3, 1061.0], [1978.25, 5972.0], [1978.2, 581.0], [1978.15, 1686.0], [1978.1, 5648.0], [1978.05, 2745.0], [1978.0, 7279.0], [1977.95, 9949.0], [1977.9, 8000.0], [1977.85, 2886.0], [1977.8, 1194.0]], "asks": [[1979.05, 49046.0], [1979.1, 2687.0], [1979.25, 2038.0], [1979.3, 6828.0], [1979.4, 1290.0], [1979.45, 3000.0], [1979.5, 4320.0], [1979.55, 2913.0], [1979.7, 9751.0], [1979.75, 20059.0], [1979.8, 9757.0], [1979.9, 9780.0], [1979.95, 17824.0], [1980.0, 5264.0], [1980.05, 534.0], [1980.1, 4053.0], [1980.15, 7906.0], [1980.25, 386.0], [1980.3, 2905.0], [1980.35, 40.0]]}}}
{"jsonrpc": "2.0", "method": "subscription", "params": {"channel": "book.ETH-PERPETUAL.none.20.100ms", "data": {"timestamp": 1772862881589, "change_id": 112344825184, "instrument_name": "ETH-PERPETUAL", "bids": [[1979.0, 22.0], [1978.75, 10.0], [1978.7, 204.0], [1978.65, 5500.0], [1978.6, 3701.0], [1978.55, 2687.0], [1978.5, 3011.0], [1978.45, 10115.0], [1978.4, 21132.0], [1978.3, 4060.0], [1978.25, 2974.0], [1978.2, 581.0], [1978.15, 1686.0], [1978.1, 5648.0], [1978.05, 2745.0], [1978.0, 7279.0], [1977.95, 9949.0], [1977.9, 8000.0], [1977.85, 2886.0], [1977.8, 1194.0]], "asks": [[1979.05, 49046.0], [1979.1, 2687.0], [1979.25, 2038.0], [1979.3, 6828.0], [1979.45, 1290.0], [1979.5, 7320.0], [1979.55, 2913.0], [1979.7, 9751.0], [1979.75, 20059.0], [1979.8, 9757.0], [1979.9, 9780.0], [1979.95, 17824.0], [1980.0, 5264.0], [1980.05, 534.0], [1980.1, 4053.0], [1980.15, 7906.0], [1980.25, 386.0], [1980.3, 2905.0], [1980.35, 40.0], [1980.4, 2960.0]]}}}
{"jsonrpc": "2.0", "method": "subscription", "params": {"channel": "book.ETH-PERPETUAL.none.20.100ms", "data": {"timestamp": 1772862881734, "change_id": 112344825489, "instrument_name": "ETH-PERPETUAL", "bids": [[1979.0, 22.0], [1978.75, 10.0], [1978.7, 204.0], [1978.65, 5500.0], [1978.6, 3701.0], [1978.55, 2687.0], [1978.5, 3011.0], [1978.45, 10115.0], [1978.4, 21132.0], [1978.35, 2999.0], [1978.3, 1061.0], [1978.25, 2974.0], [1978.2, 581.0], [1978.15, 1686.0], [1978.1, 5648.0], [1978.05, 2745.0], [1978.0, 7279.0], [1977.95, 9949.0], [1977.9, 8000.0], [1977.85, 2886.0]], "asks": [[1979.05, 49046.0], [1979.1, 2687.0], [1979.25, 2038.0], [1979.3, 6828.0], [1979.45, 1290.0], [1979.5, 4320.0], [1979.55, 2913.0], [1979.65, 3000.0], [1979.7, 9751.0], [1979.75, 20059.0], [1979.8, 9757.0], [1979.9, 9780.0], [1979.95, 17824.0], [1980.0, 5264.0], [1980.05, 534.0], [1980.1, 4053.0], [1980.15, 7906.0], [1980.25, 386.0], [1980.3, 2905.0], [1980.35, 40.0]]}}}
{"jsonrpc": "2.0", "method": "subscription", "params": {"channel": "book.ETH-PERPETUAL.none.20.100ms", "data": {"timestamp": 1772862882128, "change_id": 112344825707, "instrument_name": "ETH-PERPETUAL", "bids": [[1979.0, 22.0], [1978.75, 10.0], [1978.7, 204.0], [1978.65, 5500.0], [1978.6, 3701.0], [1978.55, 2687.0], [1978.5, 3011.0], [1978.45, 10115.0], [1978.4, 21132.0], [1978.35, 2999.0], [1978.3, 1061.0], [1978.25, 2974.0], [1978.2, 581.0], [1978.15, 1686.0], [1978.1, 5648.0], [1978.05, 2745.0], [1978.0, 7279.0], [1977.95, 9949.0], [1977.9, 8000.0], [1977.85, 2886.0]], "asks": [[1979.05, 49046.0], [1979.1, 2687.0], [1979.25, 2038.0], [1979.3, 6828.0], [1979.45, 1290.0], [1979.5, 4320.0], [1979.55, 2913.0], [1979.65, 3000.0], [1979.7, 9751.0], [1979.75, 20059.0], [1979.8, 9757.0], [1979.9, 9780.0], [1979.95, 17824.0], [1980.0, 5264.0], [1980.05, 534.0], [1980.1, 4053.0], [1980.15, 7906.0], [1980.25, 386.0], [1980.3, 2905.0], [1980.35, 40.0]]}}}
{"jsonrpc": "2.0", "method": "subscription", "params": {"channel": "book.ETH-PERPETUAL.none.20.100ms", "data": {"timestamp": 1772862883059, "change_id": 112344826630, "instrument_name": "ETH-PERPETUAL", "bids": [[1979.0, 22.0], [1978.75, 10.0], [1978.7, 204.0], [1978.65, 5500.0], [1978.6, 3701.0], [1978.55, 2687.0], [1978.5, 3011.0], [1978.45, 10115.0], [1978.4, 21132.0], [1978.35, 2999.0], [1978.3, 1061.0], [1978.25, 2974.0], [1978.2, 581.0], [1978.15, 1686.0], [1978.1, 5648.0], [1978.05, 2745.0], [1978.0, 7279.0], [1977.95, 9949.0], [1977.9, 8000.0], [1977.85, 2886.0]], "asks": [[1979.05, 49046.0], [1979.1, 2687.0], [1979.25, 2038.0], [1979.3, 6828.0], [1979.45, 1290.0], [1979.5, 4320.0], [1979.55, 2913.0], [1979.65, 3000.0], [1979.7, 9751.0], [1979.75, 20059.0], [1979.8, 9757.0], [1979.9, 9780.0], [1979.95, 17824.0], [1980.0, 5264.0], [1980.05, 534.0], [1980.1, 4053.0], [1980.15, 7906.0], [1980.25, 386.0], [1980.3, 2905.0], [1980.35, 40.0]]}}}
{"jsonrpc": "2.0", "method": "subscription", "params": {"channel": "book.ETH-PERPETUAL.none.20.100ms", "data": {"timestamp": 1772862883330, "change_id": 112344826785, "instrument_name": "ETH-PERPETUAL", "bids": [[1979.0, 22.0], [1978.75, 10.0], [1978.7, 204.0], [1978.65, 5500.0], [1978.6, 3701.0], [1978.55, 2687.0], [1978.5, 3011.0], [1978.45, 10115.0], [1978.4, 21132.0], [1978.3, 4059.0], [1978.25, 2974.0], [1978.2, 581.0], [1978.15, 1686.0], [1978.1, 7082.0], [1978.05, 2745.0], [1978.0, 7279.0], [1977.95, 9949.0], [1977.9, 8000.0], [1977.85, 2886.0], [1977.8, 1194.0]], "asks": [[1979.05, 49046.0], [1979.1, 2687.0], [1979.25, 2038.0], [1979.3, 6828.0], [1979.45, 1290.0], [1979.5, 7320.0], [1979.55, 2913.0], [1979.7, 9751.0], [1979.75, 20059.0], [1979.8, 9757.0], [1979.9, 9780.0], [1979.95, 17824.0], [1980.0, 5264.0], [1980.05, 534.0], [1980.1, 4053.0], [1980.15, 7906.0], [1980.25, 386.0], [1980.3, 2905.0], [1980.35, 40.0], [1980.4, 2960.0]]}}}
{"jsonrpc": "2.0", "method": "subscription", "params": {"channel": "book.ETH-PERPETUAL.none.20.100ms", "data": {"timestamp": 1772862883882, "change_id": 112344827369, "instrument_name": "ETH-PERPETUAL", "bids": [[1979.0, 22.0], [1978.75, 10.0], [1978.7, 204.0], [1978.65, 5500.0], [1978.6, 3701.0], [1978.55, 2687.0], [1978.5, 3011.0], [1978.45, 10115.0], [1978.4, 21132.0], [1978.3, 1061.0], [1978.25, 5972.0], [1978.2, 581.0], [1978.15, 1686.0], [1978.1, 7082.0], [1978.05, 2745.0], [1978.0, 7279.0], [1977.95, 9949.0], [1977.9, 8000.0], [1977.85, 2886.0], [1977.8, 1194.0]], "asks": [[1979.05, 49046.0], [1979.1, 2687.0], [1979.25, 2038.0], [1979.3, 6828.0], [1979.45, 1290.0], [1979.5, 7320.0], [1979.55, 2913.0], [1979.7, 9751.0], [1979.75, 20059.0], [1979.8, 9757.0], [1979.9, 9780.0], [1979.95, 17824.0], [1980.0, 5264.0], [1980.05, 534.0], [1980.1, 4053.0], [1980.15, 7906.0], [1980.25, 386.0], [1980.3, 2905.0], [1980.35, 40.0], [1980.4, 2960.0]]}}}
{"jsonrpc": "2.0", "method": "subscription", "params": {"channel": "book.ETH-PERPETUAL.none.20.100ms", "data": {"timestamp": 1772862884193, "change_id": 112344827660, "instrument_name": "ETH-PERPETUAL", "bids": [[1979.0, 22.0], [1978.75, 10.0], [1978.7, 204.0], [1978.65, 5500.0], [1978.6, 3701.0], [1978.55, 2687.0], [1978.5, 3011.0], [1978.45, 10115.0], [1978.4, 21132.0], [1978.3, 1061.0], [1978.25, 2974.0], [1978.2, 3579.0], [1978.15, 1686.0], [1978.1, 7082.0], [1978.05, 2745.0], [1978.0, 7279.0], [1977.95, 9949.0], [1977.9, 8000.0], [1977.85, 2886.0], [1977.8, 1194.0]], "asks": [[1979.05, 49046.0], [1979.1, 2687.0], [1979.25, 2038.0], [1979.3, 6828.0], [1979.4, 2185.0], [1979.45, 3000.0], [1979.5, 4320.0], [1979.55, 2913.0], [1979.7, 2896.0], [1979.75, 20059.0], [1979.8, 9757.0], [1979.9, 9780.0], [1979.95, 17824.0], [1980.0, 5264.0], [1980.05, 1088.0], [1980.1, 1008.0], [1980.15, 2906.0], [1980.2, 2475.0], [1980.25, 5386.0], [1980.3, 2905.0]]}}}
{"jsonrpc": "2.0", "method": "subscription", "params": {"channel": "book.ETH-PERPETUAL.none.20.100ms", "data": {"timestamp": 1772862884540, "change_id": 112344828092, "instrument_name": "ETH-PERPETUAL", "bids": [[1979.0, 22.0], [1978.75, 10.0], [1978.7, 204.0], [1978.65, 5500.0], [1978.6, 2000.0], [1978.55, 2687.0], [1978.5, 3011.0], [1978.45, 10115.0], [1978.4, 21132.0], [1978.3, 1061.0], [1978.25, 2974.0], [1978.2, 581.0], [1978.15, 4684.0], [1978.1, 7082.0], [1978.05, 2745.0], [1978.0, 3143.0], [1977.95, 2881.0], [1977.9, 8000.0], [1977.85, 9866.0], [1977.8, 2200.0]], "asks": [[1979.05, 49046.0], [1979.1, 2687.0], [1979.25, 2038.0], [1979.3, 6828.0], [1979.35, 3000.0], [1979.4, 1290.0], [1979.5, 4320.0], [1979.55, 2913.0], [1979.7, 2896.0], [1979.75, 20059.0], [1979.8, 9757.0], [1979.9, 9780.0], [1979.95, 17824.0], [1980.0, 5264.0], [1980.05, 554.0], [1980.1, 1008.0], [1980.15, 2906.0], [1980.2, 2475.0], [1980.25, 5386.0], [1980.3, 2905.0]]}}}
{"jsonrpc": "2.0", "method": "subscription", "params": {"channel": "book.ETH-PERPETUAL.none.20.100ms", "data": {"timestamp": 1772862884803, "change_id": 112344828502, "instrument_name": "ETH-PERPETUAL", "bids": [[1979.0, 22.0], [1978.75, 10.0], [1978.7, 204.0], [1978.65, 5500.0], [1978.6, 2000.0], [1978.55, 2687.0], [1978.5, 3011.0], [1978.45, 10115.0], [1978.4, 21132.0], [1978.3, 1061.0], [1978.25, 2974.0], [1978.2, 581.0], [1978.15, 4684.0], [1978.1, 7082.0], [1978.05, 2745.0], [1978.0, 3143.0], [1977.95, 2881.0], [1977.9, 8000.0], [1977.85, 9866.0], [1977.8, 2200.0]], "asks": [[1979.05, 49046.0], [1979.1, 2687.0], [1979.35, 3000.0], [1979.4, 1290.0], [1979.5, 4320.0], [1979.55, 2913.0], [1979.7, 3430.0], [1979.75, 20059.0], [1979.8, 9757.0], [1979.9, 9780.0], [1979.95, 17824.0], [1980.0, 5264.0], [1980.05, 554.0], [1980.1, 1008.0], [1980.15, 2906.0], [1980.2, 2475.0], [1980.25, 5386.0], [1980.3, 2905.0], [1980.35, 40.0], [1980.4, 2960.0]]}}}
{"jsonrpc": "2.0", "method": "subscription", "params": {"channel": "book.ETH-PERPETUAL.none.20.100ms", "data": {"timestamp": 1772862885183, "change_id": 112344828818, "instrument_name": "ETH-PERPETUAL", "bids": [[1979.0, 22.0], [1978.75, 10.0], [1978.7, 204.0], [1978.65, 5500.0], [1978.6, 2000.0], [1978.55, 2687.0], [1978.5, 3011.0], [1978.45, 10115.0], [1978.4, 21132.0], [1978.3, 1061.0], [1978.25, 2974.0], [1978.2, 581.0], [1978.15, 4684.0], [1978.1, 7082.0], [1978.05, 2745.0], [1978.0, 3143.0], [1977.95, 2881.0], [1977.9, 8000.0], [1977.85, 9866.0], [1977.8, 2200.0]], "asks": [[1979.05, 49046.0], [1979.1, 4725.0], [1979.15, 6828.0], [1979.35, 3000.0], [1979.4, 1290.0], [1979.5, 4320.0], [1979.55, 2913.0], [1979.7, 3430.0], [1979.75, 20059.0], [1979.8, 9757.0], [1979.9, 9780.0], [1979.95, 17824.0], [1980.0, 5264.0], [1980.05, 554.0], [1980.1, 1008.0], [1980.15, 2906.0], [1980.2, 2475.0], [1980.25, 5386.0], [1980.3, 2905.0], [1980.35, 40.0]]}}}
{"jsonrpc": "2.0", "method": "subscription", "params": {"channel": "book.ETH-PERPETUAL.none.20.100ms", "data": {"timestamp": 1772862886059, "change_id": 112344829747, "instrument_name": "ETH-PERPETUAL", "bids": [[1979.0, 22.0], [1978.75, 10.0], [1978.7, 204.0], [1978.65, 5500.0], [1978.6, 2000.0], [1978.55, 2687.0], [1978.5, 3011.0], [1978.45, 10115.0], [1978.4, 21132.0], [1978.3, 1061.0], [1978.25, 2974.0], [1978.2, 581.0], [1978.15, 4684.0], [1978.1, 7082.0], [1978.05, 2745.0], [1978.0, 3143.0], [1977.95, 2881.0], [1977.9, 8000.0], [1977.85, 9866.0], [1977.8, 2200.0]], "asks": [[1979.05, 49046.0], [1979.1, 4725.0], [1979.15, 6828.0], [1979.35, 3000.0], [1979.4, 1290.0], [1979.5, 4320.0], [1979.55, 2913.0], [1979.7, 3430.0], [1979.75, 20059.0], [1979.8, 9757.0], [1979.9, 9780.0], [1979.95, 17824.0], [1980.0, 5264.0], [1980.05, 554.0], [1980.1, 1008.0], [1980.15, 2906.0], [1980.2, 2475.0], [1980.25, 5386.0], [1980.3, 2905.0], [1980.35, 40.0]]}}}
{"jsonrpc": "2.0", "method": "subscription", "params": {"channel": "book.ETH-PERPETUAL.none.20.100ms", "data": {"timestamp": 1772862886285, "change_id": 112344829848, "instrument_name": "ETH-PERPETUAL", "bids": [[1979.0, 22.0], [1978.75, 10.0], [1978.7, 204.0], [1978.65, 5500.0], [1978.6, 2000.0], [1978.55, 2687.0], [1978.5, 3011.0], [1978.45, 10115.0], [1978.4, 21132.0], [1978.3, 1061.0], [1978.25, 2974.0], [1978.2, 3580.0], [1978.15, 1686.0], [1978.1, 7082.0], [1978.05, 2745.0], [1978.0, 3143.0], [1977.95, 2881.0], [1977.9, 10945.0], [1977.85, 9866.0], [1977.8, 2200.0]], "asks": [[1979.05, 49046.0], [1979.1, 4725.0], [1979.15, 6828.0], [1979.4, 1290.0], [1979.45, 3000.0], [1979.5, 4320.0], [1979.55, 2913.0], [1979.7, 12330.0], [1979.75, 20059.0], [1979.8, 9757.0], [1979.9, 9780.0], [1979.95, 17824.0], [1980.0, 5264.0], [1980.05, 554.0], [1980.1, 1008.0], [1980.15, 2906.0], [1980.2, 2475.0], [1980.25, 5386.0], [1980.3, 2905.0], [1980.35, 40.0]]}}}
{"jsonrpc": "2.0", "method": "subscription", "params": {"channel": "book.ETH-PERPETUAL.none.20.100ms", "data": {"timestamp": 1772862886431, "change_id": 112344829932, "instrument_name": "ETH-PERPETUAL", "bids": [[1979.0, 22.0], [1978.75, 10.0], [1978.7, 204.0], [1978.65, 5500.0], [1978.6, 2000.0], [1978.55, 2687.0], [1978.5, 3011.0], [1978.45, 10115.0], [1978.4, 21132.0], [1978.3, 1061.0], [1978.25, 2974.0], [1978.2, 581.0], [1978.15, 4684.0], [1978.1, 7082.0], [1978.05, 2745.0], [1978.0, 3143.0], [1977.95, 2881.0], [1977.9, 10945.0], [1977.85, 9866.0], [1977.8, 2200.0]], "asks": [[1979.05, 49046.0], [1979.1, 4725.0], [1979.15, 6828.0], [1979.35, 3000.0], [1979.4, 1290.0], [1979.5, 4320.0], [1979.55, 2913.0], [1979.7, 12330.0], [1979.75, 20059.0], [1979.8, 9757.0], [1979.9, 9780.0], [1979.95, 17824.0], [1980.0, 5264.0], [1980.05, 554.0], [1980.1, 1008.0], [1980.15, 2906.0], [1980.2, 2475.0], [1980.25, 5386.0], [1980.3, 2905.0], [1980.35, 40.0]]}}}
{"jsonrpc": "2.0", "method": "subscription", "params": {"channel": "book.ETH-PERPETUAL.none.20.100ms", "data": {"timestamp": 1772862887060, "change_id": 112344830728, "instrument_name": "ETH-PERPETUAL", "bids": [[1979.0, 22.0], [1978.75, 10.0], [1978.7, 204.0], [1978.65, 5500.0], [1978.6, 2000.0], [1978.55, 2687.0], [1978.5, 3011.0], [1978.45, 10115.0], [1978.4, 21132.0], [1978.3, 1061.0], [1978.25, 2974.0], [1978.2, 581.0], [1978.15, 4684.0], [1978.1, 7082.0], [1978.05, 2745.0], [1978.0, 3143.0], [1977.95, 2881.0], [1977.9, 10945.0], [1977.85, 9866.0], [1977.8, 2200.0]], "asks": [[1979.05, 49046.0], [1979.1, 4725.0], [1979.15, 6828.0], [1979.35, 3000.0], [1979.4, 1290.0], [1979.5, 4320.0], [1979.55, 2913.0], [1979.7, 12330.0], [1979.75, 20059.0], [1979.8, 9757.0], [1979.9, 9780.0], [1979.95, 17824.0], [1980.0, 5264.0], [1980.05, 554.0], [1980.1, 1008.0], [1980.15, 2906.0], [1980.2, 2475.0], [1980.25, 5386.0], [1980.3, 2905.0], [1980.35, 40.0]]}}}
{"jsonrpc": "2.0", "method": "subscription", "params": {"channel": "book.ETH-PERPETUAL.none.20.100ms", "data": {"timestamp": 1772862887376, "change_id": 112344830907, "instrument_name": "ETH-PERPETUAL", "bids": [[1979.0, 22.0], [1978.75, 10.0], [1978.7, 204.0], [1978.65, 5500.0], [1978.6, 2000.0], [1978.55, 2687.0], [1978.5, 3011.0], [1978.45, 10115.0], [1978.4, 21132.0], [1978.3, 1061.0], [1978.25, 2974.0], [1978.2, 581.0], [1978.15, 1686.0], [1978.1, 10080.0], [1978.05, 2745.0], [1978.0, 3143.0], [1977.95, 2881.0], [1977.85, 2886.0], [1977.8, 2200.0], [1977.75, 4881.0]], "asks": [[1979.05, 49046.0], [1979.1, 4725.0], [1979.15, 6828.0], [1979.35, 3000.0], [1979.4, 1290.0], [1979.5, 4320.0], [1979.55, 2913.0], [1979.7, 11796.0], [1979.75, 20059.0], [1979.8, 2906.0], [1979.9, 9780.0], [1979.95, 17824.0], [1980.0, 5264.0], [1980.05, 554.0], [1980.1, 1008.0], [1980.15, 2906.0], [1980.2, 2475.0], [1980.25, 5386.0], [1980.3, 2905.0], [1980.35, 40.0]]}}}
{"jsonrpc": "2.0", "method": "subscription", "params": {"channel": "book.ETH-PERPETUAL.none.20.100ms", "data": {"timestamp": 1772862887482, "change_id": 112344831063, "instrument_name": "ETH-PERPETUAL", "bids": [[1979.0, 22.0], [1978.75, 10.0], [1978.7, 204.0], [1978.65, 5500.0], [1978.6, 2000.0], [1978.55, 2687.0], [1978.5, 3011.0], [1978.45, 10115.0], [1978.4, 21132.0], [1978.3, 1061.0], [1978.25, 2974.0], [1978.2, 581.0], [1978.15, 1686.0], [1978.1, 10080.0], [1978.05, 2745.0], [1978.0, 3143.0], [1977.95, 2881.0], [1977.85, 9994.0], [1977.8, 10200.0], [1977.75, 4881.0]], "asks": [[1979.05, 49046.0], [1979.1, 4725.0], [1979.15, 6828.0], [1979.35, 3000.0], [1979.4, 1290.0], [1979.5, 4320.0], [1979.55, 2913.0], [1979.65, 2983.0], [1979.7, 18893.0], [1979.75, 20059.0], [1979.8, 2906.0], [1979.85, 534.0], [1979.9, 9780.0], [1979.95, 17824.0], [1980.0, 5264.0], [1980.05, 554.0], [1980.1, 1008.0], [1980.15, 2906.0], [1980.2, 2475.0], [1980.25, 5386.0]]}}}
{"jsonrpc": "2.0", "method": "subscription", "params": {"channel": "book.ETH-PERPETUAL.none.20.100ms", "data": {"timestamp": 1772862888060, "change_id": 112344831729, "instrument_name": "ETH-PERPETUAL", "bids": [[1979.0, 22.0], [1978.75, 10.0], [1978.7, 204.0], [1978.65, 5500.0], [1978.6, 2000.0], [1978.55, 2687.0], [1978.5, 3011.0], [1978.45, 10115.0], [1978.4, 21132.0], [1978.3, 1061.0], [1978.25, 2974.0], [1978.2, 581.0], [1978.15, 1686.0], [1978.1, 10080.0], [1978.05, 2745.0], [1978.0, 3143.0], [1977.95, 2881.0], [1977.85, 9994.0], [1977.8, 10200.0], [1977.75, 4881.0]], "asks": [[1979.05, 49046.0], [1979.1, 4725.0], [1979.15, 6828.0], [1979.35, 3000.0], [1979.4, 1290.0], [1979.5, 4320.0], [1979.55, 2913.0], [1979.65, 2983.0], [1979.7, 18893.0], [1979.75, 20059.0], [1979.8, 2906.0], [1979.85, 534.0], [1979.9, 9780.0], [1979.95, 17824.0], [1980.0, 5264.0], [1980.05, 554.0], [1980.1, 1008.0], [1980.15, 2906.0], [1980.2, 2475.0], [1980.25, 5386.0]]}}}
{"jsonrpc": "2.0", "method": "subscription", "params": {"channel": "book.ETH-PERPETUAL.none.20.100ms", "data": {"timestamp": 1772862888167, "change_id": 112344831739, "instrument_name": "ETH-PERPETUAL", "bids": [[1979.0, 22.0], [1978.75, 10.0], [1978.7, 204.0], [1978.65, 5500.0], [1978.6, 2000.0], [1978.55, 2687.0], [1978.5, 3011.0], [1978.45, 10115.0], [1978.4, 21132.0], [1978.3, 1061.0], [1978.25, 2974.0], [1978.2, 581.0], [1978.15, 1686.0], [1978.1, 10080.0], [1978.05, 2745.0], [1978.0, 3143.0], [1977.95, 2881.0], [1977.85, 9994.0], [1977.8, 10200.0], [1977.75, 4881.0]], "asks": [[1979.05, 49046.0], [1979.1, 4725.0], [1979.15, 6828.0], [1979.35, 3000.0], [1979.4, 1290.0], [1979.5, 4320.0], [1979.55, 2913.0], [1979.65, 2983.0], [1979.7, 18893.0], [1979.75, 20059.0], [1979.8, 2906.0], [1979.85, 534.0], [1979.9, 9780.0], [1979.95, 17824.0], [1980.0, 5264.0], [1980.05, 554.0], [1980.1, 1008.0], [1980.15, 2906.0], [1980.2, 2475.0], [1980.25, 5386.0]]}}}
{"jsonrpc": "2.0", "method": "subscription", "params": {"channel": "book.ETH-PERPETUAL.none.20.100ms", "data": {"timestamp": 1772862888593, "change_id": 112344832185, "instrument_name": "ETH-PERPETUAL", "bids": [[1979.0, 22.0], [1978.75, 10.0], [1978.7, 204.0], [1978.65, 5500.0], [1978.6, 2000.0], [1978.55, 2687.0], [1978.5, 3011.0], [1978.45, 10115.0], [1978.4, 21132.0], [1978.3, 1061.0], [1978.25, 2974.0], [1978.2, 581.0], [1978.15, 1686.0], [1978.1, 10080.0], [1978.05, 2745.0], [1978.0, 3143.0], [1977.95, 2881.0], [1977.9, 5371.0], [1977.85, 9994.0], [1977.8, 10200.0]], "asks": [[1979.05, 49046.0], [1979.1, 4725.0], [1979.15, 6828.0], [1979.35, 3000.0], [1979.4, 1290.0], [1979.5, 4320.0], [1979.55, 2913.0], [1979.65, 2983.0], [1979.7, 18893.0], [1979.75, 20059.0], [1979.8, 2906.0], [1979.85, 534.0], [1979.9, 9780.0], [1979.95, 17824.0], [1980.0, 5264.0], [1980.05, 554.0], [1980.1, 1008.0], [1980.15, 2906.0], [1980.2, 2475.0], [1980.25, 5386.0]]}}}
{"jsonrpc": "2.0", "method": "subscription", "params": {"channel": "book.ETH-PERPETUAL.none.20.100ms", "data": {"timestamp": 1772862888911, "change_id": 112344832522, "instrument_name": "ETH-PERPETUAL", "bids": [[1979.0, 22.0], [1978.75, 10.0], [1978.65, 5500.0], [1978.6, 2000.0], [1978.55, 2891.0], [1978.5, 3011.0], [1978.45, 10115.0], [1978.4, 21132.0], [1978.3, 1061.0], [1978.25, 2974.0], [1978.2, 581.0], [1978.15, 1686.0], [1978.1, 7082.0], [1978.05, 5743.0], [1978.0, 3143.0], [1977.95, 2881.0], [1977.9, 5371.0], [1977.85, 9994.0], [1977.8, 10200.0], [1977.75, 4881.0]], "asks": [[1979.05, 49046.0], [1979.1, 4725.0], [1979.15, 6828.0], [1979.35, 3000.0], [1979.4, 1290.0], [1979.5, 4320.0], [1979.55, 2913.0], [1979.7, 9993.0], [1979.75, 20059.0], [1979.8, 2906.0], [1979.85, 534.0], [1979.9, 9780.0], [1979.95, 17824.0], [1980.0, 5264.0], [1980.05, 554.0], [1980.1, 1008.0], [1980.15, 2906.0], [1980.2, 2475.0], [1980.25, 5386.0], [1980.3, 2905.0]]}}}
{"jsonrpc": "2.0", "method": "subscription", "params": {"channel": "book.ETH-PERPETUAL.none.20.100ms", "data": {"timestamp": 1772862889357, "change_id": 112344832973, "instrument_name": "ETH-PERPETUAL", "bids": [[1979.0, 22.0], [1978.75, 10.0], [1978.65, 5500.0], [1978.6, 2000.0], [1978.55, 2891.0], [1978.5, 3011.0], [1978.45, 10115.0], [1978.4, 21132.0], [1978.3, 1061.0], [1978.25, 2974.0], [1978.2, 581.0], [1978.15, 4684.0], [1978.1, 7082.0], [1978.05, 2745.0], [1978.0, 3143.0], [1977.95, 2881.0], [1977.9, 5371.0], [1977.85, 9994.0], [1977.8, 10200.0], [1977.75, 4881.0]], "asks": [[1979.05, 49053.0], [1979.1, 4725.0], [1979.15, 6828.0], [1979.35, 3000.0], [1979.4, 1290.0], [1979.5, 4320.0], [1979.55, 2913.0], [1979.7, 9993.0], [1979.75, 20059.0], [1979.8, 2906.0], [1979.85, 534.0], [1979.9, 9780.0], [1979.95, 17824.0], [1980.0, 5264.0], [1980.05, 554.0], [1980.1, 1008.0], [1980.15, 2906.0], [1980.2, 2475.0], [1980.25, 5386.0], [1980.3, 2905.0]]}}}
{"jsonrpc": "2.0", "method": "subscription", "params": {"channel": "book.ETH-PERPETUAL.none.20.100ms", "data": {"timestamp": 1772862889701, "change_id": 112344833519, "instrument_name": "ETH-PERPETUAL", "bids": [[1979.0, 22.0], [1978.75, 10.0], [1978.65, 5500.0], [1978.6, 2000.0], [1978.55, 2891.0], [1978.5, 3011.0], [1978.45, 10115.0], [1978.4, 21132.0], [1978.3, 1061.0], [1978.25, 2974.0], [1978.2, 3580.0], [1978.1, 7082.0], [1978.05, 2745.0], [1978.0, 3143.0], [1977.95, 2881.0], [1977.9, 5371.0], [1977.85, 9994.0], [1977.8, 10200.0], [1977.75, 4881.0], [1977.7, 3000.0]], "asks": [[1979.05, 49053.0], [1979.1, 4725.0], [1979.15, 6828.0], [1979.4, 1290.0], [1979.45, 3000.0], [1979.5, 4320.0], [1979.55, 2913.0], [1979.7, 9993.0], [1979.75, 20059.0], [1979.8, 2906.0], [1979.85, 534.0], [1979.9, 9780.0], [1979.95, 17824.0], [1980.0, 5264.0], [1980.05, 554.0], [1980.1, 1008.0], [1980.15, 2906.0], [1980.2, 2475.0], [1980.25, 5386.0], [1980.3, 2905.0]]}}}
{"jsonrpc": "2.0", "method": "subscription", "params": {"channel": "book.ETH-PERPETUAL.none.20.100ms", "data": {"timestamp": 1772862889968, "change_id": 112344833731, "instrument_name": "ETH-PERPETUAL", "bids": [[1979.0, 22.0], [1978.75, 10.0], [1978.65, 5500.0], [1978.6, 2000.0], [1978.55, 2891.0], [1978.5, 3011.0], [1978.45, 10115.0], [1978.4, 21132.0], [1978.3, 1061.0], [1978.25, 2974.0], [1978.2, 581.0], [1978.15, 2999.0], [1978.1, 7082.0], [1978.05, 2745.0], [1978.0, 3143.0], [1977.95, 2881.0], [1977.9, 5371.0], [1977.85, 9994.0], [1977.8, 10200.0], [1977.75, 4881.0]], "asks": [[1979.05, 49053.0], [1979.1, 4725.0], [1979.15, 6828.0], [1979.4, 1290.0], [1979.45, 3000.0], [1979.5, 4320.0], [1979.55, 2913.0], [1979.7, 9993.0], [1979.75, 20059.0], [1979.8, 2906.0], [1979.85, 534.0], [1979.9, 9780.0], [1979.95, 17824.0], [1980.0, 5264.0], [1980.05, 554.0], [1980.1, 1008.0], [1980.15, 2906.0], [1980.2, 2475.0], [1980.25, 5386.0], [1980.3, 2905.0]]}}}
{"jsonrpc": "2.0", "method": "subscription", "params": {"channel": "book.ETH-PERPETUAL.none.20.100ms", "data": {"timestamp": 1772862890131, "change_id": 112344833794, "instrument_name": "ETH-PERPETUAL", "bids": [[1979.0, 22.0], [1978.75, 10.0], [1978.65, 5500.0], [1978.6, 2000.0], [1978.55, 2891.0], [1978.5, 3011.0], [1978.45, 10115.0], [1978.4, 21132.0], [1978.3, 1061.0], [1978.25, 2974.0], [1978.2, 581.0], [1978.15, 2999.0], [1978.1, 7082.0], [1978.05, 2745.0], [1978.0, 3143.0], [1977.95, 2881.0], [1977.9, 5371.0], [1977.85, 9994.0], [1977.8, 10200.0], [1977.75, 4881.0]], "asks": [[1979.05, 49053.0], [1979.1, 4725.0], [1979.15, 6828.0], [1979.4, 1290.0], [1979.45, 3000.0], [1979.5, 4320.0], [1979.55, 2913.0], [1979.7, 9993.0], [1979.75, 20059.0], [1979.8, 2906.0], [1979.85, 534.0], [1979.9, 9780.0], [1979.95, 17824.0], [1980.0, 5264.0], [1980.05, 554.0], [1980.1, 1008.0], [1980.15, 2906.0], [1980.2, 2475.0], [1980.25, 5386.0], [1980.3, 2905.0]]}}}
{"jsonrpc": "2.0", "method": "subscription", "params": {"channel": "book.ETH-PERPETUAL.none.20.100ms", "data": {"timestamp": 1772862890644, "change_id": 112344834281, "instrument_name": "ETH-PERPETUAL", "bids": [[1979.0, 22.0], [1978.75, 10.0], [1978.65, 5500.0], [1978.6, 2000.0], [1978.55, 2891.0], [1978.5, 3011.0], [1978.45, 10115.0], [1978.4, 21132.0], [1978.3, 1061.0], [1978.25, 2974.0], [1978.2, 581.0], [1978.15, 2999.0], [1978.1, 7082.0], [1978.05, 2745.0], [1978.0, 3143.0], [1977.95, 2881.0], [1977.9, 5371.0], [1977.85, 9994.0], [1977.8, 10200.0], [1977.75, 4881.0]], "asks": [[1979.05, 49053.0], [1979.1, 4725.0], [1979.15, 6828.0], [1979.4, 1290.0], [1979.45, 3000.0], [1979.5, 4320.0], [1979.55, 2913.0], [1979.7, 9993.0], [1979.75, 20059.0], [1979.8, 2906.0], [1979.85, 534.0], [1979.9, 9780.0], [1979.95, 17824.0], [1980.0, 5264.0], [1980.05, 554.0], [1980.1, 1008.0], [1980.15, 2906.0], [1980.2, 2475.0], [1980.25, 5386.0], [1980.3, 2905.0]]}}}
{"jsonrpc": "2.0", "method": "subscription", "params": {"channel": "book.ETH-PERPETUAL.none.20.100ms", "data": {"timestamp": 1772862891061, "change_id": 112344834865, "instrument_name": "ETH-PERPETUAL", "bids": [[1979.0, 22.0], [1978.75, 10.0], [1978.65, 5500.0], [1978.6, 2000.0], [1978.55, 2891.0], [1978.5, 3011.0], [1978.45, 10115.0], [1978.4, 21132.0], [1978.3, 1061.0], [1978.25, 2974.0], [1978.2, 581.0], [1978.15, 2999.0], [1978.1, 7082.0], [1978.05, 2745.0], [1978.0, 3143.0], [1977.95, 2881.0], [1977.9, 5371.0], [1977.85, 9994.0], [1977.8, 10200.0], [1977.75, 4881.0]], "asks": [[1979.05, 49053.0], [1979.1, 4725.0], [1979.15, 6828.0], [1979.4, 1290.0], [1979.45, 3000.0], [1979.5, 4320.0], [1979.55, 2913.0], [1979.7, 9993.0], [1979.75, 20059.0], [1979.8, 2906.0], [1979.85, 534.0], [1979.9, 9780.0], [1979.95, 17824.0], [1980.0, 5264.0], [1980.05, 554.0], [1980.1, 1008.0], [1980.15, 2906.0], [1980.2, 2475.0], [1980.25, 5386.0], [1980.3, 2905.0]]}}}
{"jsonrpc": "2.0", "method": "subscription", "params": {"channel": "book.ETH-PERPETUAL.none.20.100ms", "data": {"timestamp": 1772862891132, "change_id": 112344834874, "instrument_name": "ETH-PERPETUAL", "bids": [[1979.0, 22.0], [1978.75, 10.0], [1978.65, 5500.0], [1978.6, 2000.0], [1978.55, 2891.0], [1978.5, 3011.0], [1978.45, 10115.0], [1978.4, 21132.0], [1978.3, 1061.0], [1978.25, 2974.0], [1978.2, 581.0], [1978.15, 2999.0], [1978.1, 7082.0], [1978.05, 2745.0], [1978.0, 3143.0], [1977.95, 2881.0], [1977.9, 5371.0], [1977.85, 9994.0], [1977.8, 10200.0], [1977.75, 4881.0]], "asks": [[1979.05, 49053.0], [1979.1, 4725.0], [1979.15, 6828.0], [1979.4, 1290.0], [1979.45, 3000.0], [1979.5, 4320.0], [1979.55, 2913.0], [1979.7, 9993.0], [1979.75, 20059.0], [1979.8, 2906.0], [1979.85, 534.0], [1979.9, 9780.0], [1979.95, 17824.0], [1980.0, 5264.0], [1980.05, 554.0], [1980.1, 1008.0], [1980.15, 2906.0], [1980.2, 2475.0], [1980.25, 5386.0], [1980.3, 2905.0]]}}}
{"jsonrpc": "2.0", "method": "subscription", "params": {"channel": "book.ETH-PERPETUAL.none.20.100ms", "data": {"timestamp": 1772862892061, "change_id": 112344835829, "instrument_name": "ETH-PERPETUAL", "bids": [[1979.0, 22.0], [1978.75, 10.0], [1978.65, 5500.0], [1978.6, 2000.0], [1978.55, 2891.0], [1978.5, 3011.0], [1978.45, 10115.0], [1978.4, 21132.0], [1978.3, 1061.0], [1978.25, 2974.0], [1978.2, 581.0], [1978.15, 2999.0], [1978.1, 7082.0], [1978.05, 2745.0], [1978.0, 3143.0], [1977.95, 2881.0], [1977.9, 5371.0], [1977.85, 9994.0], [1977.8, 10200.0], [1977.75, 4881.0]], "asks": [[1979.05, 49053.0], [1979.1, 4725.0], [1979.15, 6828.0], [1979.4, 1290.0], [1979.45, 3000.0], [1979.5, 4320.0], [1979.55, 2913.0], [1979.7, 9993.0], [1979.75, 20059.0], [1979.8, 2906.0], [1979.85, 534.0], [1979.9, 9780.0], [1979.95, 17824.0], [1980.0, 5264.0], [1980.05, 554.0], [1980.1, 1008.0], [1980.15, 2906.0], [1980.2, 2475.0], [1980.25, 5386.0], [1980.3, 2905.0]]}}}
{"jsonrpc": "2.0", "method": "subscription", "params": {"channel": "book.ETH-PERPETUAL.none.20.100ms", "data": {"timestamp": 1772862892132, "change_id": 112344835835, "instrument_name": "ETH-PERPETUAL", "bids": [[1979.0, 22.0], [1978.75, 10.0], [1978.65, 5500.0], [1978.6, 2000.0], [1978.55, 2891.0], [1978.5, 3011.0], [1978.45, 10115.0], [1978.4, 21132.0], [1978.3, 1061.0], [1978.25, 2974.0], [1978.2, 581.0], [1978.15, 2999.0], [1978.1, 7082.0], [1978.05, 2745.0], [1978.0, 3143.0], [1977.95, 2881.0], [1977.9, 5371.0], [1977.85, 9994.0], [1977.8, 10200.0], [1977.75, 4881.0]], "asks": [[1979.05, 49053.0], [1979.1, 4725.0], [1979.15, 6828.0], [1979.4, 1290.0], [1979.45, 3000.0], [1979.5, 4320.0], [1979.55, 2913.0], [1979.7, 9993.0], [1979.75, 20059.0], [1979.8, 2906.0], [1979.85, 534.0], [1979.9, 9780.0], [1979.95, 17824.0], [1980.0, 5264.0], [1980.05, 554.0], [1980.1, 1008.0], [1980.15, 2906.0], [1980.2, 2475.0], [1980.25, 5386.0], [1980.3, 2905.0]]}}}
{"jsonrpc": "2.0", "method": "subscription", "params": {"channel": "book.ETH-PERPETUAL.none.20.100ms", "data": {"timestamp": 1772862893018, "change_id": 112344836775, "instrument_name": "ETH-PERPETUAL", "bids": [[1979.0, 22.0], [1978.75, 10.0], [1978.65, 5500.0], [1978.6, 2000.0], [1978.55, 2891.0], [1978.5, 3011.0], [1978.45, 10115.0], [1978.4, 21132.0], [1978.3, 1061.0], [1978.25, 2974.0], [1978.2, 581.0], [1978.15, 2999.0], [1978.1, 7082.0], [1978.05, 2745.0], [1978.0, 3143.0], [1977.95, 2881.0], [1977.9, 5371.0], [1977.85, 9994.0], [1977.8, 10200.0], [1977.75, 4881.0]], "asks": [[1979.05, 49053.0], [1979.1, 4725.0], [1979.15, 6828.0], [1979.35, 3000.0], [1979.4, 1290.0], [1979.5, 4320.0], [1979.55, 2913.0], [1979.7, 9993.0], [1979.75, 20059.0], [1979.8, 2906.0], [1979.85, 534.0], [1979.9, 9780.0], [1979.95, 17824.0], [1980.0, 5264.0], [1980.05, 554.0], [1980.1, 1008.0], [1980.15, 2906.0], [1980.2, 2475.0], [1980.25, 5386.0], [1980.3, 2905.0]]}}}
{"jsonrpc": "2.0", "method": "subscription", "params": {"channel": "book.ETH-PERPETUAL.none.20.100ms", "data": {"timestamp": 1772862893133, "change_id": 112344836798, "instrument_name": "ETH-PERPETUAL", "bids": [[1979.0, 22.0], [1978.75, 10.0], [1978.65, 5500.0], [1978.6, 2000.0], [1978.55, 2891.0], [1978.5, 3011.0], [1978.45, 10115.0], [1978.4, 21132.0], [1978.3, 1061.0], [1978.25, 2974.0], [1978.2, 3162.0], [1978.15, 2999.0], [1978.1, 7082.0], [1978.05, 2745.0], [1978.0, 3143.0], [1977.95, 2881.0], [1977.9, 5371.0], [1977.85, 9994.0], [1977.8, 10200.0], [1977.75, 4881.0]], "asks": [[1979.05, 49053.0], [1979.1, 4725.0], [1979.15, 6828.0], [1979.4, 1290.0], [1979.45, 3000.0], [1979.5, 4320.0], [1979.55, 2913.0], [1979.7, 16848.0], [1979.75, 20059.0], [1979.8, 2906.0], [1979.85, 534.0], [1979.9, 9780.0], [1979.95, 17824.0], [1980.0, 5264.0], [1980.05, 554.0], [1980.1, 1008.0], [1980.15, 2906.0], [1980.2, 2475.0], [1980.25, 5386.0], [1980.3, 2905.0]]}}}
{"jsonrpc": "2.0", "method": "subscription", "params": {"channel": "book.ETH-PERPETUAL.none.20.100ms", "data": {"timestamp": 1772862893740, "change_id": 112344837517, "instrument_name": "ETH-PERPETUAL", "bids": [[1979.0, 22.0], [1978.75, 10.0], [1978.65, 5500.0], [1978.6, 2000.0], [1978.55, 2891.0], [1978.5, 3011.0], [1978.45, 10115.0], [1978.4, 21132.0], [1978.3, 1061.0], [1978.25, 2974.0], [1978.2, 3162.0], [1978.15, 2999.0], [1978.1, 7082.0], [1978.05, 2745.0], [1978.0, 3143.0], [1977.95, 2881.0], [1977.9, 5371.0], [1977.85, 9994.0], [1977.8, 10200.0], [1977.75, 4881.0]], "asks": [[1979.05, 49053.0], [1979.1, 4725.0], [1979.15, 6828.0], [1979.35, 3000.0], [1979.4, 1290.0], [1979.5, 4320.0], [1979.55, 2913.0], [1979.7, 16848.0], [1979.75, 20059.0], [1979.8, 2906.0], [1979.85, 534.0], [1979.9, 9780.0], [1979.95, 17824.0], [1980.0, 5264.0], [1980.05, 554.0], [1980.1, 1008.0], [1980.15, 2906.0], [1980.2, 2475.0], [1980.25, 5386.0], [1980.3, 2905.0]]}}}
{"jsonrpc": "2.0", "method": "subscription", "params": {"channel": "book.ETH-PERPETUAL.none.20.100ms", "data": {"timestamp": 1772862894063, "change_id": 112344837750, "instrument_name": "ETH-PERPETUAL", "bids": [[1979.0, 22.0], [1978.75, 10.0], [1978.65, 5500.0], [1978.6, 2000.0], [1978.55, 2891.0], [1978.5, 3011.0], [1978.45, 10115.0], [1978.4, 21132.0], [1978.3, 1061.0], [1978.25, 2974.0], [1978.2, 581.0], [1978.15, 2998.0], [1978.1, 7082.0], [1978.05, 2745.0], [1978.0, 3143.0], [1977.95, 2881.0], [1977.9, 5371.0], [1977.85, 9994.0], [1977.8, 10200.0], [1977.75, 4881.0]], "asks": [[1979.05, 49053.0], [1979.1, 4725.0], [1979.15, 6828.0], [1979.4, 1290.0], [1979.45, 3000.0], [1979.5, 4320.0], [1979.55, 2913.0], [1979.7, 16848.0], [1979.75, 20059.0], [1979.8, 2906.0], [1979.85, 534.0], [1979.9, 9780.0], [1979.95, 17824.0], [1980.0, 5264.0], [1980.05, 554.0], [1980.1, 1008.0], [1980.15, 2906.0], [1980.2, 2475.0], [1980.25, 5386.0], [1980.3, 2905.0]]}}}
{"jsonrpc": "2.0", "method": "subscription", "params": {"channel": "book.ETH-PERPETUAL.none.20.100ms", "data": {"timestamp": 1772862894140, "change_id": 112344837762, "instrument_name": "ETH-PERPETUAL", "bids": [[1979.0, 22.0], [1978.75, 10.0], [1978.65, 5500.0], [1978.6, 2000.0], [1978.55, 2891.0], [1978.5, 3011.0], [1978.45, 10115.0], [1978.4, 21132.0], [1978.3, 1061.0], [1978.25, 2974.0], [1978.2, 3162.0], [1978.15, 2998.0], [1978.1, 7082.0], [1978.05, 2745.0], [1978.0, 3143.0], [1977.95, 2881.0], [1977.9, 5371.0], [1977.85, 9994.0], [1977.8, 10200.0], [1977.75, 4881.0]], "asks": [[1979.05, 49053.0], [1979.1, 4725.0], [1979.15, 6828.0], [1979.4, 1290.0], [1979.45, 3000.0], [1979.5, 4320.0], [1979.55, 2913.0], [1979.65, 2983.0], [1979.7, 16848.0], [1979.75, 20059.0], [1979.8, 2906.0], [1979.85, 534.0], [1979.9, 9780.0], [1979.95, 17824.0], [1980.0, 5264.0], [1980.05, 554.0], [1980.1, 1008.0], [1980.15, 2906.0], [1980.2, 2475.0], [1980.25, 5386.0]]}}}
{"jsonrpc": "2.0", "method": "subscription", "params": {"channel": "book.ETH-PERPETUAL.none.20.100ms", "data": {"timestamp": 1772862894668, "change_id": 112344838396, "instrument_name": "ETH-PERPETUAL", "bids": [[1979.0, 22.0], [1978.75, 10.0], [1978.65, 5500.0], [1978.6, 2000.0], [1978.55, 2891.0], [1978.5, 3011.0], [1978.45, 10115.0], [1978.4, 21132.0], [1978.3, 1061.0], [1978.25, 2974.0], [1978.2, 3162.0], [1978.15, 2998.0], [1978.1, 7082.0], [1978.05, 2745.0], [1978.0, 3143.0], [1977.95, 2881.0], [1977.9, 5371.0], [1977.85, 9994.0], [1977.8, 10200.0], [1977.75, 4881.0]], "asks": [[1979.05, 49053.0], [1979.1, 4725.0], [1979.15, 6828.0], [1979.35, 3000.0], [1979.4, 1290.0], [1979.5, 4320.0], [1979.55, 2913.0], [1979.65, 2983.0], [1979.7, 16848.0], [1979.75, 20059.0], [1979.8, 2906.0], [1979.85, 534.0], [1979.9, 9780.0], [1979.95, 17824.0], [1980.0, 5264.0], [1980.05, 554.0], [1980.1, 1008.0], [1980.15, 2906.0], [1980.2, 2475.0], [1980.25, 5386.0]]}}}
{"jsonrpc": "2.0", "method": "subscription", "params": {"channel": "book.ETH-PERPETUAL.none.20.100ms", "data": {"timestamp": 1772862895063, "change_id": 112344838693, "instrument_name": "ETH-PERPETUAL", "bids": [[1979.0, 22.0], [1978.75, 10.0], [1978.65, 5500.0], [1978.6, 2000.0], [1978.55, 2891.0], [1978.5, 3011.0], [1978.45, 10115.0], [1978.4, 21132.0], [1978.3, 1061.0], [1978.25, 2974.0], [1978.2, 3162.0], [1978.15, 2998.0], [1978.1, 7082.0], [1978.05, 2745.0], [1978.0, 3143.0], [1977.95, 2881.0], [1977.9, 5371.0], [1977.85, 9994.0], [1977.8, 10200.0], [1977.75, 4881.0]], "asks": [[1979.05, 49053.0], [1979.1, 4725.0], [1979.15, 6828.0], [1979.4, 1290.0], [1979.45, 3000.0], [1979.5, 4320.0], [1979.55, 2913.0], [1979.65, 2983.0], [1979.7, 16848.0], [1979.75, 20059.0], [1979.8, 2906.0], [1979.85, 534.0], [1979.9, 9780.0], [1979.95, 17824.0], [1980.0, 5264.0], [1980.05, 554.0], [1980.1, 1008.0], [1980.15, 2906.0], [1980.2, 2475.0], [1980.25, 5386.0]]}}}
{"jsonrpc": "2.0", "method": "subscription", "params": {"channel": "book.ETH-PERPETUAL.none.20.100ms", "data": {"timestamp": 1772862895183, "change_id": 112344838706, "instrument_name": "ETH-PERPETUAL", "bids": [[1979.0, 22.0], [1978.75, 10.0], [1978.65, 5500.0], [1978.6, 2000.0], [1978.55, 2891.0], [1978.5, 3011.0], [1978.45, 10115.0], [1978.4, 21132.0], [1978.3, 1061.0], [1978.25, 2974.0], [1978.2, 3162.0], [1978.15, 2998.0], [1978.1, 7082.0], [1978.05, 2745.0], [1978.0, 3143.0], [1977.95, 2881.0], [1977.9, 5371.0], [1977.85, 9994.0], [1977.8, 10200.0], [1977.75, 4881.0]], "asks": [[1979.05, 49053.0], [1979.1, 4725.0], [1979.15, 6828.0], [1979.4, 1290.0], [1979.45, 3000.0], [1979.5, 4320.0], [1979.55, 2913.0], [1979.65, 2983.0], [1979.7, 16848.0], [1979.75, 20059.0], [1979.8, 2906.0], [1979.9, 9780.0], [1979.95, 17824.0], [1980.0, 5264.0], [1980.05, 554.0], [1980.1, 1008.0], [1980.15, 2906.0], [1980.2, 2475.0], [1980.25, 5386.0], [1980.3, 2905.0]]}}}
{"jsonrpc": "2.0", "method": "subscription", "params": {"channel": "book.ETH-PERPETUAL.none.20.100ms", "data": {"timestamp": 1772862895662, "change_id": 112344839144, "instrument_name": "ETH-PERPETUAL", "bids": [[1979.0, 22.0], [1978.75, 10.0], [1978.65, 5500.0], [1978.6, 2000.0], [1978.55, 2891.0], [1978.5, 3011.0], [1978.45, 10115.0], [1978.4, 21132.0], [1978.3, 1061.0], [1978.25, 2974.0], [1978.2, 3162.0], [1978.15, 2998.0], [1978.1, 7082.0], [1978.05, 2745.0], [1978.0, 3143.0], [1977.95, 2881.0], [1977.85, 2886.0], [1977.8, 10200.0], [1977.75, 4881.0], [1977.7, 11950.0]], "asks": [[1979.05, 49053.0], [1979.1, 4725.0], [1979.15, 6828.0], [1979.4, 1290.0], [1979.45, 3000.0], [1979.5, 4320.0], [1979.55, 2913.0], [1979.7, 9751.0], [1979.75, 20059.0], [1979.8, 2906.0], [1979.9, 9780.0], [1979.95, 18358.0], [1980.0, 5264.0], [1980.05, 554.0], [1980.1, 1008.0], [1980.15, 2906.0], [1980.2, 2475.0], [1980.25, 5386.0], [1980.3, 2905.0], [1980.35, 40.0]]}}}
{"jsonrpc": "2.0", "method": "subscription", "params": {"channel": "book.ETH-PERPETUAL.none.20.100ms", "data": {"timestamp": 1772862895937, "change_id": 112344839442, "instrument_name": "ETH-PERPETUAL", "bids": [[1979.0, 22.0], [1978.75, 10.0], [1978.65, 5500.0], [1978.6, 2000.0], [1978.55, 2891.0], [1978.5, 3011.0], [1978.45, 10115.0], [1978.4, 21132.0], [1978.3, 1061.0], [1978.25, 2974.0], [1978.2, 3162.0], [1978.15, 2998.0], [1978.1, 7082.0], [1978.05, 2745.0], [1978.0, 3143.0], [1977.95, 2881.0], [1977.85, 9786.0], [1977.8, 10200.0], [1977.75, 4881.0], [1977.7, 11950.0]], "asks": [[1979.05, 49053.0], [1979.1, 4725.0], [1979.15, 6828.0], [1979.35, 3000.0], [1979.4, 1290.0], [1979.5, 4320.0], [1979.55, 2913.0], [1979.7, 9751.0], [1979.75, 27025.0], [1979.8, 2906.0], [1979.9, 9780.0], [1979.95, 18358.0], [1980.0, 5264.0], [1980.05, 554.0], [1980.1, 1008.0], [1980.15, 2906.0], [1980.2, 2475.0], [1980.25, 5386.0], [1980.3, 2905.0], [1980.35, 40.0]]}}}
{"jsonrpc": "2.0", "method": "subscription", "params": {"channel": "book.ETH-PERPETUAL.none.20.100ms", "data": {"timestamp": 1772862896134, "change_id": 112344839647, "instrument_name": "ETH-PERPETUAL", "bids": [[1979.0, 22.0], [1978.75, 10.0], [1978.65, 5500.0], [1978.6, 2000.0], [1978.55, 2891.0], [1978.5, 3011.0], [1978.45, 10115.0], [1978.4, 21132.0], [1978.3, 1061.0], [1978.25, 2974.0], [1978.2, 3162.0], [1978.15, 2998.0], [1978.1, 7082.0], [1978.05, 2745.0], [1978.0, 3143.0], [1977.95, 2881.0], [1977.85, 9786.0], [1977.8, 10200.0], [1977.75, 4881.0], [1977.7, 11950.0]], "asks": [[1979.05, 49053.0], [1979.1, 4725.0], [1979.15, 6828.0], [1979.4, 1290.0], [1979.45, 3000.0], [1979.5, 4320.0], [1979.55, 2913.0], [1979.65, 6837.0], [1979.7, 22904.0], [1979.75, 7017.0], [1979.8, 2906.0], [1979.9, 9780.0], [1979.95, 18358.0], [1980.0, 5264.0], [1980.05, 554.0], [1980.1, 1008.0], [1980.15, 2906.0], [1980.2, 2475.0], [1980.25, 5386.0], [1980.3, 2905.0]]}}}
{"jsonrpc": "2.0", "method": "subscription", "params": {"channel": "book.ETH-PERPETUAL.none.20.100ms", "data": {"timestamp": 1772862896623, "change_id": 112344840088, "instrument_name": "ETH-PERPETUAL", "bids": [[1979.0, 22.0], [1978.75, 10.0], [1978.65, 5500.0], [1978.6, 2000.0], [1978.55, 2891.0], [1978.5, 3011.0], [1978.45, 10115.0], [1978.4, 21132.0], [1978.3, 1061.0], [1978.25, 2974.0], [1978.2, 3162.0], [1978.15, 2998.0], [1978.1, 7082.0], [1978.05, 2745.0], [1978.0, 3143.0], [1977.95, 2881.0], [1977.9, 5309.0], [1977.85, 9786.0], [1977.8, 10200.0], [1977.75, 4881.0]], "asks": [[1979.05, 49053.0], [1979.1, 4725.0], [1979.15, 6828.0], [1979.4, 1290.0], [1979.45, 3000.0], [1979.5, 4320.0], [1979.55, 2913.0], [1979.65, 6837.0], [1979.7, 22904.0], [1979.75, 7017.0], [1979.8, 2906.0], [1979.9, 9780.0], [1979.95, 18358.0], [1980.0, 5264.0], [1980.05, 554.0], [1980.1, 1008.0], [1980.15, 2906.0], [1980.2, 2475.0], [1980.25, 5386.0], [1980.3, 2905.0]]}}}
{"jsonrpc": "2.0", "method": "subscription", "params": {"channel": "book.ETH-PERPETUAL.none.20.100ms", "data": {"timestamp": 1772862896921, "change_id": 112344840388, "instrument_name": "ETH-PERPETUAL", "bids": [[1979.0, 22.0], [1978.75, 10.0], [1978.65, 5500.0], [1978.6, 2000.0], [1978.55, 2891.0], [1978.5, 3011.0], [1978.45, 10115.0], [1978.4, 21132.0], [1978.3, 1061.0], [1978.25, 2974.0], [1978.2, 3162.0], [1978.15, 2998.0], [1978.1, 7082.0], [1978.05, 2745.0], [1978.0, 3143.0], [1977.95, 2881.0], [1977.9, 5309.0], [1977.85, 9786.0], [1977.8, 10200.0], [1977.75, 4881.0]], "asks": [[1979.05, 49053.0], [1979.1, 4725.0], [1979.15, 6828.0], [1979.4, 1290.0], [1979.45, 3000.0], [1979.5, 4320.0], [1979.55, 2913.0], [1979.65, 6837.0], [1979.7, 22904.0], [1979.75, 7017.0], [1979.8, 2906.0], [1979.9, 9780.0], [1979.95, 18358.0], [1980.0, 5264.0], [1980.05, 554.0], [1980.1, 1008.0], [1980.15, 2906.0], [1980.2, 2475.0], [1980.25, 5386.0], [1980.3, 2905.0]]}}}
{"jsonrpc": "2.0", "method": "subscription", "params": {"channel": "book.ETH-PERPETUAL.none.20.100ms", "data": {"timestamp": 1772862897276, "change_id": 112344840668, "instrument_name": "ETH-PERPETUAL", "bids": [[1979.0, 22.0], [1978.75, 10.0], [1978.65, 5500.0], [1978.6, 2000.0], [1978.55, 2891.0], [1978.5, 3011.0], [1978.45, 10115.0], [1978.4, 21132.0], [1978.3, 1061.0], [1978.25, 2974.0], [1978.2, 3162.0], [1978.15, 2998.0], [1978.1, 7082.0], [1978.05, 2745.0], [1978.0, 3143.0], [1977.95, 2881.0], [1977.9, 5309.0], [1977.85, 9786.0], [1977.8, 10200.0], [1977.75, 4881.0]], "asks": [[1979.05, 49053.0], [1979.1, 4725.0], [1979.15, 6828.0], [1979.35, 3000.0], [1979.4, 1290.0], [1979.5, 4320.0], [1979.55, 2913.0], [1979.65, 6837.0], [1979.7, 22904.0], [1979.75, 7017.0], [1979.8, 2906.0], [1979.9, 9780.0], [1979.95, 18358.0], [1980.0, 5264.0], [1980.05, 554.0], [1980.1, 1008.0], [1980.15, 2906.0], [1980.2, 2475.0], [1980.25, 5386.0], [1980.3, 2905.0]]}}}
{"jsonrpc": "2.0", "method": "subscription", "params": {"channel": "book.ETH-PERPETUAL.none.20.100ms", "data": {"timestamp": 1772862897654, "change_id": 112344841038, "instrument_name": "ETH-PERPETUAL", "bids": [[1979.0, 22.0], [1978.75, 10.0], [1978.65, 5500.0], [1978.6, 2000.0], [1978.55, 2891.0], [1978.5, 3011.0], [1978.45, 10115.0], [1978.4, 21132.0], [1978.3, 1061.0], [1978.25, 2974.0], [1978.2, 3162.0], [1978.15, 2998.0], [1978.1, 7082.0], [1978.05, 2745.0], [1978.0, 3143.0], [1977.95, 2881.0], [1977.9, 5309.0], [1977.85, 9786.0], [1977.8, 10200.0], [1977.75, 4881.0]], "asks": [[1979.05, 49053.0], [1979.1, 4725.0], [1979.15, 6828.0], [1979.35, 3000.0], [1979.4, 1290.0], [1979.5, 4320.0], [1979.55, 2913.0], [1979.65, 6837.0], [1979.7, 25866.0], [1979.75, 7017.0], [1979.8, 2906.0], [1979.9, 9780.0], [1979.95, 18358.0], [1980.0, 5264.0], [1980.05, 554.0], [1980.1, 1008.0], [1980.15, 2906.0], [1980.2, 2475.0], [1980.25, 5386.0], [1980.3, 2905.0]]}}}
{"jsonrpc": "2.0", "method": "subscription", "params": {"channel": "book.ETH-PERPETUAL.none.20.100ms", "data": {"timestamp": 1772862898063, "change_id": 112344841513, "instrument_name": "ETH-PERPETUAL", "bids": [[1979.0, 22.0], [1978.75, 10.0], [1978.65, 5500.0], [1978.6, 2000.0], [1978.55, 2891.0], [1978.5, 3011.0], [1978.45, 10115.0], [1978.4, 21132.0], [1978.3, 1061.0], [1978.25, 2974.0], [1978.2, 3162.0], [1978.15, 2998.0], [1978.1, 7082.0], [1978.05, 2745.0], [1978.0, 3143.0], [1977.95, 2881.0], [1977.9, 5309.0], [1977.85, 9786.0], [1977.8, 10200.0], [1977.75, 4881.0]], "asks": [[1979.05, 49053.0], [1979.1, 4725.0], [1979.15, 6828.0], [1979.35, 3000.0], [1979.4, 1290.0], [1979.5, 4320.0], [1979.55, 2913.0], [1979.65, 6837.0], [1979.7, 25866.0], [1979.75, 7017.0], [1979.8, 2906.0], [1979.9, 9780.0], [1979.95, 18358.0], [1980.0, 5264.0], [1980.05, 554.0], [1980.1, 1008.0], [1980.15, 2906.0], [1980.2, 2475.0], [1980.25, 5386.0], [1980.3, 2905.0]]}}}
{"jsonrpc": "2.0", "method": "subscription", "params": {"channel": "book.ETH-PERPETUAL.none.20.100ms", "data": {"timestamp": 1772862898136, "change_id": 112344841519, "instrument_name": "ETH-PERPETUAL", "bids": [[1979.0, 22.0], [1978.75, 10.0], [1978.65, 5500.0], [1978.6, 2000.0], [1978.55, 2891.0], [1978.5, 3011.0], [1978.45, 10115.0], [1978.4, 21132.0], [1978.3, 1061.0], [1978.25, 2974.0], [1978.2, 3162.0], [1978.15, 2998.0], [1978.1, 7082.0], [1978.05, 2745.0], [1978.0, 3143.0], [1977.95, 2881.0], [1977.9, 5309.0], [1977.85, 9786.0], [1977.8, 10200.0], [1977.75, 4881.0]], "asks": [[1979.05, 49053.0], [1979.1, 4725.0], [1979.15, 6828.0], [1979.35, 3000.0], [1979.4, 1290.0], [1979.5, 4320.0], [1979.55, 2913.0], [1979.65, 6837.0], [1979.7, 25866.0], [1979.75, 7017.0], [1979.8, 2906.0], [1979.9, 9780.0], [1979.95, 18358.0], [1980.0, 5264.0], [1980.05, 554.0], [1980.1, 1008.0], [1980.15, 2906.0], [1980.2, 2475.0], [1980.25, 5386.0], [1980.3, 2905.0]]}}}
{"jsonrpc": "2.0", "method": "subscription", "params": {"channel": "book.ETH-PERPETUAL.none.20.100ms", "data": {"timestamp": 1772862898771, "change_id": 112344842226, "instrument_name": "ETH-PERPETUAL", "bids": [[1979.0, 22.0], [1978.75, 10.0], [1978.65, 5500.0], [1978.6, 2000.0], [1978.55, 2891.0], [1978.5, 3011.0], [1978.45, 10115.0], [1978.4, 21132.0], [1978.3, 1061.0], [1978.25, 2974.0], [1978.2, 3162.0], [1978.15, 2998.0], [1978.1, 7082.0], [1978.05, 2745.0], [1978.0, 3143.0], [1977.95, 2881.0], [1977.9, 5309.0], [1977.85, 9786.0], [1977.8, 10200.0], [1977.75, 4881.0]], "asks": [[1979.05, 49053.0], [1979.1, 4725.0], [1979.15, 6828.0], [1979.4, 1290.0], [1979.45, 3000.0], [1979.5, 4320.0], [1979.55, 2913.0], [1979.65, 6837.0], [1979.7, 25866.0], [1979.75, 7017.0], [1979.8, 2906.0], [1979.9, 9780.0], [1979.95, 18358.0], [1980.0, 5264.0], [1980.05, 554.0], [1980.1, 1008.0], [1980.15, 2906.0], [1980.2, 2475.0], [1980.25, 5386.0], [1980.3, 2905.0]]}}}
{"jsonrpc": "2.0", "method": "subscription", "params": {"channel": "book.ETH-PERPETUAL.none.20.100ms", "data": {"timestamp": 1772862899080, "change_id": 112344842437, "instrument_name": "ETH-PERPETUAL", "bids": [[1979.0, 22.0], [1978.75, 10.0], [1978.65, 5500.0], [1978.6, 2000.0], [1978.55, 2891.0], [1978.5, 3011.0], [1978.45, 10115.0], [1978.4, 21132.0], [1978.3, 1061.0], [1978.25, 2974.0], [1978.2, 3162.0], [1978.15, 2998.0], [1978.1, 7082.0], [1978.05, 2745.0], [1978.0, 3143.0], [1977.95, 2881.0], [1977.9, 5309.0], [1977.85, 9786.0], [1977.8, 10200.0], [1977.75, 4881.0]], "asks": [[1979.05, 49053.0], [1979.1, 4725.0], [1979.15, 6828.0], [1979.35, 3000.0], [1979.4, 1290.0], [1979.5, 4320.0], [1979.55, 2913.0], [1979.65, 6837.0], [1979.7, 25866.0], [1979.75, 7017.0], [1979.8, 2906.0], [1979.9, 9780.0], [1979.95, 18358.0], [1980.0, 5264.0], [1980.05, 554.0], [1980.1, 1008.0], [1980.15, 2906.0], [1980.2, 2475.0], [1980.25, 5386.0], [1980.3, 2905.0]]}}}
{"jsonrpc": "2.0", "method": "subscription", "params": {"channel": "book.ETH-PERPETUAL.none.20.100ms", "data": {"timestamp": 1772862899137, "change_id": 112344842440, "instrument_name": "ETH-PERPETUAL", "bids": [[1979.0, 22.0], [1978.75, 10.0], [1978.65, 5500.0], [1978.6, 2000.0], [1978.55, 2891.0], [1978.5, 3011.0], [1978.45, 10115.0], [1978.4, 21132.0], [1978.3, 1061.0], [1978.25, 2974.0], [1978.2, 3162.0], [1978.15, 2998.0], [1978.1, 7082.0], [1978.05, 2745.0], [1978.0, 3143.0], [1977.95, 2881.0], [1977.9, 5309.0], [1977.85, 9786.0], [1977.8, 10200.0], [1977.75, 4881.0]], "asks": [[1979.05, 49053.0], [1979.1, 4725.0], [1979.15, 6828.0], [1979.35, 3000.0], [1979.4, 1290.0], [1979.5, 4320.0], [1979.55, 2913.0], [1979.65, 6837.0], [1979.7, 25866.0], [1979.75, 7017.0], [1979.8, 2906.0], [1979.9, 9780.0], [1979.95, 18358.0], [1980.0, 5264.0], [1980.05, 554.0], [1980.1, 1008.0], [1980.15, 2906.0], [1980.2, 2475.0], [1980.25, 5386.0], [1980.3, 2905.0]]}}}
{"jsonrpc": "2.0", "method": "subscription", "params": {"channel": "book.ETH-PERPETUAL.none.20.100ms", "data": {"timestamp": 1772862899762, "change_id": 112344844025, "instrument_name": "ETH-PERPETUAL", "bids": [[1979.2, 11754.0], [1979.15, 2000.0], [1979.1, 2892.0], [1979.05, 2008.0], [1979.0, 22.0], [1978.95, 2000.0], [1978.8, 1777.0], [1978.75, 2954.0], [1978.7, 5238.0], [1978.65, 1000.0], [1978.6, 4944.0], [1978.5, 2011.0], [1978.45, 10860.0], [1978.4, 21132.0], [1978.3, 1061.0], [1978.25, 2974.0], [1978.2, 581.0], [1978.1, 15082.0], [1978.05, 26988.0], [1978.0, 20907.0]], "asks": [[1979.45, 653.0], [1979.55, 26.0], [1979.6, 1667.0], [1979.65, 2687.0], [1979.7, 2896.0], [1979.75, 51.0], [1979.8, 5754.0], [1979.85, 3000.0], [1979.9, 7293.0], [1979.95, 1611.0], [1980.0, 5264.0], [1980.1, 20016.0], [1980.15, 2906.0], [1980.25, 18170.0], [1980.3, 3905.0], [1980.35, 40.0], [1980.4, 2960.0], [1980.5, 2936.0], [1980.55, 5000.0], [1980.6, 2905.0]]}}}
{"jsonrpc": "2.0", "method": "subscription", "params": {"channel": "book.ETH-PERPETUAL.none.20.100ms", "data": {"timestamp": 1772862900085, "change_id": 112344844657, "instrument_name": "ETH-PERPETUAL", "bids": [[1979.4, 5730.0], [1979.25, 4600.0], [1979.2, 7805.0], [1979.15, 2000.0], [1979.05, 2100.0], [1979.0, 1498.0], [1978.95, 4944.0], [1978.75, 2954.0], [1978.65, 3580.0], [1978.6, 4944.0], [1978.5, 2774.0], [1978.45, 10860.0], [1978.4, 21132.0], [1978.35, 2944.0], [1978.3, 1061.0], [1978.25, 2974.0], [1978.15, 19988.0], [1978.1, 21344.0], [1978.05, 7000.0], [1978.0, 20907.0]], "asks": [[1979.45, 8993.0], [1979.55, 26.0], [1979.6, 1667.0], [1979.65, 2687.0], [1979.7, 2896.0], [1979.75, 51.0], [1979.8, 5754.0], [1979.9, 9772.0], [1979.95, 3040.0], [1980.0, 4806.0], [1980.1, 8.0], [1980.15, 2906.0], [1980.25, 20394.0], [1980.3, 2905.0], [1980.35, 17824.0], [1980.4, 3960.0], [1980.5, 3096.0], [1980.55, 5000.0], [1980.6, 2905.0], [1980.7, 3095.0]]}}}
{"jsonrpc": "2.0", "method": "subscription", "params": {"channel": "book.ETH-PERPETUAL.none.20.100ms", "data": {"timestamp": 1772862900416, "change_id": 112344845351, "instrument_name": "ETH-PERPETUAL", "bids": [[1979.2, 5933.0], [1979.15, 2000.0], [1979.05, 2100.0], [1979.0, 2498.0], [1978.95, 7631.0], [1978.9, 1062.0], [1978.85, 3557.0], [1978.75, 2954.0], [1978.65, 2057.0], [1978.6, 4944.0], [1978.5, 5773.0], [1978.45, 10860.0], [1978.4, 21132.0], [1978.35, 2944.0], [1978.3, 1061.0], [1978.25, 2974.0], [1978.1, 41332.0], [1978.05, 7000.0], [1978.0, 20907.0], [1977.95, 3881.0]], "asks": [[1979.25, 17086.0], [1979.3, 8718.0], [1979.4, 2509.0], [1979.45, 5718.0], [1979.5, 2687.0], [1979.55, 26.0], [1979.6, 2179.0], [1979.7, 9079.0], [1979.75, 3051.0], [1979.8, 2906.0], [1979.9, 2888.0], [1979.95, 40.0], [1980.0, 4806.0], [1980.1, 8.0], [1980.15, 2906.0], [1980.25, 20394.0], [1980.3, 2905.0], [1980.35, 17824.0], [1980.4, 3960.0], [1980.45, 1088.0]]}}}
{"jsonrpc": "2.0", "method": "subscription", "params": {"channel": "book.ETH-PERPETUAL.none.20.100ms", "data": {"timestamp": 1772862900730, "change_id": 112344846579, "instrument_name": "ETH-PERPETUAL", "bids": [[1979.05, 7600.0], [1979.0, 22.0], [1978.95, 2000.0], [1978.85, 205.0], [1978.8, 1180.0], [1978.75, 3954.0], [1978.7, 2451.0], [1978.65, 2687.0], [1978.6, 4944.0], [1978.5, 2011.0], [1978.45, 10115.0], [1978.4, 21132.0], [1978.35, 2944.0], [1978.3, 4060.0], [1978.25, 2974.0], [1978.1, 14319.0], [1978.05, 2000.0], [1978.0, 23131.0], [1977.95, 2881.0], [1977.9, 17764.0]], "asks": [[1979.1, 6894.0], [1979.15, 20048.0], [1979.2, 4462.0], [1979.25, 14218.0], [1979.4, 1315.0], [1979.5, 6187.0], [1979.55, 5970.0], [1979.6, 2179.0], [1979.7, 9725.0], [1979.75, 51.0], [1979.8, 2906.0], [1979.9, 2888.0], [1979.95, 40.0], [1980.0, 4806.0], [1980.1, 20550.0], [1980.15, 2906.0], [1980.25, 18170.0], [1980.3, 2905.0], [1980.35, 5498.0], [1980.4, 3960.0]]}}}
{"jsonrpc": "2.0", "method": "subscription", "params": {"channel": "book.ETH-PERPETUAL.none.20.100ms", "data": {"timestamp": 1772862901079, "change_id": 112344846971, "instrument_name": "ETH-PERPETUAL", "bids": [[1979.05, 7600.0], [1979.0, 22.0], [1978.95, 2000.0], [1978.85, 205.0], [1978.8, 3867.0], [1978.75, 3954.0], [1978.7, 1476.0], [1978.6, 4944.0], [1978.5, 2011.0], [1978.45, 10115.0], [1978.4, 21132.0], [1978.35, 2944.0], [1978.3, 4640.0], [1978.25, 3719.0], [1978.1, 14319.0], [1978.05, 8000.0], [1978.0, 3143.0], [1977.95, 22869.0], [1977.9, 17764.0], [1977.85, 2886.0]], "asks": [[1979.1, 12394.0], [1979.15, 20048.0], [1979.2, 2820.0], [1979.25, 8718.0], [1979.4, 1315.0], [1979.5, 4405.0], [1979.55, 2970.0], [1979.65, 3000.0], [1979.7, 2896.0], [1979.75, 51.0], [1979.8, 2906.0], [1979.9, 2888.0], [1979.95, 40.0], [1980.0, 4806.0], [1980.1, 21550.0], [1980.15, 2906.0], [1980.25, 18170.0], [1980.3, 2905.0], [1980.35, 498.0], [1980.4, 2957.0]]}}}
{"jsonrpc": "2.0", "method": "subscription", "params": {"channel": "book.ETH-PERPETUAL.none.20.100ms", "data": {"timestamp": 1772862901396, "change_id": 112344847205, "instrument_name": "ETH-PERPETUAL", "bids": [[1979.05, 7600.0], [1979.0, 860.0], [1978.95, 2205.0], [1978.8, 3867.0], [1978.75, 3954.0], [1978.7, 1476.0], [1978.6, 4944.0], [1978.5, 2011.0], [1978.45, 10115.0], [1978.4, 21132.0], [1978.35, 2944.0], [1978.3, 4641.0], [1978.25, 3719.0], [1978.2, 763.0], [1978.1, 14319.0], [1978.05, 8000.0], [1978.0, 23131.0], [1977.95, 2881.0], [1977.9, 17764.0], [1977.85, 2886.0]], "asks": [[1979.1, 12394.0], [1979.15, 20048.0], [1979.2, 2820.0], [1979.25, 8718.0], [1979.4, 1315.0], [1979.5, 4405.0], [1979.55, 2970.0], [1979.65, 4278.0], [1979.7, 2896.0], [1979.75, 51.0], [1979.8, 2906.0], [1979.85, 5115.0], [1979.9, 2888.0], [1979.95, 40.0], [1980.0, 4806.0], [1980.05, 7372.0], [1980.1, 21550.0], [1980.15, 2906.0], [1980.25, 18170.0], [1980.3, 2905.0]]}}}
{"jsonrpc": "2.0", "method": "subscription", "params": {"channel": "book.ETH-PERPETUAL.none.20.100ms", "data": {"timestamp": 1772862901733, "change_id": 112344847930, "instrument_name": "ETH-PERPETUAL", "bids": [[1979.05, 7600.0], [1979.0, 860.0], [1978.95, 2205.0], [1978.8, 3867.0], [1978.75, 3954.0], [1978.7, 1476.0], [1978.6, 4944.0], [1978.5, 2011.0], [1978.45, 10115.0], [1978.4, 21132.0], [1978.35, 2944.0], [1978.3, 4641.0], [1978.25, 3719.0], [1978.2, 763.0], [1978.1, 14319.0], [1978.05, 8000.0], [1978.0, 23131.0], [1977.95, 10881.0], [1977.9, 17764.0], [1977.85, 2886.0]], "asks": [[1979.1, 12394.0], [1979.15, 20048.0], [1979.2, 2820.0], [1979.25, 8718.0], [1979.45, 1315.0], [1979.5, 6187.0], [1979.55, 2970.0], [1979.6, 3000.0], [1979.65, 1278.0], [1979.7, 2896.0], [1979.75, 51.0], [1979.8, 2906.0], [1979.85, 5115.0], [1979.9, 2888.0], [1979.95, 40.0], [1980.0, 4806.0], [1980.05, 7372.0], [1980.1, 21550.0], [1980.15, 2906.0], [1980.25, 18170.0]]}}}
{"jsonrpc": "2.0", "method": "subscription", "params": {"channel": "book.ETH-PERPETUAL.none.20.100ms", "data": {"timestamp": 1772862902067, "change_id": 112344848213, "instrument_name": "ETH-PERPETUAL", "bids": [[1979.05, 7600.0], [1979.0, 860.0], [1978.95, 2205.0], [1978.8, 3867.0], [1978.75, 3954.0], [1978.7, 1476.0], [1978.6, 4944.0], [1978.5, 2011.0], [1978.45, 10115.0], [1978.4, 21132.0], [1978.35, 2944.0], [1978.3, 4641.0], [1978.25, 3719.0], [1978.2, 763.0], [1978.1, 13671.0], [1978.05, 8000.0], [1978.0, 23131.0], [1977.95, 10881.0], [1977.9, 17764.0], [1977.85, 2886.0]], "asks": [[1979.1, 12394.0], [1979.15, 20048.0], [1979.2, 2820.0], [1979.25, 8718.0], [1979.45, 1315.0], [1979.5, 7405.0], [1979.55, 2970.0], [1979.65, 1278.0], [1979.7, 2896.0], [1979.75, 51.0], [1979.8, 2906.0], [1979.85, 5115.0], [1979.9, 2888.0], [1979.95, 40.0], [1980.0, 13439.0], [1980.05, 7372.0], [1980.1, 21550.0], [1980.15, 2906.0], [1980.25, 18170.0], [1980.3, 2905.0]]}}}
{"jsonrpc": "2.0", "method": "subscription", "params": {"channel": "book.ETH-PERPETUAL.none.20.100ms", "data": {"timestamp": 1772862902406, "change_id": 112344848426, "instrument_name": "ETH-PERPETUAL", "bids": [[1979.05, 5600.0], [1979.0, 21.0], [1978.95, 2000.0], [1978.9, 379.0], [1978.8, 3867.0], [1978.75, 3954.0], [1978.7, 1681.0], [1978.6, 4944.0], [1978.5, 2011.0], [1978.45, 10115.0], [1978.4, 21132.0], [1978.35, 2944.0], [1978.3, 1642.0], [1978.25, 6718.0], [1978.2, 763.0], [1978.1, 6319.0], [1978.05, 2000.0], [1978.0, 3143.0], [1977.95, 10881.0], [1977.85, 8886.0]], "asks": [[1979.1, 12394.0], [1979.15, 20266.0], [1979.2, 2602.0], [1979.25, 8718.0], [1979.45, 1315.0], [1979.5, 7405.0], [1979.55, 2970.0], [1979.65, 1278.0], [1979.7, 2896.0], [1979.75, 51.0], [1979.8, 2906.0], [1979.85, 5115.0], [1979.9, 2888.0], [1979.95, 20048.0], [1980.0, 4806.0], [1980.05, 25156.0], [1980.1, 1542.0], [1980.15, 2906.0], [1980.25, 5386.0], [1980.3, 2905.0]]}}}
{"jsonrpc": "2.0", "method": "subscription", "params": {"channel": "book.ETH-PERPETUAL.none.20.100ms", "data": {"timestamp": 1772862902724, "change_id": 112344849031, "instrument_name": "ETH-PERPETUAL", "bids": [[1979.05, 5600.0], [1979.0, 400.0], [1978.95, 2000.0], [1978.8, 4072.0], [1978.75, 3954.0], [1978.7, 1476.0], [1978.6, 4944.0], [1978.5, 2011.0], [1978.45, 10115.0], [1978.4, 21132.0], [1978.35, 2944.0], [1978.3, 4641.0], [1978.25, 3719.0], [1978.2, 763.0], [1978.1, 6319.0], [1978.05, 2000.0], [1978.0, 3143.0], [1977.95, 10881.0], [1977.9, 19988.0], [1977.85, 8886.0]], "asks": [[1979.1, 12772.0], [1979.15, 20048.0], [1979.2, 2602.0], [1979.25, 8718.0], [1979.4, 2210.0], [1979.5, 7405.0], [1979.55, 2970.0], [1979.65, 1281.0], [1979.7, 2896.0], [1979.75, 51.0], [1979.8, 2906.0], [1979.85, 5115.0], [1979.9, 2888.0], [1979.95, 20048.0], [1980.0, 4806.0], [1980.05, 7372.0], [1980.1, 19326.0], [1980.15, 2906.0], [1980.25, 5386.0], [1980.3, 2905.0]]}}}
{"jsonrpc": "2.0", "method": "subscription", "params": {"channel": "book.ETH-PERPETUAL.none.20.100ms", "data": {"timestamp": 1772862903068, "change_id": 112344849919, "instrument_name": "ETH-PERPETUAL", "bids": [[1979.05, 5600.0], [1979.0, 400.0], [1978.95, 2000.0], [1978.8, 4072.0], [1978.75, 3954.0], [1978.7, 1476.0], [1978.6, 4944.0], [1978.5, 2011.0], [1978.45, 10115.0], [1978.4, 21132.0], [1978.35, 2944.0], [1978.3, 4641.0], [1978.25, 3719.0], [1978.2, 763.0], [1978.1, 6319.0], [1978.05, 10000.0], [1978.0, 3143.0], [1977.95, 2881.0], [1977.9, 19988.0], [1977.85, 8886.0]], "asks": [[1979.1, 12612.0], [1979.15, 20048.0], [1979.2, 2602.0], [1979.25, 8718.0], [1979.4, 2210.0], [1979.5, 7405.0], [1979.55, 2970.0], [1979.65, 1281.0], [1979.7, 2896.0], [1979.75, 51.0], [1979.8, 2906.0], [1979.85, 5115.0], [1979.9, 2888.0], [1979.95, 20048.0], [1980.0, 5264.0], [1980.05, 7372.0], [1980.1, 19326.0], [1980.15, 3066.0], [1980.25, 5386.0], [1980.3, 2905.0]]}}}
{"jsonrpc": "2.0", "method": "subscription", "params": {"channel": "book.ETH-PERPETUAL.none.20.100ms", "data": {"timestamp": 1772862903392, "change_id": 112344850571, "instrument_name": "ETH-PERPETUAL", "bids": [[1979.05, 5600.0], [1979.0, 400.0], [1978.95, 2000.0], [1978.8, 4072.0], [1978.75, 3954.0], [1978.7, 1476.0], [1978.6, 4944.0], [1978.5, 2011.0], [1978.45, 10115.0], [1978.4, 21132.0], [1978.35, 2944.0], [1978.3, 4641.0], [1978.25, 3719.0], [1978.2, 763.0], [1978.1, 8302.0], [1978.05, 10000.0], [1978.0, 3143.0], [1977.95, 2881.0], [1977.85, 28874.0], [1977.8, 2200.0]], "asks": [[1979.1, 12612.0], [1979.15, 20048.0], [1979.2, 2602.0], [1979.25, 8718.0], [1979.4, 2210.0], [1979.5, 7405.0], [1979.55, 2970.0], [1979.65, 1281.0], [1979.7, 2896.0], [1979.75, 51.0], [1979.8, 2906.0], [1979.85, 5115.0], [1979.9, 2888.0], [1979.95, 20048.0], [1980.0, 13233.0], [1980.05, 7372.0], [1980.1, 18326.0], [1980.15, 3066.0], [1980.2, 1000.0], [1980.25, 386.0]]}}}
{"jsonrpc": "2.0", "method": "subscription", "params": {"channel": "book.ETH-PERPETUAL.none.20.100ms", "data": {"timestamp": 1772862903732, "change_id": 112344851274, "instrument_name": "ETH-PERPETUAL", "bids": [[1979.15, 7718.0], [1979.05, 2101.0], [1979.0, 21.0], [1978.95, 4687.0], [1978.9, 205.0], [1978.8, 1180.0], [1978.75, 3954.0], [1978.7, 1476.0], [1978.6, 4944.0], [1978.5, 2011.0], [1978.45, 13114.0], [1978.4, 21132.0], [1978.35, 2944.0], [1978.3, 1642.0], [1978.25, 3719.0], [1978.2, 763.0], [1978.1, 8302.0], [1978.05, 10000.0], [1978.0, 23131.0], [1977.95, 2881.0]], "asks": [[1979.2, 5936.0], [1979.25, 1698.0], [1979.3, 5687.0], [1979.4, 1315.0], [1979.5, 4405.0], [1979.55, 2970.0], [1979.6, 1247.0], [1979.65, 4281.0], [1979.7, 2896.0], [1979.75, 51.0], [1979.8, 2906.0], [1979.85, 5115.0], [1979.9, 2888.0], [1979.95, 40.0], [1980.0, 5264.0], [1980.1, 20550.0], [1980.15, 3066.0], [1980.25, 18170.0], [1980.3, 3905.0], [1980.35, 53.0]]}}}
{"jsonrpc": "2.0", "method": "subscription", "params": {"channel": "book.ETH-PERPETUAL.none.20.100ms", "data": {"timestamp": 1772862903985, "change_id": 112344851544, "instrument_name": "ETH-PERPETUAL", "bids": [[1979.15, 7820.0], [1979.05, 2101.0], [1979.0, 1985.0], [1978.95, 4687.0], [1978.9, 1000.0], [1978.75, 2954.0], [1978.7, 1476.0], [1978.6, 4944.0], [1978.5, 2011.0], [1978.45, 13114.0], [1978.4, 21132.0], [1978.35, 2944.0], [1978.3, 1642.0], [1978.25, 3719.0], [1978.2, 763.0], [1978.1, 14319.0], [1978.05, 9286.0], [1978.0, 3143.0], [1977.95, 22869.0], [1977.9, 17764.0]], "asks": [[1979.2, 218.0], [1979.25, 1698.0], [1979.3, 5687.0], [1979.35, 218.0], [1979.4, 2789.0], [1979.45, 5500.0], [1979.5, 4405.0], [1979.55, 2970.0], [1979.6, 1247.0], [1979.65, 1281.0], [1979.7, 2896.0], [1979.75, 3051.0], [1979.8, 2906.0], [1979.85, 5115.0], [1979.9, 2888.0], [1979.95, 40.0], [1980.0, 5264.0], [1980.1, 20550.0], [1980.15, 3066.0], [1980.2, 7123.0]]}}}
{"jsonrpc": "2.0", "method": "subscription", "params": {"channel": "book.ETH-PERPETUAL.none.20.100ms", "data": {"timestamp": 1772862904355, "change_id": 112344851790, "instrument_name": "ETH-PERPETUAL", "bids": [[1979.15, 7820.0], [1979.05, 2101.0], [1979.0, 1985.0], [1978.95, 4687.0], [1978.9, 1000.0], [1978.75, 2954.0], [1978.7, 1476.0], [1978.6, 4944.0], [1978.5, 5010.0], [1978.45, 10115.0], [1978.4, 22184.0], [1978.35, 2944.0], [1978.3, 1642.0], [1978.25, 3719.0], [1978.2, 763.0], [1978.1, 14319.0], [1978.05, 9286.0], [1978.0, 3143.0], [1977.95, 22869.0], [1977.9, 17764.0]], "asks": [[1979.2, 5718.0], [1979.25, 1698.0], [1979.3, 5687.0], [1979.35, 218.0], [1979.4, 1315.0], [1979.5, 4405.0], [1979.55, 2970.0], [1979.6, 1247.0], [1979.65, 1281.0], [1979.7, 2896.0], [1979.75, 3051.0], [1979.8, 2906.0], [1979.85, 5115.0], [1979.9, 2888.0], [1979.95, 40.0], [1980.0, 5264.0], [1980.1, 20550.0], [1980.15, 3066.0], [1980.2, 7123.0], [1980.25, 18170.0]]}}}
{"jsonrpc": "2.0", "method": "subscription", "params": {"channel": "book.ETH-PERPETUAL.none.20.100ms", "data": {"timestamp": 1772862904698, "change_id": 112344852328, "instrument_name": "ETH-PERPETUAL", "bids": [[1979.15, 7820.0], [1979.05, 2101.0], [1979.0, 1985.0], [1978.95, 4687.0], [1978.9, 1000.0], [1978.75, 2954.0], [1978.7, 1476.0], [1978.6, 4944.0], [1978.5, 2011.0], [1978.45, 13114.0], [1978.4, 22184.0], [1978.35, 2944.0], [1978.3, 1642.0], [1978.25, 3719.0], [1978.2, 763.0], [1978.1, 14319.0], [1978.05, 9286.0], [1978.0, 23131.0], [1977.95, 2881.0], [1977.9, 17764.0]], "asks": [[1979.25, 7198.0], [1979.3, 5687.0], [1979.35, 218.0], [1979.4, 1315.0], [1979.5, 4405.0], [1979.55, 2970.0], [1979.6, 1247.0], [1979.65, 4281.0], [1979.7, 2896.0], [1979.75, 51.0], [1979.8, 2906.0], [1979.85, 5115.0], [1979.9, 2888.0], [1979.95, 40.0], [1980.0, 5264.0], [1980.1, 20550.0], [1980.15, 3066.0], [1980.2, 7123.0], [1980.25, 18170.0], [1980.3, 3905.0]]}}}
{"jsonrpc": "2.0", "method": "subscription", "params": {"channel": "book.ETH-PERPETUAL.none.20.100ms", "data": {"timestamp": 1772862904980, "change_id": 112344852554, "instrument_name": "ETH-PERPETUAL", "bids": [[1979.15, 7820.0], [1979.05, 2101.0], [1979.0, 1985.0], [1978.95, 4687.0], [1978.9, 1000.0], [1978.75, 2954.0], [1978.7, 1476.0], [1978.6, 4944.0], [1978.5, 2011.0], [1978.45, 13114.0], [1978.4, 22184.0], [1978.35, 2944.0], [1978.3, 1642.0], [1978.25, 3719.0], [1978.2, 763.0], [1978.1, 14319.0], [1978.05, 9286.0], [1978.0, 3143.0], [1977.95, 22869.0], [1977.9, 17764.0]], "asks": [[1979.25, 7198.0], [1979.3, 5687.0], [1979.35, 218.0], [1979.4, 1315.0], [1979.5, 4405.0], [1979.55, 2970.0], [1979.6, 1247.0], [1979.65, 4281.0], [1979.7, 2896.0], [1979.75, 51.0], [1979.8, 2906.0], [1979.85, 5115.0], [1979.9, 2888.0], [1979.95, 40.0], [1980.0, 5264.0], [1980.1, 20550.0], [1980.15, 3066.0], [1980.2, 7123.0], [1980.25, 18170.0], [1980.3, 3905.0]]}}}
{"jsonrpc": "2.0", "method": "subscription", "params": {"channel": "book.ETH-PERPETUAL.none.20.100ms", "data": {"timestamp": 1772862905346, "change_id": 112344853196, "instrument_name": "ETH-PERPETUAL", "bids": [[1979.15, 7820.0], [1979.05, 2100.0], [1979.0, 1985.0], [1978.95, 4687.0], [1978.9, 1000.0], [1978.75, 2954.0], [1978.7, 1476.0], [1978.6, 4944.0], [1978.5, 2011.0], [1978.45, 13114.0], [1978.4, 22184.0], [1978.35, 2944.0], [1978.3, 1642.0], [1978.25, 3719.0], [1978.2, 763.0], [1978.1, 14319.0], [1978.05, 9286.0], [1978.0, 14050.0], [1977.95, 22869.0], [1977.9, 17764.0]], "asks": [[1979.2, 13320.0], [1979.25, 1698.0], [1979.3, 5687.0], [1979.35, 218.0], [1979.4, 1315.0], [1979.5, 4405.0], [1979.55, 2970.0], [1979.6, 1247.0], [1979.65, 4281.0], [1979.7, 2896.0], [1979.75, 51.0], [1979.8, 2906.0], [1979.85, 5115.0], [1979.9, 2888.0], [1979.95, 40.0], [1980.0, 25272.0], [1980.1, 542.0], [1980.15, 3066.0], [1980.2, 7123.0], [1980.25, 18170.0]]}}}
{"jsonrpc": "2.0", "method": "subscription", "params": {"channel": "book.ETH-PERPETUAL.none.20.100ms", "data": {"timestamp": 1772862905625, "change_id": 112344853501, "instrument_name": "ETH-PERPETUAL", "bids": [[1979.15, 7820.0], [1979.05, 2100.0], [1979.0, 1985.0], [1978.95, 4687.0], [1978.9, 1000.0], [1978.75, 2954.0], [1978.7, 1476.0], [1978.6, 4944.0], [1978.5, 2011.0], [1978.45, 13114.0], [1978.4, 22184.0], [1978.35, 2944.0], [1978.3, 1642.0], [1978.25, 3719.0], [1978.2, 763.0], [1978.1, 14319.0], [1978.05, 9286.0], [1978.0, 14050.0], [1977.95, 22869.0], [1977.9, 17764.0]], "asks": [[1979.2, 5500.0], [1979.25, 1698.0], [1979.3, 5687.0], [1979.35, 218.0], [1979.4, 1315.0], [1979.5, 4405.0], [1979.55, 2970.0], [1979.6, 1247.0], [1979.65, 4281.0], [1979.7, 2896.0], [1979.75, 51.0], [1979.8, 2906.0], [1979.85, 5115.0], [1979.9, 2888.0], [1979.95, 40.0], [1980.0, 5264.0], [1980.1, 20550.0], [1980.15, 3066.0], [1980.2, 7123.0], [1980.25, 18170.0]]}}}
{"jsonrpc": "2.0", "method": "subscription", "params": {"channel": "book.ETH-PERPETUAL.none.20.100ms", "data": {"timestamp": 1772862905985, "change_id": 112344853965, "instrument_name": "ETH-PERPETUAL", "bids": [[1979.15, 7718.0], [1979.1, 815.0], [1979.05, 2100.0], [1979.0, 1985.0], [1978.95, 4687.0], [1978.9, 1000.0], [1978.75, 2954.0], [1978.7, 1476.0], [1978.6, 4944.0], [1978.5, 2011.0], [1978.45, 21114.0], [1978.4, 22184.0], [1978.35, 2944.0], [1978.3, 1642.0], [1978.25, 3719.0], [1978.2, 763.0], [1978.1, 6319.0], [1978.05, 9286.0], [1978.0, 14050.0], [1977.95, 22869.0]], "asks": [[1979.2, 5500.0], [1979.25, 1698.0], [1979.3, 5687.0], [1979.35, 218.0], [1979.4, 1315.0], [1979.5, 4405.0], [1979.55, 2970.0], [1979.6, 1247.0], [1979.65, 4281.0], [1979.7, 2896.0], [1979.75, 51.0], [1979.8, 2906.0], [1979.85, 5115.0], [1979.9, 2888.0], [1979.95, 40.0], [1980.0, 5264.0], [1980.1, 38334.0], [1980.15, 3066.0], [1980.2, 7123.0], [1980.25, 386.0]]}}}
{"jsonrpc": "2.0", "method": "subscription", "params": {"channel": "book.ETH-PERPETUAL.none.20.100ms", "data": {"timestamp": 1772862906209, "change_id": 112344854332, "instrument_name": "ETH-PERPETUAL", "bids": [[1979.15, 7718.0], [1979.1, 435.0], [1979.05, 2100.0], [1979.0, 1985.0], [1978.95, 4687.0], [1978.9, 1000.0], [1978.75, 2954.0], [1978.7, 1476.0], [1978.6, 4944.0], [1978.5, 2011.0], [1978.45, 13114.0], [1978.4, 22184.0], [1978.35, 2944.0], [1978.3, 1642.0], [1978.25, 3719.0], [1978.2, 763.0], [1978.1, 6319.0], [1978.05, 9286.0], [1978.0, 14050.0], [1977.95, 22869.0]], "asks": [[1979.2, 5500.0], [1979.25, 1698.0], [1979.3, 5687.0], [1979.35, 218.0], [1979.4, 1315.0], [1979.5, 4405.0], [1979.55, 2970.0], [1979.6, 1247.0], [1979.65, 4281.0], [1979.7, 2896.0], [1979.75, 51.0], [1979.8, 2906.0], [1979.85, 5115.0], [1979.9, 2888.0], [1979.95, 40.0], [1980.0, 16707.0], [1980.05, 20008.0], [1980.1, 17792.0], [1980.15, 3066.0], [1980.2, 7123.0]]}}}
{"jsonrpc": "2.0", "method": "subscription", "params": {"channel": "book.ETH-PERPETUAL.none.20.100ms", "data": {"timestamp": 1772862906508, "change_id": 112344854609, "instrument_name": "ETH-PERPETUAL", "bids": [[1979.15, 7718.0], [1979.1, 815.0], [1979.05, 2100.0], [1979.0, 1985.0], [1978.95, 4687.0], [1978.9, 1000.0], [1978.75, 2954.0], [1978.7, 1476.0], [1978.6, 5689.0], [1978.55, 763.0], [1978.5, 2011.0], [1978.45, 13114.0], [1978.4, 22184.0], [1978.35, 2944.0], [1978.3, 1642.0], [1978.25, 2974.0], [1978.1, 6322.0], [1978.05, 9286.0], [1978.0, 14050.0], [1977.95, 22869.0]], "asks": [[1979.2, 5500.0], [1979.25, 1698.0], [1979.3, 5687.0], [1979.35, 218.0], [1979.4, 1315.0], [1979.5, 4405.0], [1979.55, 2970.0], [1979.6, 1247.0], [1979.65, 4281.0], [1979.7, 2896.0], [1979.75, 51.0], [1979.8, 2906.0], [1979.85, 5115.0], [1979.9, 2888.0], [1979.95, 40.0], [1980.0, 16707.0], [1980.05, 20008.0], [1980.1, 17792.0], [1980.15, 3066.0], [1980.2, 7123.0]]}}}
{"jsonrpc": "2.0", "method": "subscription", "params": {"channel": "book.ETH-PERPETUAL.none.20.100ms", "data": {"timestamp": 1772862907015, "change_id": 112344855267, "instrument_name": "ETH-PERPETUAL", "bids": [[1979.15, 7718.0], [1979.1, 815.0], [1979.05, 2100.0], [1979.0, 1985.0], [1978.95, 4687.0], [1978.9, 1000.0], [1978.75, 2954.0], [1978.7, 1476.0], [1978.6, 5689.0], [1978.55, 763.0], [1978.5, 2011.0], [1978.45, 13114.0], [1978.4, 22184.0], [1978.35, 2944.0], [1978.3, 1642.0], [1978.25, 2974.0], [1978.1, 6322.0], [1978.05, 17286.0], [1978.0, 14050.0], [1977.95, 22869.0]], "asks": [[1979.2, 5500.0], [1979.25, 1698.0], [1979.3, 5687.0], [1979.35, 218.0], [1979.4, 1315.0], [1979.5, 4405.0], [1979.55, 2970.0], [1979.6, 1247.0], [1979.65, 4281.0], [1979.7, 2896.0], [1979.75, 51.0], [1979.8, 2906.0], [1979.85, 5115.0], [1979.9, 2888.0], [1979.95, 40.0], [1980.0, 5264.0], [1980.1, 20016.0], [1980.15, 20850.0], [1980.2, 7123.0], [1980.25, 386.0]]}}}
{"jsonrpc": "2.0", "method": "subscription", "params": {"channel": "book.ETH-PERPETUAL.none.20.100ms", "data": {"timestamp": 1772862907347, "change_id": 112344855399, "instrument_name": "ETH-PERPETUAL", "bids": [[1979.15, 7820.0], [1979.05, 2100.0], [1979.0, 1985.0], [1978.95, 4687.0], [1978.9, 1000.0], [1978.75, 2954.0], [1978.7, 1476.0], [1978.6, 5689.0], [1978.55, 763.0], [1978.5, 2011.0], [1978.45, 13114.0], [1978.4, 22184.0], [1978.35, 2944.0], [1978.3, 1642.0], [1978.25, 2974.0], [1978.1, 10479.0], [1978.05, 17286.0], [1978.0, 14050.0], [1977.95, 22869.0], [1977.9, 20416.0]], "asks": [[1979.2, 5500.0], [1979.25, 1698.0], [1979.3, 5687.0], [1979.35, 218.0], [1979.4, 1315.0], [1979.5, 4405.0], [1979.55, 2970.0], [1979.6, 1247.0], [1979.65, 1281.0], [1979.7, 2896.0], [1979.75, 3051.0], [1979.8, 2906.0], [1979.85, 5115.0], [1979.9, 2888.0], [1979.95, 40.0], [1980.0, 5264.0], [1980.1, 28366.0], [1980.15, 20850.0], [1980.2, 7123.0], [1980.25, 386.0]]}}}
{"jsonrpc": "2.0", "method": "subscription", "params": {"channel": "book.ETH-PERPETUAL.none.20.100ms", "data": {"timestamp": 1772862907683, "change_id": 112344856449, "instrument_name": "ETH-PERPETUAL", "bids": [[1979.4, 5602.0], [1979.35, 2000.0], [1979.3, 2000.0], [1979.25, 2687.0], [1979.2, 205.0], [1979.15, 2000.0], [1979.05, 3100.0], [1979.0, 1795.0], [1978.95, 4943.0], [1978.9, 763.0], [1978.75, 2954.0], [1978.65, 2999.0], [1978.6, 5689.0], [1978.5, 2011.0], [1978.45, 10115.0], [1978.4, 22184.0], [1978.35, 2944.0], [1978.3, 1642.0], [1978.25, 2974.0], [1978.1, 30467.0]], "asks": [[1979.45, 8500.0], [1979.5, 218.0], [1979.55, 26.0], [1979.6, 1247.0], [1979.65, 3968.0], [1979.7, 4218.0], [1979.75, 1522.0], [1979.8, 6324.0], [1979.85, 5115.0], [1979.9, 7405.0], [1979.95, 3040.0], [1980.0, 4806.0], [1980.1, 8.0], [1980.15, 3066.0], [1980.25, 20394.0], [1980.3, 2905.0], [1980.35, 17837.0], [1980.4, 2957.0], [1980.5, 3936.0], [1980.55, 5000.0]]}}}
{"jsonrpc": "2.0", "method": "subscription", "params": {"channel": "book.ETH-PERPETUAL.none.20.100ms", "data": {"timestamp": 1772862908010, "change_id": 112344856780, "instrument_name": "ETH-PERPETUAL", "bids": [[1979.4, 5602.0], [1979.35, 2000.0], [1979.3, 2000.0], [1979.25, 2687.0], [1979.2, 205.0], [1979.15, 2000.0], [1979.05, 3100.0], [1979.0, 1795.0], [1978.95, 4943.0], [1978.9, 763.0], [1978.75, 2954.0], [1978.65, 2999.0], [1978.6, 5689.0], [1978.5, 2011.0], [1978.45, 10115.0], [1978.4, 22184.0], [1978.35, 2944.0], [1978.3, 1642.0], [1978.25, 2974.0], [1978.15, 27988.0]], "asks": [[1979.45, 8500.0], [1979.5, 218.0], [1979.55, 26.0], [1979.6, 1247.0], [1979.65, 3968.0], [1979.7, 4218.0], [1979.75, 1522.0], [1979.8, 6324.0], [1979.85, 5115.0], [1979.9, 7405.0], [1979.95, 3040.0], [1980.0, 4806.0], [1980.1, 8.0], [1980.15, 3066.0], [1980.25, 20394.0], [1980.3, 2905.0], [1980.35, 17837.0], [1980.4, 3415.0], [1980.5, 3936.0], [1980.55, 5000.0]]}}}
{"jsonrpc": "2.0", "method": "subscription", "params": {"channel": "book.ETH-PERPETUAL.none.20.100ms", "data": {"timestamp": 1772862908150, "change_id": 112344856805, "instrument_name": "ETH-PERPETUAL", "bids": [[1979.4, 5602.0], [1979.35, 2000.0], [1979.3, 2000.0], [1979.25, 2687.0], [1979.2, 205.0], [1979.15, 2000.0], [1979.05, 3100.0], [1979.0, 1795.0], [1978.95, 4943.0], [1978.9, 763.0], [1978.75, 2954.0], [1978.65, 2999.0], [1978.6, 5689.0], [1978.5, 2011.0], [1978.45, 10115.0], [1978.4, 22184.0], [1978.35, 2944.0], [1978.3, 1642.0], [1978.25, 2974.0], [1978.15, 27988.0]], "asks": [[1979.45, 8500.0], [1979.5, 218.0], [1979.55, 26.0], [1979.6, 1247.0], [1979.65, 3968.0], [1979.7, 6087.0], [1979.75, 8352.0], [1979.8, 6324.0], [1979.85, 5115.0], [1979.9, 7405.0], [1979.95, 3040.0], [1980.0, 4806.0], [1980.1, 8.0], [1980.15, 3066.0], [1980.25, 20394.0], [1980.3, 2905.0], [1980.35, 17837.0], [1980.4, 3415.0], [1980.5, 3936.0], [1980.55, 5000.0]]}}}
{"jsonrpc": "2.0", "method": "subscription", "params": {"channel": "book.ETH-PERPETUAL.none.20.100ms", "data": {"timestamp": 1772862908649, "change_id": 112344857296, "instrument_name": "ETH-PERPETUAL", "bids": [[1979.4, 5500.0], [1979.35, 2000.0], [1979.3, 2811.0], [1979.25, 2687.0], [1979.2, 205.0], [1979.15, 2000.0], [1979.05, 3100.0], [1979.0, 1795.0], [1978.95, 4943.0], [1978.9, 763.0], [1978.75, 5953.0], [1978.6, 5689.0], [1978.5, 2011.0], [1978.45, 10115.0], [1978.4, 22184.0], [1978.35, 2944.0], [1978.3, 1642.0], [1978.25, 2974.0], [1978.15, 27988.0], [1978.1, 14654.0]], "asks": [[1979.45, 8500.0], [1979.5, 218.0], [1979.55, 26.0], [1979.6, 1247.0], [1979.65, 3968.0], [1979.7, 6087.0], [1979.75, 8352.0], [1979.8, 6324.0], [1979.85, 5115.0], [1979.9, 7405.0], [1979.95, 3040.0], [1980.0, 4806.0], [1980.1, 8.0], [1980.15, 3066.0], [1980.2, 6955.0], [1980.25, 20394.0], [1980.3, 2905.0], [1980.35, 17837.0], [1980.4, 3415.0], [1980.5, 3936.0]]}}}
{"jsonrpc": "2.0", "method": "subscription", "params": {"channel": "book.ETH-PERPETUAL.none.20.100ms", "data": {"timestamp": 1772862908970, "change_id": 112344857619, "instrument_name": "ETH-PERPETUAL", "bids": [[1979.4, 5500.0], [1979.35, 2000.0], [1979.3, 2811.0], [1979.25, 2687.0], [1979.2, 205.0], [1979.15, 2000.0], [1979.05, 3100.0], [1979.0, 1795.0], [1978.95, 4943.0], [1978.9, 763.0], [1978.75, 2954.0], [1978.65, 2999.0], [1978.6, 5689.0], [1978.5, 2011.0], [1978.45, 10115.0], [1978.4, 22184.0], [1978.35, 2944.0], [1978.3, 1642.0], [1978.25, 2974.0], [1978.15, 27988.0]], "asks": [[1979.45, 8500.0], [1979.5, 218.0], [1979.55, 26.0], [1979.6, 1247.0], [1979.65, 3968.0], [1979.7, 6087.0], [1979.75, 8352.0], [1979.8, 6324.0], [1979.85, 5115.0], [1979.9, 7405.0], [1979.95, 3040.0], [1980.0, 4806.0], [1980.1, 8.0], [1980.15, 3066.0], [1980.2, 6955.0], [1980.25, 20394.0], [1980.3, 2905.0], [1980.35, 17837.0], [1980.4, 3415.0], [1980.5, 3936.0]]}}}
{"jsonrpc": "2.0", "method": "subscription", "params": {"channel": "book.ETH-PERPETUAL.none.20.100ms", "data": {"timestamp": 1772862909141, "change_id": 112344857861, "instrument_name": "ETH-PERPETUAL", "bids": [[1979.4, 5500.0], [1979.35, 2000.0], [1979.3, 2811.0], [1979.25, 2687.0], [1979.2, 205.0], [1979.15, 2000.0], [1979.05, 3100.0], [1979.0, 1795.0], [1978.95, 4943.0], [1978.9, 763.0], [1978.75, 2954.0], [1978.65, 2999.0], [1978.6, 5689.0], [1978.5, 2011.0], [1978.45, 10115.0], [1978.4, 22184.0], [1978.35, 2944.0], [1978.3, 1642.0], [1978.25, 2974.0], [1978.15, 27988.0]], "asks": [[1979.45, 8500.0], [1979.5, 218.0], [1979.55, 26.0], [1979.6, 1247.0], [1979.65, 3968.0], [1979.7, 6087.0], [1979.75, 8352.0], [1979.8, 6324.0], [1979.85, 5115.0], [1979.9, 7405.0], [1979.95, 3040.0], [1980.0, 4806.0], [1980.1, 8.0], [1980.15, 3066.0], [1980.2, 6955.0], [1980.25, 20394.0], [1980.3, 2905.0], [1980.35, 17837.0], [1980.4, 3415.0], [1980.5, 3936.0]]}}}
{"jsonrpc": "2.0", "method": "subscription", "params": {"channel": "book.ETH-PERPETUAL.none.20.100ms", "data": {"timestamp": 1772862909648, "change_id": 112344858308, "instrument_name": "ETH-PERPETUAL", "bids": [[1979.4, 5500.0], [1979.35, 2000.0], [1979.3, 2811.0], [1979.25, 2687.0], [1979.2, 205.0], [1979.15, 2000.0], [1979.05, 3100.0], [1979.0, 1795.0], [1978.95, 4943.0], [1978.9, 763.0], [1978.75, 5953.0], [1978.6, 5689.0], [1978.5, 2011.0], [1978.45, 10115.0], [1978.4, 22184.0], [1978.35, 2944.0], [1978.3, 1642.0], [1978.25, 2974.0], [1978.15, 27988.0], [1978.1, 14654.0]], "asks": [[1979.45, 8500.0], [1979.5, 218.0], [1979.55, 26.0], [1979.6, 1247.0], [1979.65, 3968.0], [1979.7, 6087.0], [1979.75, 8352.0], [1979.8, 6324.0], [1979.85, 5115.0], [1979.9, 7405.0], [1979.95, 3040.0], [1980.0, 4806.0], [1980.1, 8.0], [1980.15, 3066.0], [1980.2, 6955.0], [1980.25, 20394.0], [1980.3, 9249.0], [1980.35, 17837.0], [1980.4, 3415.0], [1980.45, 534.0]]}}}
{"jsonrpc": "2.0", "method": "subscription", "params": {"channel": "book.ETH-PERPETUAL.none.20.100ms", "data": {"timestamp": 1772862909800, "change_id": 112344858602, "instrument_name": "ETH-PERPETUAL", "bids": [[1979.4, 5500.0], [1979.35, 2000.0], [1979.3, 2811.0], [1979.25, 2687.0], [1979.2, 205.0], [1979.15, 2000.0], [1979.05, 3100.0], [1979.0, 1795.0], [1978.95, 4943.0], [1978.9, 763.0], [1978.75, 2954.0], [1978.65, 2999.0], [1978.6, 5689.0], [1978.5, 2011.0], [1978.45, 10115.0], [1978.4, 22184.0], [1978.35, 2944.0], [1978.3, 1642.0], [1978.25, 2974.0], [1978.15, 27988.0]], "asks": [[1979.45, 8500.0], [1979.5, 218.0], [1979.55, 26.0], [1979.6, 1247.0], [1979.65, 3968.0], [1979.7, 6087.0], [1979.75, 8352.0], [1979.8, 6324.0], [1979.85, 5115.0], [1979.9, 7405.0], [1979.95, 3040.0], [1980.0, 4806.0], [1980.1, 8.0], [1980.15, 3066.0], [1980.2, 6955.0], [1980.25, 20394.0], [1980.3, 9249.0], [1980.35, 17837.0], [1980.4, 3415.0], [1980.45, 534.0]]}}}
{"jsonrpc": "2.0", "method": "subscription", "params": {"channel": "book.ETH-PERPETUAL.none.20.100ms", "data": {"timestamp": 1772862910306, "change_id": 112344858928, "instrument_name": "ETH-PERPETUAL", "bids": [[1979.4, 5500.0], [1979.35, 2000.0], [1979.3, 2811.0], [1979.2, 1604.0], [1979.15, 2000.0], [1979.1, 2687.0], [1979.05, 3100.0], [1979.0, 1795.0], [1978.95, 4943.0], [1978.75, 2954.0], [1978.65, 2999.0], [1978.6, 5689.0], [1978.5, 2011.0], [1978.45, 10115.0], [1978.4, 22184.0], [1978.35, 2944.0], [1978.3, 1642.0], [1978.25, 2974.0], [1978.15, 27988.0], [1978.1, 14654.0]], "asks": [[1979.45, 8500.0], [1979.5, 218.0], [1979.55, 26.0], [1979.6, 1247.0], [1979.65, 3968.0], [1979.7, 6087.0], [1979.75, 8352.0], [1979.8, 6324.0], [1979.85, 5115.0], [1979.9, 7405.0], [1979.95, 40.0], [1980.0, 4806.0], [1980.1, 3008.0], [1980.15, 3066.0], [1980.2, 6955.0], [1980.25, 20394.0], [1980.3, 9249.0], [1980.35, 17837.0], [1980.4, 3415.0], [1980.45, 534.0]]}}}
{"jsonrpc": "2.0", "method": "subscription", "params": {"channel": "book.ETH-PERPETUAL.none.20.100ms", "data": {"timestamp": 1772862910610, "change_id": 112344859284, "instrument_name": "ETH-PERPETUAL", "bids": [[1979.4, 5500.0], [1979.35, 2000.0], [1979.3, 2811.0], [1979.2, 1604.0], [1979.15, 2000.0], [1979.1, 2687.0], [1979.05, 3100.0], [1979.0, 1795.0], [1978.95, 4943.0], [1978.75, 2954.0], [1978.7, 2593.0], [1978.65, 3762.0], [1978.6, 5689.0], [1978.5, 2011.0], [1978.45, 10115.0], [1978.4, 22184.0], [1978.35, 2944.0], [1978.3, 1642.0], [1978.25, 2974.0], [1978.2, 8000.0]], "asks": [[1979.45, 8500.0], [1979.5, 218.0], [1979.55, 26.0], [1979.6, 1247.0], [1979.65, 3968.0], [1979.7, 6087.0], [1979.75, 8352.0], [1979.8, 6324.0], [1979.85, 5115.0], [1979.9, 7405.0], [1979.95, 3040.0], [1980.0, 4806.0], [1980.1, 8.0], [1980.15, 3066.0], [1980.2, 6955.0], [1980.25, 20394.0], [1980.3, 9249.0], [1980.35, 17837.0], [1980.4, 3415.0], [1980.45, 1709.0]]}}}
{"jsonrpc": "2.0", "method": "subscription", "params": {"channel": "book.ETH-PERPETUAL.none.20.100ms", "data": {"timestamp": 1772862911031, "change_id": 112344859778, "instrument_name": "ETH-PERPETUAL", "bids": [[1979.4, 5500.0], [1979.35, 2000.0], [1979.3, 2811.0], [1979.2, 1604.0], [1979.15, 2000.0], [1979.1, 2687.0], [1979.05, 3100.0], [1979.0, 1795.0], [1978.95, 4943.0], [1978.75, 2954.0], [1978.7, 5592.0], [1978.65, 763.0], [1978.6, 5689.0], [1978.5, 2011.0], [1978.45, 10115.0], [1978.4, 22184.0], [1978.35, 2944.0], [1978.3, 1642.0], [1978.25, 2974.0], [1978.2, 8000.0]], "asks": [[1979.45, 8500.0], [1979.5, 218.0], [1979.55, 26.0], [1979.6, 1247.0], [1979.65, 3968.0], [1979.7, 6087.0], [1979.75, 8352.0], [1979.8, 6324.0], [1979.85, 5115.0], [1979.9, 7405.0], [1979.95, 3040.0], [1980.0, 4806.0], [1980.1, 8.0], [1980.15, 3066.0], [1980.2, 6955.0], [1980.25, 20394.0], [1980.3, 9249.0], [1980.35, 17837.0], [1980.4, 3415.0], [1980.45, 1709.0]]}}}
{"jsonrpc": "2.0", "method": "subscription", "params": {"channel": "book.ETH-PERPETUAL.none.20.100ms", "data": {"timestamp": 1772862911231, "change_id": 112344859867, "instrument_name": "ETH-PERPETUAL", "bids": [[1979.4, 5500.0], [1979.35, 2000.0], [1979.3, 2000.0], [1979.2, 1604.0], [1979.15, 2000.0], [1979.1, 2687.0], [1979.05, 3100.0], [1979.0, 1795.0], [1978.95, 4943.0], [1978.75, 2954.0], [1978.7, 2999.0], [1978.65, 763.0], [1978.6, 5689.0], [1978.5, 2011.0], [1978.45, 10115.0], [1978.4, 22184.0], [1978.35, 2944.0], [1978.3, 1642.0], [1978.25, 2974.0], [1978.2, 8000.0]], "asks": [[1979.45, 8500.0], [1979.5, 218.0], [1979.55, 26.0], [1979.6, 1247.0], [1979.65, 3968.0], [1979.7, 6087.0], [1979.75, 8352.0], [1979.8, 6324.0], [1979.85, 5115.0], [1979.9, 7405.0], [1979.95, 3040.0], [1980.0, 4806.0], [1980.1, 8.0], [1980.15, 3066.0], [1980.2, 6955.0], [1980.25, 20394.0], [1980.3, 9249.0], [1980.35, 17837.0], [1980.4, 3415.0], [1980.45, 1709.0]]}}}
