{"jsonrpc": "2.0", "id": 1, "result": ["book.ETH-PERPETUAL.none.20.100ms"], "usIn": 1762614694696365, "usOut": 1762614694696551, "usDiff": 186, "testnet": false}
{"jsonrpc": "2.0", "method": "subscription", "params": {"channel": "book.ETH-PERPETUAL.none.20.100ms", "data": {"timestamp": 1762614694689, "change_id": 95768620863, "instrument_name": "ETH-PERPETUAL", "bids": [[3398.15, 47973.0], [3398.0, 3148.0], [3397.95, 11100.0], [3397.9, 3313.0], [3397.85, 11100.0], [3397.8, 3755.0], [3397.75, 11100.0], [3397.7, 1479.0], [3397.4, 1480.0], [3397.3, 11470.0], [3397.2, 46609.0], [3397.15, 18364.0], [3397.05, 11543.0], [3396.95, 53670.0], [3396.75, 4556.0], [3396.7, 11819.0], [3396.65, 3364.0], [3396.6, 80.0], [3396.55, 1024.0], [3396.5, 3432.0]], "asks": [[3398.2, 5945.0], [3398.5, 7463.0], [3398.55, 26294.0], [3398.7, 4335.0], [3398.85, 1680.0], [3398.9, 23129.0], [3398.95, 23452.0], [3399.0, 1003.0], [3399.1, 3361.0], [3399.3, 1003.0], [3399.35, 3361.0], [3399.5, 1005.0], [3399.55, 3367.0], [3399.65, 7568.0], [3399.7, 25354.0], [3399.75, 1008.0], [3399.8, 3376.0], [3399.95, 1237.0], [3400.0, 3473.0], [3400.05, 1006.0]]}}}
{"jsonrpc": "2.0", "method": "subscription", "params": {"channel": "book.ETH-PERPETUAL.none.20.100ms", "data": {"timestamp": 1762614694773, "change_id": 95768620959, "instrument_name": "ETH-PERPETUAL", "bids": [[3398.15, 47973.0], [3398.0, 3148.0], [3397.95, 11100.0], [3397.9, 3313.0], [3397.85, 11100.0], [3397.8, 8090.0], [3397.75, 11100.0], [3397.7, 1479.0], [3397.4, 1480.0], [3397.3, 11470.0], [3397.2, 46609.0], [3397.15, 18364.0], [3397.05, 11543.0], [3396.95, 53670.0], [3396.75, 4556.0], [3396.7, 11819.0], [3396.65, 3364.0], [3396.6, 80.0], [3396.55, 1024.0], [3396.5, 3432.0]], "asks": [[3398.2, 5228.0], [3398.5, 7463.0], [3398.55, 26294.0], [3398.7, 4335.0], [3398.85, 1680.0], [3398.9, 23129.0], [3398.95, 23452.0], [3399.0, 1003.0], [3399.1, 3361.0], [3399.3, 1003.0], [3399.35, 3361.0], [3399.5, 1005.0], [3399.55, 3367.0], [3399.65, 7568.0], [3399.7, 25354.0], [3399.75, 1008.0], [3399.8, 3376.0], [3399.95, 1237.0], [3400.0, 3473.0], [3400.05, 1006.0]]}}}
{"jsonrpc": "2.0", "method": "subscription", "params": {"channel": "book.ETH-PERPETUAL.none.20.100ms", "data": {"timestamp": 1762614695068, "change_id": 95768621317, "instrument_name": "ETH-PERPETUAL", "bids": [[3398.15, 47973.0], [3398.0, 3148.0], [3397.95, 11100.0], [3397.9, 3313.0], [3397.85, 11100.0], [3397.8, 8090.0], [3397.75, 11100.0], [3397.7, 1479.0], [3397.4, 1480.0], [3397.3, 11470.0], [3397.2, 46609.0], [3397.15, 18364.0], [3397.05, 11543.0], [3396.95, 53670.0], [3396.75, 4556.0], [3396.7, 11819.0], [3396.65, 3364.0], [3396.6, 80.0], [3396.55, 1024.0], [3396.5, 3432.0]], "asks": [[3398.2, 6098.0], [3398.5, 7463.0], [3398.55, 26294.0], [3398.7, 4335.0], [3398.85, 1680.0], [3398.9, 23129.0], [3398.95, 23452.0], [3399.0, 1003.0], [3399.1, 3361.0], [3399.3, 1003.0], [3399.35, 3361.0], [3399.5, 1005.0], [3399.55, 3367.0], [3399.65, 7568.0], [3399.7, 25354.0], [3399.75, 1008.0], [3399.8, 3376.0], [3399.95, 1237.0], [3400.0, 3473.0], [3400.05, 1006.0]]}}}
{"jsonrpc": "2.0", "method": "subscription", "params": {"channel": "book.ETH-PERPETUAL.none.20.100ms", "data": {"timestamp": 1762614695454, "change_id": 95768621436, "instrument_name": "ETH-PERPETUAL", "bids": [[3398.15, 47973.0], [3398.0, 3148.0], [3397.95, 11100.0], [3397.9, 3313.0], [3397.85, 11100.0], [3397.8, 8090.0], [3397.75, 11100.0], [3397.7, 1479.0], [3397.4, 1480.0], [3397.3, 11470.0], [3397.2, 46609.0], [3397.15, 18364.0], [3397.05, 11543.0], [3396.95, 53670.0], [3396.75, 4556.0], [3396.7, 11819.0], [3396.65, 3364.0], [3396.6, 80.0], [3396.55, 1024.0], [3396.5, 3432.0]], "asks": [[3398.2, 5511.0], [3398.5, 7463.0], [3398.55, 26294.0], [3398.7, 4335.0], [3398.85, 2005.0], [3398.9, 23129.0], [3398.95, 23452.0], [3399.0, 1003.0], [3399.1, 3361.0], [3399.3, 1003.0], [3399.35, 3361.0], [3399.5, 1005.0], [3399.55, 3367.0], [3399.75, 1008.0], [3399.8, 3376.0], [3399.95, 1237.0], [3400.0, 3473.0], [3400.05, 1006.0], [3400.2, 3370.0], [3400.35, 1006.0]]}}}
{"jsonrpc": "2.0", "method": "subscription", "params": {"channel": "book.ETH-PERPETUAL.none.20.100ms", "data": {"timestamp": 1762614695783, "change_id": 95768622313, "instrument_name": "ETH-PERPETUAL", "bids": [[3398.15, 47973.0], [3398.05, 4335.0], [3398.0, 3148.0], [3397.95, 11100.0], [3397.9, 3313.0], [3397.85, 11100.0], [3397.8, 3755.0], [3397.75, 11100.0], [3397.45, 17773.0], [3397.4, 5969.0], [3397.35, 19997.0], [3397.3, 6307.0], [3397.2, 8839.0], [3397.15, 18364.0], [3397.05, 5482.0], [3396.95, 18364.0], [3396.65, 3364.0], [3396.6, 80.0], [3396.5, 36.0], [3396.35, 1004.0]], "asks": [[3398.2, 400.0], [3398.85, 29478.0], [3398.9, 15000.0], [3399.0, 1592.0], [3399.05, 4335.0], [3399.3, 1003.0], [3399.35, 3361.0], [3399.45, 1682.0], [3399.5, 1005.0], [3399.55, 3367.0], [3399.65, 7567.0], [3399.7, 25350.0], [3399.75, 1008.0], [3399.8, 3376.0], [3399.95, 1237.0], [3400.0, 3473.0], [3400.05, 1006.0], [3400.2, 3370.0], [3400.35, 1006.0], [3400.45, 3371.0]]}}}
{"jsonrpc": "2.0", "method": "subscription", "params": {"channel": "book.ETH-PERPETUAL.none.20.100ms", "data": {"timestamp": 1762614696114, "change_id": 95768623068, "instrument_name": "ETH-PERPETUAL", "bids": [[3398.8, 44239.0], [3398.35, 1433.0], [3398.25, 4800.0], [3398.15, 2854.0], [3398.1, 5049.0], [3398.05, 4335.0], [3397.95, 12580.0], [3397.9, 6679.0], [3397.85, 11100.0], [3397.8, 7117.0], [3397.75, 11100.0], [3397.6, 9335.0], [3397.5, 40369.0], [3397.45, 68079.0], [3397.2, 1004.0], [3397.15, 3364.0], [3397.05, 5482.0], [3396.95, 18364.0], [3396.8, 1014.0], [3396.75, 3396.0]], "asks": [[3398.85, 41200.0], [3399.0, 1592.0], [3399.05, 4335.0], [3399.3, 1003.0], [3399.35, 3361.0], [3399.45, 1682.0], [3399.5, 1005.0], [3399.55, 3367.0], [3399.65, 7567.0], [3399.7, 25350.0], [3399.75, 1008.0], [3399.8, 3376.0], [3399.95, 1037.0], [3400.0, 3473.0], [3400.05, 1006.0], [3400.2, 3370.0], [3400.35, 1006.0], [3400.45, 3371.0], [3400.5, 1295.0], [3400.6, 3370.0]]}}}
{"jsonrpc": "2.0", "method": "subscription", "params": {"channel": "book.ETH-PERPETUAL.none.20.100ms", "data": {"timestamp": 1762614696426, "change_id": 95768623524, "instrument_name": "ETH-PERPETUAL", "bids": [[3398.8, 39239.0], [3398.75, 5000.0], [3398.15, 2854.0], [3398.1, 5049.0], [3398.05, 4335.0], [3397.95, 12580.0], [3397.9, 6679.0], [3397.85, 11100.0], [3397.8, 3362.0], [3397.6, 9335.0], [3397.5, 40369.0], [3397.45, 68079.0], [3397.2, 1004.0], [3397.15, 3364.0], [3397.05, 5482.0], [3396.95, 18444.0], [3396.8, 1014.0], [3396.75, 3396.0], [3396.7, 1028.0], [3396.65, 3364.0]], "asks": [[3398.85, 53015.0], [3399.0, 1592.0], [3399.05, 4335.0], [3399.3, 1003.0], [3399.35, 3361.0], [3399.45, 1682.0], [3399.5, 1005.0], [3399.55, 3367.0], [3399.65, 7567.0], [3399.7, 25350.0], [3399.75, 1008.0], [3399.8, 3376.0], [3399.95, 1037.0], [3400.0, 3473.0], [3400.05, 1006.0], [3400.2, 3370.0], [3400.35, 1006.0], [3400.45, 3371.0], [3400.5, 1295.0], [3400.6, 3370.0]]}}}
{"jsonrpc": "2.0", "method": "subscription", "params": {"channel": "book.ETH-PERPETUAL.none.20.100ms", "data": {"timestamp": 1762614696734, "change_id": 95768624155, "instrument_name": "ETH-PERPETUAL", "bids": [[3398.8, 39139.0], [3398.75, 5000.0], [3398.15, 2854.0], [3398.1, 5049.0], [3398.05, 4335.0], [3397.95, 12580.0], [3397.9, 6679.0], [3397.85, 11100.0], [3397.8, 3362.0], [3397.6, 9335.0], [3397.5, 40369.0], [3397.45, 68079.0], [3397.2, 1004.0], [3397.15, 3364.0], [3397.05, 5482.0], [3396.95, 18444.0], [3396.8, 1014.0], [3396.75, 3396.0], [3396.7, 1028.0], [3396.65, 3364.0]], "asks": [[3398.85, 52948.0], [3399.0, 1592.0], [3399.05, 4335.0], [3399.3, 1003.0], [3399.35, 3361.0], [3399.45, 1682.0], [3399.5, 1005.0], [3399.55, 3367.0], [3399.65, 7567.0], [3399.7, 25350.0], [3399.75, 1008.0], [3399.8, 3376.0], [3399.95, 1037.0], [3400.0, 3473.0], [3400.05, 1006.0], [3400.2, 3370.0], [3400.35, 1006.0], [3400.45, 3371.0], [3400.5, 1295.0], [3400.6, 3370.0]]}}}
{"jsonrpc": "2.0", "method": "subscription", "params": {"channel": "book.ETH-PERPETUAL.none.20.100ms", "data": {"timestamp": 1762614697106, "change_id": 95768624833, "instrument_name": "ETH-PERPETUAL", "bids": [[3398.4, 19244.0], [3398.15, 2854.0], [3397.95, 1480.0], [3397.9, 3313.0], [3397.85, 11100.0], [3397.8, 4335.0], [3397.65, 1005.0], [3397.6, 3366.0], [3397.5, 11274.0], [3397.45, 53666.0], [3397.25, 5305.0], [3397.2, 18777.0], [3397.15, 3364.0], [3397.1, 19997.0], [3397.05, 5482.0], [3396.95, 18364.0], [3396.7, 1028.0], [3396.65, 3364.0], [3396.55, 80.0], [3396.5, 36.0]], "asks": [[3398.45, 11011.0], [3398.75, 4335.0], [3398.8, 16332.0], [3398.85, 47781.0], [3399.25, 7001.0], [3399.3, 24457.0], [3399.35, 3361.0], [3399.45, 1682.0], [3399.5, 1005.0], [3399.55, 3367.0], [3399.65, 7567.0], [3399.7, 25350.0], [3399.75, 1008.0], [3399.8, 3376.0], [3399.95, 1037.0], [3400.0, 3473.0], [3400.05, 1006.0], [3400.2, 3370.0], [3400.35, 1006.0], [3400.45, 3371.0]]}}}
{"jsonrpc": "2.0", "method": "subscription", "params": {"channel": "book.ETH-PERPETUAL.none.20.100ms", "data": {"timestamp": 1762614697431, "change_id": 95768625158, "instrument_name": "ETH-PERPETUAL", "bids": [[3398.4, 24344.0], [3398.15, 2854.0], [3398.05, 4335.0], [3398.0, 3755.0], [3397.95, 12580.0], [3397.9, 3313.0], [3397.85, 11100.0], [3397.65, 11404.0], [3397.6, 3366.0], [3397.55, 17773.0], [3397.5, 31271.0], [3397.45, 53666.0], [3397.2, 1004.0], [3397.15, 3364.0], [3397.05, 5482.0], [3396.95, 18364.0], [3396.75, 2018.0], [3396.7, 3396.0], [3396.65, 3364.0], [3396.55, 80.0]], "asks": [[3398.45, 10440.0], [3398.6, 80.0], [3398.75, 29335.0], [3398.85, 18111.0], [3399.25, 7001.0], [3399.3, 24457.0], [3399.35, 3361.0], [3399.45, 1682.0], [3399.5, 1005.0], [3399.55, 3367.0], [3399.65, 7567.0], [3399.7, 25350.0], [3399.75, 1008.0], [3399.8, 3376.0], [3399.95, 1037.0], [3400.0, 3473.0], [3400.05, 1006.0], [3400.2, 3370.0], [3400.25, 200.0], [3400.35, 1006.0]]}}}
{"jsonrpc": "2.0", "method": "subscription", "params": {"channel": "book.ETH-PERPETUAL.none.20.100ms", "data": {"timestamp": 1762614697762, "change_id": 95768625816, "instrument_name": "ETH-PERPETUAL", "bids": [[3398.4, 24244.0], [3398.15, 2854.0], [3398.05, 4335.0], [3398.0, 3755.0], [3397.95, 12580.0], [3397.9, 3313.0], [3397.85, 11100.0], [3397.65, 1005.0], [3397.6, 3366.0], [3397.5, 11274.0], [3397.45, 53666.0], [3397.35, 11274.0], [3397.3, 19997.0], [3397.2, 18777.0], [3397.15, 3364.0], [3397.05, 5482.0], [3396.95, 18364.0], [3396.75, 2018.0], [3396.7, 3396.0], [3396.65, 3364.0]], "asks": [[3398.45, 10142.0], [3398.7, 13664.0], [3398.75, 29719.0], [3398.8, 1126.0], [3398.85, 15000.0], [3399.25, 7001.0], [3399.3, 24457.0], [3399.35, 3361.0], [3399.45, 1682.0], [3399.5, 1005.0], [3399.55, 3367.0], [3399.75, 8396.0], [3399.8, 3376.0], [3399.9, 25183.0], [3399.95, 1037.0], [3400.0, 3473.0], [3400.05, 1006.0], [3400.2, 3370.0], [3400.25, 200.0], [3400.35, 1006.0]]}}}
{"jsonrpc": "2.0", "method": "subscription", "params": {"channel": "book.ETH-PERPETUAL.none.20.100ms", "data": {"timestamp": 1762614698078, "change_id": 95768626313, "instrument_name": "ETH-PERPETUAL", "bids": [[3398.4, 24244.0], [3398.15, 2854.0], [3398.05, 4335.0], [3398.0, 3755.0], [3397.95, 12580.0], [3397.9, 3313.0], [3397.85, 11100.0], [3397.65, 1005.0], [3397.6, 3366.0], [3397.5, 19883.0], [3397.45, 53666.0], [3397.35, 10596.0], [3397.3, 17773.0], [3397.2, 21001.0], [3397.15, 3364.0], [3397.05, 5482.0], [3396.95, 18364.0], [3396.75, 2018.0], [3396.7, 3396.0], [3396.65, 3364.0]], "asks": [[3398.45, 34760.0], [3398.6, 1214.0], [3398.65, 978.0], [3398.7, 9310.0], [3398.75, 4335.0], [3398.85, 15000.0], [3399.25, 7001.0], [3399.3, 24457.0], [3399.35, 3361.0], [3399.45, 1682.0], [3399.5, 1005.0], [3399.55, 3367.0], [3399.75, 8396.0], [3399.8, 3376.0], [3399.9, 25183.0], [3399.95, 1037.0], [3400.0, 3473.0], [3400.05, 1006.0], [3400.2, 3370.0], [3400.25, 200.0]]}}}
{"jsonrpc": "2.0", "method": "subscription", "params": {"channel": "book.ETH-PERPETUAL.none.20.100ms", "data": {"timestamp": 1762614698398, "change_id": 95768626398, "instrument_name": "ETH-PERPETUAL", "bids": [[3398.4, 24244.0], [3398.2, 4165.0], [3398.15, 2854.0], [3398.1, 12836.0], [3398.05, 4335.0], [3397.95, 1480.0], [3397.65, 1005.0], [3397.6, 3366.0], [3397.5, 19883.0], [3397.45, 53666.0], [3397.4, 37770.0], [3397.2, 1004.0], [3397.15, 3364.0], [3397.05, 5482.0], [3396.95, 18364.0], [3396.75, 2018.0], [3396.7, 3396.0], [3396.65, 3364.0], [3396.55, 80.0], [3396.5, 36.0]], "asks": [[3398.45, 35717.0], [3398.7, 6222.0], [3398.75, 4335.0], [3398.8, 1449.0], [3398.85, 16000.0], [3399.25, 7001.0], [3399.3, 24457.0], [3399.35, 3361.0], [3399.45, 1682.0], [3399.5, 1005.0], [3399.55, 3367.0], [3399.75, 8396.0], [3399.8, 3376.0], [3399.9, 25183.0], [3399.95, 1037.0], [3400.0, 3473.0], [3400.05, 1006.0], [3400.2, 3370.0], [3400.25, 200.0], [3400.35, 1006.0]]}}}
{"jsonrpc": "2.0", "method": "subscription", "params": {"channel": "book.ETH-PERPETUAL.none.20.100ms", "data": {"timestamp": 1762614698756, "change_id": 95768627056, "instrument_name": "ETH-PERPETUAL", "bids": [[3398.4, 24244.0], [3398.2, 4165.0], [3398.15, 2854.0], [3398.1, 12836.0], [3398.05, 4335.0], [3397.95, 1480.0], [3397.65, 1005.0], [3397.6, 3366.0], [3397.5, 19883.0], [3397.45, 53666.0], [3397.4, 17773.0], [3397.25, 5969.0], [3397.2, 21001.0], [3397.15, 3364.0], [3397.05, 5482.0], [3396.95, 18364.0], [3396.75, 2018.0], [3396.7, 3396.0], [3396.65, 3364.0], [3396.55, 80.0]], "asks": [[3398.45, 35775.0], [3398.7, 6222.0], [3398.75, 4335.0], [3398.8, 1475.0], [3398.85, 15000.0], [3399.25, 7001.0], [3399.3, 24457.0], [3399.35, 3361.0], [3399.45, 1682.0], [3399.5, 1005.0], [3399.55, 3367.0], [3399.75, 8396.0], [3399.8, 3376.0], [3399.9, 25183.0], [3399.95, 1037.0], [3400.0, 3473.0], [3400.05, 1006.0], [3400.2, 3370.0], [3400.25, 200.0], [3400.35, 1006.0]]}}}
{"jsonrpc": "2.0", "method": "subscription", "params": {"channel": "book.ETH-PERPETUAL.none.20.100ms", "data": {"timestamp": 1762614699065, "change_id": 95768627529, "instrument_name": "ETH-PERPETUAL", "bids": [[3398.4, 24244.0], [3398.2, 4165.0], [3398.15, 2854.0], [3398.1, 12836.0], [3398.05, 4335.0], [3397.95, 1480.0], [3397.65, 1005.0], [3397.6, 3366.0], [3397.5, 19883.0], [3397.45, 53666.0], [3397.35, 11274.0], [3397.25, 19997.0], [3397.2, 18777.0], [3397.15, 3364.0], [3397.05, 5482.0], [3396.95, 18364.0], [3396.75, 2018.0], [3396.7, 3396.0], [3396.65, 3364.0], [3396.55, 80.0]], "asks": [[3398.45, 35774.0], [3398.7, 6222.0], [3398.75, 4335.0], [3398.8, 1475.0], [3398.85, 15000.0], [3399.25, 7001.0], [3399.3, 24457.0], [3399.35, 3361.0], [3399.45, 1682.0], [3399.5, 1005.0], [3399.55, 3367.0], [3399.75, 8396.0], [3399.8, 3376.0], [3399.9, 25183.0], [3399.95, 1037.0], [3400.0, 3473.0], [3400.05, 1006.0], [3400.2, 3370.0], [3400.25, 200.0], [3400.35, 1006.0]]}}}
{"jsonrpc": "2.0", "method": "subscription", "params": {"channel": "book.ETH-PERPETUAL.none.20.100ms", "data": {"timestamp": 1762614699375, "change_id": 95768627641, "instrument_name": "ETH-PERPETUAL", "bids": [[3398.4, 24244.0], [3398.2, 4165.0], [3398.15, 2854.0], [3398.1, 15927.0], [3398.05, 4335.0], [3398.0, 11100.0], [3397.95, 1480.0], [3397.65, 1005.0], [3397.6, 3366.0], [3397.5, 19883.0], [3397.45, 53666.0], [3397.35, 11274.0], [3397.25, 19997.0], [3397.2, 18777.0], [3397.15, 3364.0], [3397.05, 5482.0], [3396.95, 18364.0], [3396.75, 2018.0], [3396.7, 3396.0], [3396.65, 3364.0]], "asks": [[3398.45, 34997.0], [3398.7, 6222.0], [3398.75, 4335.0], [3398.8, 1475.0], [3398.85, 15000.0], [3399.25, 7001.0], [3399.3, 24457.0], [3399.35, 3361.0], [3399.45, 1682.0], [3399.5, 1005.0], [3399.55, 3367.0], [3399.75, 8396.0], [3399.8, 3376.0], [3399.9, 25183.0], [3399.95, 1037.0], [3400.0, 3473.0], [3400.05, 1006.0], [3400.2, 3370.0], [3400.25, 200.0], [3400.35, 1006.0]]}}}
{"jsonrpc": "2.0", "method": "subscription", "params": {"channel": "book.ETH-PERPETUAL.none.20.100ms", "data": {"timestamp": 1762614699715, "change_id": 95768628215, "instrument_name": "ETH-PERPETUAL", "bids": [[3398.4, 24244.0], [3398.2, 4165.0], [3398.15, 2854.0], [3398.1, 15927.0], [3398.05, 4335.0], [3398.0, 11100.0], [3397.95, 1480.0], [3397.65, 1005.0], [3397.6, 3366.0], [3397.5, 19883.0], [3397.45, 53666.0], [3397.35, 11274.0], [3397.25, 19997.0], [3397.2, 18777.0], [3397.15, 3364.0], [3397.05, 5482.0], [3396.95, 18364.0], [3396.75, 2018.0], [3396.7, 3396.0], [3396.65, 3364.0]], "asks": [[3398.45, 35500.0], [3398.7, 6222.0], [3398.75, 4335.0], [3398.85, 15000.0], [3399.2, 6821.0], [3399.25, 7001.0], [3399.3, 24457.0], [3399.35, 3361.0], [3399.45, 1682.0], [3399.5, 1005.0], [3399.55, 3367.0], [3399.75, 8396.0], [3399.8, 3376.0], [3399.9, 25183.0], [3399.95, 1037.0], [3400.0, 3473.0], [3400.05, 1006.0], [3400.2, 3370.0], [3400.25, 200.0], [3400.35, 1006.0]]}}}
{"jsonrpc": "2.0", "method": "subscription", "params": {"channel": "book.ETH-PERPETUAL.none.20.100ms", "data": {"timestamp": 1762614700071, "change_id": 95768628995, "instrument_name": "ETH-PERPETUAL", "bids": [[3398.8, 33072.0], [3398.55, 2537.0], [3398.5, 8500.0], [3398.4, 1479.0], [3398.2, 4165.0], [3398.15, 1375.0], [3398.1, 15927.0], [3398.05, 4335.0], [3398.0, 11100.0], [3397.95, 1480.0], [3397.9, 3362.0], [3397.8, 3358.0], [3397.65, 6845.0], [3397.6, 3366.0], [3397.5, 39880.0], [3397.45, 50306.0], [3397.4, 17773.0], [3397.2, 1004.0], [3397.15, 3364.0], [3397.05, 5482.0]], "asks": [[3398.85, 26291.0], [3398.95, 1294.0], [3399.0, 4335.0], [3399.2, 3112.0], [3399.25, 7001.0], [3399.3, 24457.0], [3399.35, 3361.0], [3399.45, 1682.0], [3399.5, 1005.0], [3399.55, 3367.0], [3399.75, 8396.0], [3399.8, 3376.0], [3399.9, 25183.0], [3399.95, 1037.0], [3400.0, 3473.0], [3400.05, 1006.0], [3400.2, 3370.0], [3400.35, 1006.0], [3400.45, 3371.0], [3400.5, 1295.0]]}}}
{"jsonrpc": "2.0", "method": "subscription", "params": {"channel": "book.ETH-PERPETUAL.none.20.100ms", "data": {"timestamp": 1762614700365, "change_id": 95768629143, "instrument_name": "ETH-PERPETUAL", "bids": [[3398.8, 32972.0], [3398.4, 1479.0], [3398.2, 4165.0], [3398.15, 1375.0], [3398.1, 15927.0], [3398.05, 4335.0], [3398.0, 11100.0], [3397.95, 1480.0], [3397.9, 3362.0], [3397.8, 3358.0], [3397.65, 6845.0], [3397.6, 3366.0], [3397.5, 39880.0], [3397.45, 50306.0], [3397.4, 17773.0], [3397.2, 1004.0], [3397.15, 3364.0], [3397.05, 5482.0], [3396.95, 21760.0], [3396.9, 80.0]], "asks": [[3398.85, 32156.0], [3398.95, 1294.0], [3399.0, 4335.0], [3399.05, 1144.0], [3399.1, 3831.0], [3399.15, 12407.0], [3399.2, 15000.0], [3399.3, 24457.0], [3399.35, 3361.0], [3399.45, 1682.0], [3399.5, 1005.0], [3399.55, 3367.0], [3399.75, 8396.0], [3399.8, 3376.0], [3399.9, 25183.0], [3399.95, 1037.0], [3400.0, 3473.0], [3400.05, 1006.0], [3400.2, 3370.0], [3400.35, 1006.0]]}}}
{"jsonrpc": "2.0", "method": "subscription", "params": {"channel": "book.ETH-PERPETUAL.none.20.100ms", "data": {"timestamp": 1762614700674, "change_id": 95768629699, "instrument_name": "ETH-PERPETUAL", "bids": [[3398.8, 32972.0], [3398.4, 1479.0], [3398.2, 4165.0], [3398.15, 1375.0], [3398.1, 15927.0], [3398.05, 4335.0], [3398.0, 11100.0], [3397.95, 1480.0], [3397.9, 3362.0], [3397.8, 3358.0], [3397.65, 6845.0], [3397.6, 3366.0], [3397.5, 39880.0], [3397.45, 50306.0], [3397.4, 17773.0], [3397.2, 1004.0], [3397.15, 3364.0], [3397.05, 5482.0], [3396.95, 21760.0], [3396.9, 80.0]], "asks": [[3398.85, 32784.0], [3398.95, 1294.0], [3399.0, 4335.0], [3399.05, 1131.0], [3399.1, 3790.0], [3399.15, 10583.0], [3399.2, 15000.0], [3399.3, 24457.0], [3399.35, 3361.0], [3399.45, 1682.0], [3399.5, 1005.0], [3399.55, 3367.0], [3399.75, 8396.0], [3399.8, 3376.0], [3399.9, 25183.0], [3399.95, 1037.0], [3400.0, 3473.0], [3400.05, 1006.0], [3400.2, 3370.0], [3400.35, 1006.0]]}}}
{"jsonrpc": "2.0", "method": "subscription", "params": {"channel": "book.ETH-PERPETUAL.none.20.100ms", "data": {"timestamp": 1762614701043, "change_id": 95768630151, "instrument_name": "ETH-PERPETUAL", "bids": [[3398.8, 32972.0], [3398.4, 1479.0], [3398.2, 4165.0], [3398.15, 1375.0], [3398.1, 15927.0], [3398.05, 4335.0], [3398.0, 11100.0], [3397.95, 1480.0], [3397.9, 3362.0], [3397.8, 3358.0], [3397.65, 24618.0], [3397.6, 3366.0], [3397.55, 19997.0], [3397.5, 19883.0], [3397.45, 50306.0], [3397.2, 1004.0], [3397.15, 3364.0], [3397.05, 5482.0], [3396.95, 21760.0], [3396.9, 80.0]], "asks": [[3398.85, 32225.0], [3398.95, 1294.0], [3399.0, 4335.0], [3399.05, 1131.0], [3399.1, 3790.0], [3399.15, 10583.0], [3399.2, 15000.0], [3399.3, 24457.0], [3399.35, 3361.0], [3399.45, 1682.0], [3399.5, 1005.0], [3399.55, 3367.0], [3399.75, 8396.0], [3399.8, 3376.0], [3399.9, 25183.0], [3399.95, 1037.0], [3400.0, 3473.0], [3400.05, 1006.0], [3400.2, 3370.0], [3400.35, 1006.0]]}}}
{"jsonrpc": "2.0", "method": "subscription", "params": {"channel": "book.ETH-PERPETUAL.none.20.100ms", "data": {"timestamp": 1762614701397, "change_id": 95768630573, "instrument_name": "ETH-PERPETUAL", "bids": [[3398.8, 38072.0], [3398.2, 4165.0], [3398.15, 1375.0], [3398.1, 19543.0], [3398.0, 11100.0], [3397.95, 39250.0], [3397.9, 3362.0], [3397.8, 3358.0], [3397.65, 1005.0], [3397.6, 3366.0], [3397.5, 19883.0], [3397.45, 50306.0], [3397.4, 15000.0], [3397.2, 1004.0], [3397.15, 3364.0], [3396.95, 3364.0], [3396.9, 80.0], [3396.65, 3364.0], [3396.5, 36.0], [3396.45, 1004.0]], "asks": [[3398.85, 11136.0], [3399.2, 15000.0], [3399.25, 25000.0], [3399.3, 28792.0], [3399.45, 1682.0], [3399.75, 8396.0], [3399.8, 3376.0], [3399.9, 25183.0], [3399.95, 1037.0], [3400.0, 3473.0], [3400.05, 1006.0], [3400.2, 3370.0], [3400.35, 1006.0], [3400.45, 3371.0], [3400.5, 1295.0], [3400.6, 3370.0], [3400.75, 200.0], [3400.9, 3396.0], [3401.05, 1015.0], [3401.1, 3401.0]]}}}
{"jsonrpc": "2.0", "method": "subscription", "params": {"channel": "book.ETH-PERPETUAL.none.20.100ms", "data": {"timestamp": 1762614701705, "change_id": 95768631341, "instrument_name": "ETH-PERPETUAL", "bids": [[3398.8, 39451.0], [3398.65, 1294.0], [3398.6, 4335.0], [3398.55, 1480.0], [3398.2, 4165.0], [3398.15, 1375.0], [3398.1, 14855.0], [3398.0, 11100.0], [3397.9, 3362.0], [3397.8, 3358.0], [3397.75, 55303.0], [3397.7, 17773.0], [3397.65, 1005.0], [3397.6, 3366.0], [3397.4, 15000.0], [3397.2, 1004.0], [3397.15, 3364.0], [3397.0, 4425.0], [3396.95, 3364.0], [3396.9, 80.0]], "asks": [[3398.85, 34960.0], [3399.15, 12773.0], [3399.2, 15000.0], [3399.3, 28792.0], [3399.45, 1682.0], [3399.75, 8396.0], [3399.8, 3376.0], [3399.9, 25183.0], [3399.95, 1037.0], [3400.0, 3473.0], [3400.05, 1006.0], [3400.2, 3370.0], [3400.35, 1006.0], [3400.45, 3371.0], [3400.5, 1295.0], [3400.6, 3370.0], [3400.75, 200.0], [3400.85, 1014.0], [3400.9, 3396.0], [3401.05, 1015.0]]}}}
{"jsonrpc": "2.0", "method": "subscription", "params": {"channel": "book.ETH-PERPETUAL.none.20.100ms", "data": {"timestamp": 1762614702043, "change_id": 95768631855, "instrument_name": "ETH-PERPETUAL", "bids": [[3398.8, 6917.0], [3398.4, 1294.0], [3398.35, 4335.0], [3398.2, 4165.0], [3398.15, 1375.0], [3398.1, 14855.0], [3398.0, 11100.0], [3397.9, 3362.0], [3397.8, 3358.0], [3397.75, 35306.0], [3397.7, 32773.0], [3397.65, 21002.0], [3397.6, 3366.0], [3397.4, 15000.0], [3397.2, 1004.0], [3397.15, 3364.0], [3397.0, 4425.0], [3396.95, 3364.0], [3396.9, 80.0], [3396.65, 3364.0]], "asks": [[3398.85, 43176.0], [3399.15, 12773.0], [3399.2, 15000.0], [3399.3, 28792.0], [3399.45, 1682.0], [3399.75, 8396.0], [3399.8, 3376.0], [3399.9, 25183.0], [3399.95, 1037.0], [3400.0, 3473.0], [3400.05, 1006.0], [3400.2, 3370.0], [3400.35, 1006.0], [3400.45, 3371.0], [3400.5, 1295.0], [3400.6, 3370.0], [3400.75, 200.0], [3400.85, 1014.0], [3400.9, 3396.0], [3401.05, 1015.0]]}}}
{"jsonrpc": "2.0", "method": "subscription", "params": {"channel": "book.ETH-PERPETUAL.none.20.100ms", "data": {"timestamp": 1762614702387, "change_id": 95768633231, "instrument_name": "ETH-PERPETUAL", "bids": [[3398.05, 25972.0], [3397.85, 3313.0], [3397.8, 15578.0], [3397.75, 4335.0], [3397.7, 15000.0], [3397.5, 15016.0], [3397.45, 35306.0], [3397.4, 15000.0], [3397.35, 12754.0], [3397.3, 19997.0], [3397.2, 18777.0], [3397.15, 3364.0], [3397.05, 3358.0], [3397.0, 1028.0], [3396.95, 3364.0], [3396.65, 3364.0], [3396.6, 3396.0], [3396.5, 116.0], [3396.45, 1004.0], [3396.3, 3364.0]], "asks": [[3398.1, 5474.0], [3398.55, 10917.0], [3398.6, 25000.0], [3398.7, 16665.0], [3398.75, 4335.0], [3398.85, 12726.0], [3398.9, 4478.0], [3398.95, 15000.0], [3399.0, 1004.0], [3399.05, 3363.0], [3399.1, 1680.0], [3399.3, 24457.0], [3399.35, 3363.0], [3399.6, 3363.0], [3399.75, 8396.0], [3399.8, 3376.0], [3399.9, 25183.0], [3399.95, 1037.0], [3400.0, 3473.0], [3400.05, 1006.0]]}}}
{"jsonrpc": "2.0", "method": "subscription", "params": {"channel": "book.ETH-PERPETUAL.none.20.100ms", "data": {"timestamp": 1762614702717, "change_id": 95768634461, "instrument_name": "ETH-PERPETUAL", "bids": [[3398.05, 27728.0], [3397.55, 1294.0], [3397.5, 15316.0], [3397.45, 35306.0], [3397.35, 7449.0], [3397.2, 16004.0], [3397.15, 3364.0], [3397.1, 40294.0], [3397.05, 3358.0], [3397.0, 1028.0], [3396.95, 3364.0], [3396.65, 3364.0], [3396.5, 116.0], [3396.45, 1004.0], [3396.3, 3364.0], [3396.15, 8810.0], [3396.1, 26058.0], [3396.0, 55306.0], [3395.8, 3348.0], [3395.7, 11194.0]], "asks": [[3398.1, 42918.0], [3398.35, 4427.0], [3398.4, 14832.0], [3398.45, 1294.0], [3398.5, 4335.0], [3398.55, 4478.0], [3398.7, 15000.0], [3398.85, 185.0], [3399.0, 1004.0], [3399.05, 3363.0], [3399.1, 1680.0], [3399.3, 24457.0], [3399.35, 3363.0], [3399.6, 3363.0], [3399.75, 8396.0], [3399.8, 3376.0], [3399.9, 25183.0], [3399.95, 1037.0], [3400.0, 3473.0], [3400.05, 1006.0]]}}}
{"jsonrpc": "2.0", "method": "subscription", "params": {"channel": "book.ETH-PERPETUAL.none.20.100ms", "data": {"timestamp": 1762614702954, "change_id": 95768634811, "instrument_name": "ETH-PERPETUAL", "bids": [[3398.05, 27728.0], [3397.55, 1294.0], [3397.5, 15316.0], [3397.45, 35306.0], [3397.35, 11163.0], [3397.2, 36001.0], [3397.15, 3364.0], [3397.1, 20297.0], [3397.05, 3358.0], [3397.0, 1028.0], [3396.95, 3364.0], [3396.65, 3364.0], [3396.5, 3512.0], [3396.45, 1004.0], [3396.3, 3364.0], [3396.15, 8810.0], [3396.1, 26058.0], [3396.0, 55306.0], [3395.8, 3348.0], [3395.7, 11194.0]], "asks": [[3398.1, 42918.0], [3398.4, 9337.0], [3398.45, 15000.0], [3398.5, 18586.0], [3399.0, 1004.0], [3399.05, 3363.0], [3399.1, 1680.0], [3399.3, 1003.0], [3399.35, 3363.0], [3399.6, 3363.0], [3399.75, 8396.0], [3399.8, 3376.0], [3399.9, 25183.0], [3399.95, 1037.0], [3400.0, 3473.0], [3400.05, 1006.0], [3400.2, 3370.0], [3400.35, 1006.0], [3400.45, 3371.0], [3400.5, 1295.0]]}}}
{"jsonrpc": "2.0", "method": "subscription", "params": {"channel": "book.ETH-PERPETUAL.none.20.100ms", "data": {"timestamp": 1762614703278, "change_id": 95768634964, "instrument_name": "ETH-PERPETUAL", "bids": [[3398.05, 27728.0], [3397.65, 1294.0], [3397.5, 15316.0], [3397.45, 35306.0], [3397.35, 11163.0], [3397.2, 36001.0], [3397.15, 3364.0], [3397.1, 20297.0], [3397.05, 3358.0], [3397.0, 1028.0], [3396.95, 3364.0], [3396.65, 3364.0], [3396.5, 3512.0], [3396.45, 1004.0], [3396.3, 3364.0], [3396.15, 8810.0], [3396.1, 26058.0], [3396.0, 55306.0], [3395.8, 3348.0], [3395.7, 11194.0]], "asks": [[3398.1, 42918.0], [3398.4, 5771.0], [3398.45, 15000.0], [3398.5, 4335.0], [3398.85, 4200.0], [3398.9, 14071.0], [3399.0, 1004.0], [3399.05, 3363.0], [3399.1, 1680.0], [3399.3, 1003.0], [3399.35, 3363.0], [3399.6, 3363.0], [3399.75, 8396.0], [3399.8, 3376.0], [3399.9, 25183.0], [3399.95, 1037.0], [3400.0, 3473.0], [3400.05, 1006.0], [3400.2, 3370.0], [3400.35, 1006.0]]}}}
{"jsonrpc": "2.0", "method": "subscription", "params": {"channel": "book.ETH-PERPETUAL.none.20.100ms", "data": {"timestamp": 1762614703711, "change_id": 95768635649, "instrument_name": "ETH-PERPETUAL", "bids": [[3398.05, 35072.0], [3397.65, 1294.0], [3397.5, 15316.0], [3397.45, 35306.0], [3397.35, 11163.0], [3397.2, 42934.0], [3397.15, 3364.0], [3397.1, 20297.0], [3397.05, 3358.0], [3397.0, 1028.0], [3396.95, 3364.0], [3396.65, 3364.0], [3396.5, 3512.0], [3396.45, 1004.0], [3396.3, 3364.0], [3396.15, 23161.0], [3396.1, 26058.0], [3396.0, 55306.0], [3395.8, 3348.0], [3395.7, 11194.0]], "asks": [[3398.1, 35474.0], [3398.4, 5771.0], [3398.45, 15000.0], [3398.5, 4335.0], [3398.9, 12603.0], [3399.0, 1004.0], [3399.05, 3363.0], [3399.1, 1680.0], [3399.3, 1003.0], [3399.35, 3363.0], [3399.55, 1004.0], [3399.6, 3363.0], [3399.75, 8396.0], [3399.8, 3376.0], [3399.85, 200.0], [3399.9, 25183.0], [3399.95, 1037.0], [3400.0, 3473.0], [3400.05, 1006.0], [3400.2, 3370.0]]}}}
{"jsonrpc": "2.0", "method": "subscription", "params": {"channel": "book.ETH-PERPETUAL.none.20.100ms", "data": {"timestamp": 1762614704022, "change_id": 95768636140, "instrument_name": "ETH-PERPETUAL", "bids": [[3398.05, 35072.0], [3397.65, 1294.0], [3397.5, 15316.0], [3397.45, 35306.0], [3397.35, 15994.0], [3397.25, 17773.0], [3397.2, 36001.0], [3397.15, 3364.0], [3397.1, 1216.0], [3397.05, 3358.0], [3397.0, 1028.0], [3396.95, 3364.0], [3396.65, 6760.0], [3396.5, 116.0], [3396.45, 1004.0], [3396.3, 3364.0], [3396.15, 23161.0], [3396.1, 26058.0], [3396.0, 55306.0], [3395.8, 3348.0]], "asks": [[3398.1, 5000.0], [3398.4, 30771.0], [3398.45, 15000.0], [3398.5, 4335.0], [3398.85, 3328.0], [3398.9, 11148.0], [3399.0, 1004.0], [3399.05, 3363.0], [3399.1, 1680.0], [3399.3, 1003.0], [3399.35, 3363.0], [3399.55, 1004.0], [3399.6, 3363.0], [3399.75, 8396.0], [3399.8, 3376.0], [3399.85, 200.0], [3399.9, 25183.0], [3399.95, 1037.0], [3400.0, 3473.0], [3400.05, 1006.0]]}}}
{"jsonrpc": "2.0", "method": "subscription", "params": {"channel": "book.ETH-PERPETUAL.none.20.100ms", "data": {"timestamp": 1762614704362, "change_id": 95768636263, "instrument_name": "ETH-PERPETUAL", "bids": [[3398.05, 35072.0], [3397.75, 3704.0], [3397.7, 11100.0], [3397.65, 2602.0], [3397.5, 15316.0], [3397.45, 35306.0], [3397.35, 15994.0], [3397.25, 37770.0], [3397.2, 16004.0], [3397.15, 3364.0], [3397.1, 1216.0], [3397.05, 18358.0], [3397.0, 1028.0], [3396.95, 3364.0], [3396.65, 6760.0], [3396.5, 116.0], [3396.45, 1004.0], [3396.3, 3364.0], [3396.15, 8810.0], [3396.0, 55306.0]], "asks": [[3398.1, 5000.0], [3398.4, 30771.0], [3398.45, 15000.0], [3398.5, 4335.0], [3398.65, 3379.0], [3398.7, 11321.0], [3399.0, 1004.0], [3399.05, 3363.0], [3399.1, 1680.0], [3399.3, 1003.0], [3399.35, 3363.0], [3399.55, 1004.0], [3399.6, 3363.0], [3399.75, 1008.0], [3399.8, 3376.0], [3399.85, 200.0], [3399.95, 1037.0], [3400.0, 3473.0], [3400.05, 1006.0], [3400.2, 3370.0]]}}}
{"jsonrpc": "2.0", "method": "subscription", "params": {"channel": "book.ETH-PERPETUAL.none.20.100ms", "data": {"timestamp": 1762614704633, "change_id": 95768636825, "instrument_name": "ETH-PERPETUAL", "bids": [[3398.05, 34972.0], [3397.75, 3704.0], [3397.7, 11100.0], [3397.65, 2602.0], [3397.5, 15316.0], [3397.45, 35306.0], [3397.35, 15994.0], [3397.25, 37770.0], [3397.2, 21719.0], [3397.15, 3364.0], [3397.1, 1216.0], [3397.05, 18358.0], [3397.0, 1028.0], [3396.95, 3364.0], [3396.65, 6760.0], [3396.5, 116.0], [3396.45, 1004.0], [3396.3, 3364.0], [3396.15, 15382.0], [3396.0, 55306.0]], "asks": [[3398.1, 30000.0], [3398.4, 5771.0], [3398.45, 15000.0], [3398.5, 4335.0], [3398.95, 3335.0], [3399.0, 12177.0], [3399.05, 3363.0], [3399.1, 1680.0], [3399.3, 1003.0], [3399.35, 3363.0], [3399.55, 1004.0], [3399.6, 3363.0], [3399.7, 7442.0], [3399.75, 25939.0], [3399.8, 3376.0], [3399.85, 200.0], [3399.95, 1037.0], [3400.0, 3473.0], [3400.05, 1006.0], [3400.2, 3370.0]]}}}
{"jsonrpc": "2.0", "method": "subscription", "params": {"channel": "book.ETH-PERPETUAL.none.20.100ms", "data": {"timestamp": 1762614704962, "change_id": 95768637311, "instrument_name": "ETH-PERPETUAL", "bids": [[3398.05, 34972.0], [3397.75, 3704.0], [3397.7, 11100.0], [3397.65, 2602.0], [3397.5, 15316.0], [3397.45, 35306.0], [3397.35, 15994.0], [3397.25, 37770.0], [3397.2, 21719.0], [3397.15, 3364.0], [3397.1, 1216.0], [3397.05, 18358.0], [3397.0, 1028.0], [3396.95, 3364.0], [3396.65, 3364.0], [3396.5, 116.0], [3396.45, 1004.0], [3396.3, 3364.0], [3396.15, 15382.0], [3396.0, 55306.0]], "asks": [[3398.1, 30000.0], [3398.4, 5771.0], [3398.45, 15000.0], [3398.5, 4335.0], [3398.75, 3209.0], [3398.8, 10750.0], [3399.0, 1004.0], [3399.05, 3363.0], [3399.1, 1680.0], [3399.3, 1003.0], [3399.35, 3363.0], [3399.55, 1004.0], [3399.6, 3363.0], [3399.7, 7442.0], [3399.75, 25939.0], [3399.8, 3376.0], [3399.85, 200.0], [3399.95, 1037.0], [3400.0, 3473.0], [3400.05, 1006.0]]}}}
{"jsonrpc": "2.0", "method": "subscription", "params": {"channel": "book.ETH-PERPETUAL.none.20.100ms", "data": {"timestamp": 1762614705363, "change_id": 95768637404, "instrument_name": "ETH-PERPETUAL", "bids": [[3398.05, 34972.0], [3397.85, 1821.0], [3397.8, 6100.0], [3397.75, 3704.0], [3397.7, 11100.0], [3397.65, 2602.0], [3397.5, 15316.0], [3397.45, 35306.0], [3397.35, 15994.0], [3397.25, 37770.0], [3397.2, 21719.0], [3397.15, 3364.0], [3397.1, 1216.0], [3397.05, 18358.0], [3397.0, 1028.0], [3396.95, 3364.0], [3396.65, 3364.0], [3396.5, 116.0], [3396.45, 1004.0], [3396.3, 3364.0]], "asks": [[3398.1, 32986.0], [3398.4, 5606.0], [3398.45, 15000.0], [3398.5, 4335.0], [3398.75, 3330.0], [3398.8, 11157.0], [3399.0, 1004.0], [3399.05, 3363.0], [3399.1, 1680.0], [3399.3, 1003.0], [3399.35, 3363.0], [3399.55, 1004.0], [3399.6, 3363.0], [3399.7, 7442.0], [3399.75, 25939.0], [3399.8, 3376.0], [3399.95, 1037.0], [3400.0, 3473.0], [3400.05, 1006.0], [3400.2, 3370.0]]}}}
{"jsonrpc": "2.0", "method": "subscription", "params": {"channel": "book.ETH-PERPETUAL.none.20.100ms", "data": {"timestamp": 1762614705694, "change_id": 95768637978, "instrument_name": "ETH-PERPETUAL", "bids": [[3398.05, 34972.0], [3397.85, 1821.0], [3397.8, 6100.0], [3397.75, 3704.0], [3397.7, 11100.0], [3397.65, 2602.0], [3397.5, 15316.0], [3397.45, 35306.0], [3397.35, 15994.0], [3397.25, 17773.0], [3397.2, 41716.0], [3397.15, 3364.0], [3397.1, 1216.0], [3397.05, 18358.0], [3397.0, 1028.0], [3396.95, 3364.0], [3396.65, 3364.0], [3396.6, 1048.0], [3396.55, 3396.0], [3396.5, 116.0]], "asks": [[3398.1, 30200.0], [3398.4, 5771.0], [3398.45, 15000.0], [3398.5, 4335.0], [3398.55, 3287.0], [3398.7, 11000.0], [3398.75, 7000.0], [3398.8, 23451.0], [3399.0, 1004.0], [3399.05, 3363.0], [3399.1, 1680.0], [3399.3, 1003.0], [3399.35, 3363.0], [3399.55, 1004.0], [3399.6, 3363.0], [3399.7, 7442.0], [3399.75, 25939.0], [3399.8, 3376.0], [3399.95, 1037.0], [3400.0, 3473.0]]}}}
{"jsonrpc": "2.0", "method": "subscription", "params": {"channel": "book.ETH-PERPETUAL.none.20.100ms", "data": {"timestamp": 1762614705944, "change_id": 95768638323, "instrument_name": "ETH-PERPETUAL", "bids": [[3398.05, 34972.0], [3397.85, 1821.0], [3397.8, 6100.0], [3397.75, 3704.0], [3397.7, 11100.0], [3397.65, 2602.0], [3397.5, 15316.0], [3397.45, 35306.0], [3397.35, 15994.0], [3397.25, 17773.0], [3397.2, 41716.0], [3397.15, 3364.0], [3397.1, 1216.0], [3397.05, 18358.0], [3397.0, 1028.0], [3396.95, 3364.0], [3396.65, 3364.0], [3396.6, 1048.0], [3396.55, 3396.0], [3396.5, 116.0]], "asks": [[3398.1, 30200.0], [3398.4, 5771.0], [3398.45, 15000.0], [3398.5, 4335.0], [3398.65, 3270.0], [3398.7, 10956.0], [3398.75, 7000.0], [3398.8, 23451.0], [3399.0, 1004.0], [3399.05, 3363.0], [3399.1, 1680.0], [3399.3, 1003.0], [3399.35, 3363.0], [3399.55, 1004.0], [3399.6, 3363.0], [3399.7, 7442.0], [3399.75, 25939.0], [3399.8, 3376.0], [3399.95, 1037.0], [3400.0, 3473.0]]}}}
{"jsonrpc": "2.0", "method": "subscription", "params": {"channel": "book.ETH-PERPETUAL.none.20.100ms", "data": {"timestamp": 1762614706344, "change_id": 95768638489, "instrument_name": "ETH-PERPETUAL", "bids": [[3398.05, 34972.0], [3397.75, 3226.0], [3397.7, 9500.0], [3397.65, 2602.0], [3397.5, 15316.0], [3397.45, 35306.0], [3397.35, 5958.0], [3397.2, 21719.0], [3397.15, 3364.0], [3397.1, 38986.0], [3397.05, 18358.0], [3397.0, 1028.0], [3396.95, 3364.0], [3396.65, 3364.0], [3396.6, 1048.0], [3396.55, 3396.0], [3396.5, 116.0], [3396.45, 1004.0], [3396.3, 3364.0], [3396.15, 15382.0]], "asks": [[3398.1, 30200.0], [3398.4, 8379.0], [3398.45, 15000.0], [3398.5, 15542.0], [3398.75, 7000.0], [3398.8, 23451.0], [3399.0, 1004.0], [3399.05, 3363.0], [3399.1, 1680.0], [3399.3, 1003.0], [3399.35, 3363.0], [3399.55, 1004.0], [3399.6, 3363.0], [3399.7, 7442.0], [3399.75, 25939.0], [3399.8, 3376.0], [3399.95, 1037.0], [3400.0, 3473.0], [3400.05, 1006.0], [3400.2, 3370.0]]}}}
{"jsonrpc": "2.0", "method": "subscription", "params": {"channel": "book.ETH-PERPETUAL.none.20.100ms", "data": {"timestamp": 1762614706620, "change_id": 95768638841, "instrument_name": "ETH-PERPETUAL", "bids": [[3398.05, 34972.0], [3397.75, 3226.0], [3397.7, 9500.0], [3397.65, 2602.0], [3397.5, 15316.0], [3397.45, 35306.0], [3397.35, 11354.0], [3397.2, 41716.0], [3397.15, 3364.0], [3397.1, 18989.0], [3397.05, 18358.0], [3397.0, 1028.0], [3396.95, 3364.0], [3396.65, 3364.0], [3396.6, 1048.0], [3396.55, 3396.0], [3396.5, 116.0], [3396.45, 1004.0], [3396.3, 3364.0], [3396.15, 15382.0]], "asks": [[3398.1, 30200.0], [3398.4, 5771.0], [3398.45, 15000.0], [3398.5, 4335.0], [3398.55, 3017.0], [3398.6, 10107.0], [3398.75, 7000.0], [3398.8, 23451.0], [3399.0, 1004.0], [3399.05, 3363.0], [3399.1, 1680.0], [3399.3, 1003.0], [3399.35, 3363.0], [3399.55, 1004.0], [3399.6, 3363.0], [3399.7, 7442.0], [3399.75, 25939.0], [3399.8, 3376.0], [3399.95, 1037.0], [3400.0, 3473.0]]}}}
{"jsonrpc": "2.0", "method": "subscription", "params": {"channel": "book.ETH-PERPETUAL.none.20.100ms", "data": {"timestamp": 1762614707012, "change_id": 95768640278, "instrument_name": "ETH-PERPETUAL", "bids": [[3397.65, 7244.0], [3397.2, 6847.0], [3397.15, 3364.0], [3397.1, 1216.0], [3397.05, 34108.0], [3396.95, 38670.0], [3396.85, 4478.0], [3396.8, 15000.0], [3396.75, 11387.0], [3396.7, 19997.0], [3396.65, 3364.0], [3396.6, 17773.0], [3396.5, 36.0], [3396.45, 1004.0], [3396.3, 3364.0], [3396.15, 1032.0], [3396.0, 3456.0], [3395.95, 1093.0], [3395.9, 3395.0], [3395.8, 3348.0]], "asks": [[3397.7, 39607.0], [3397.8, 4335.0], [3398.05, 19393.0], [3398.15, 15000.0], [3398.6, 1006.0], [3398.65, 3369.0], [3398.7, 1683.0], [3398.75, 7000.0], [3398.8, 23451.0], [3399.0, 1004.0], [3399.05, 3363.0], [3399.15, 7687.0], [3399.2, 25751.0], [3399.3, 1003.0], [3399.35, 3363.0], [3399.55, 1004.0], [3399.6, 3363.0], [3399.75, 1008.0], [3399.8, 4557.0], [3399.95, 1037.0]]}}}
{"jsonrpc": "2.0", "method": "subscription", "params": {"channel": "book.ETH-PERPETUAL.none.20.100ms", "data": {"timestamp": 1762614707317, "change_id": 95768640412, "instrument_name": "ETH-PERPETUAL", "bids": [[3397.65, 17585.0], [3397.3, 3313.0], [3397.25, 11100.0], [3397.2, 6847.0], [3397.15, 3364.0], [3397.1, 1216.0], [3397.05, 34108.0], [3396.95, 38670.0], [3396.85, 4478.0], [3396.8, 15000.0], [3396.7, 2388.0], [3396.65, 3364.0], [3396.55, 5980.0], [3396.5, 20033.0], [3396.45, 6309.0], [3396.35, 17773.0], [3396.3, 3364.0], [3396.15, 1032.0], [3396.0, 3456.0], [3395.95, 1093.0]], "asks": [[3397.7, 39355.0], [3397.8, 4335.0], [3398.1, 14122.0], [3398.15, 15000.0], [3398.6, 1006.0], [3398.65, 3369.0], [3398.7, 1683.0], [3399.0, 1004.0], [3399.05, 3363.0], [3399.15, 7687.0], [3399.2, 25751.0], [3399.3, 1003.0], [3399.35, 3363.0], [3399.55, 1004.0], [3399.6, 3363.0], [3399.75, 1008.0], [3399.8, 4557.0], [3399.95, 1037.0], [3400.0, 3473.0], [3400.05, 6853.0]]}}}
{"jsonrpc": "2.0", "method": "subscription", "params": {"channel": "book.ETH-PERPETUAL.none.20.100ms", "data": {"timestamp": 1762614707667, "change_id": 95768641020, "instrument_name": "ETH-PERPETUAL", "bids": [[3397.65, 22585.0], [3397.3, 3313.0], [3397.25, 11100.0], [3397.2, 6847.0], [3397.15, 3364.0], [3397.1, 1216.0], [3397.05, 34108.0], [3396.95, 38670.0], [3396.85, 4478.0], [3396.8, 15000.0], [3396.7, 8229.0], [3396.65, 3364.0], [3396.6, 25658.0], [3396.55, 18930.0], [3396.5, 36.0], [3396.35, 1004.0], [3396.3, 3364.0], [3396.15, 1032.0], [3396.0, 3456.0], [3395.95, 1093.0]], "asks": [[3397.7, 35674.0], [3398.05, 4335.0], [3398.1, 14122.0], [3398.15, 15000.0], [3398.25, 23447.0], [3398.6, 1006.0], [3398.65, 3369.0], [3398.7, 1683.0], [3399.0, 1004.0], [3399.05, 3363.0], [3399.15, 7687.0], [3399.2, 25751.0], [3399.3, 1003.0], [3399.35, 3363.0], [3399.55, 1004.0], [3399.6, 3363.0], [3399.75, 1008.0], [3399.8, 4557.0], [3399.95, 1037.0], [3400.0, 3473.0]]}}}
{"jsonrpc": "2.0", "method": "subscription", "params": {"channel": "book.ETH-PERPETUAL.none.20.100ms", "data": {"timestamp": 1762614707989, "change_id": 95768641586, "instrument_name": "ETH-PERPETUAL", "bids": [[3397.65, 22685.0], [3397.3, 3313.0], [3397.25, 11100.0], [3397.2, 6847.0], [3397.15, 3364.0], [3397.1, 1216.0], [3397.05, 34108.0], [3396.95, 38670.0], [3396.85, 14574.0], [3396.8, 15000.0], [3396.75, 37770.0], [3396.7, 2388.0], [3396.65, 3364.0], [3396.6, 2805.0], [3396.55, 12976.0], [3396.5, 36.0], [3396.35, 1004.0], [3396.3, 3364.0], [3396.15, 1032.0], [3396.0, 3456.0]], "asks": [[3397.7, 10846.0], [3398.0, 26294.0], [3398.05, 4335.0], [3398.1, 11476.0], [3398.15, 15000.0], [3398.2, 12786.0], [3398.25, 23447.0], [3398.6, 1006.0], [3398.65, 3369.0], [3398.7, 1683.0], [3399.0, 1004.0], [3399.05, 3363.0], [3399.15, 7687.0], [3399.2, 25751.0], [3399.3, 1003.0], [3399.35, 3363.0], [3399.55, 1004.0], [3399.6, 3363.0], [3399.75, 1008.0], [3399.8, 4557.0]]}}}
{"jsonrpc": "2.0", "method": "subscription", "params": {"channel": "book.ETH-PERPETUAL.none.20.100ms", "data": {"timestamp": 1762614708337, "change_id": 95768641747, "instrument_name": "ETH-PERPETUAL", "bids": [[3397.65, 22685.0], [3397.4, 3313.0], [3397.35, 11100.0], [3397.3, 7648.0], [3397.25, 11100.0], [3397.2, 6847.0], [3397.15, 3364.0], [3397.1, 1216.0], [3397.05, 34411.0], [3396.95, 38670.0], [3396.9, 37770.0], [3396.85, 4478.0], [3396.8, 15000.0], [3396.7, 2388.0], [3396.65, 3364.0], [3396.6, 2805.0], [3396.55, 12976.0], [3396.5, 36.0], [3396.35, 1004.0], [3396.3, 3364.0]], "asks": [[3397.7, 5235.0], [3398.0, 25000.0], [3398.1, 11476.0], [3398.15, 15000.0], [3398.25, 24741.0], [3398.3, 4335.0], [3398.45, 2494.0], [3398.5, 8356.0], [3398.6, 1508.0], [3398.65, 3369.0], [3398.7, 1683.0], [3399.0, 1004.0], [3399.05, 3363.0], [3399.15, 7687.0], [3399.2, 25751.0], [3399.3, 1003.0], [3399.35, 3363.0], [3399.5, 200.0], [3399.55, 1004.0], [3399.6, 3363.0]]}}}
{"jsonrpc": "2.0", "method": "subscription", "params": {"channel": "book.ETH-PERPETUAL.none.20.100ms", "data": {"timestamp": 1762614708658, "change_id": 95768642344, "instrument_name": "ETH-PERPETUAL", "bids": [[3397.65, 23663.0], [3397.4, 3313.0], [3397.35, 11100.0], [3397.3, 7648.0], [3397.25, 11100.0], [3397.2, 6847.0], [3397.15, 3364.0], [3397.1, 1216.0], [3397.05, 29901.0], [3396.95, 38670.0], [3396.9, 14416.0], [3396.8, 34997.0], [3396.75, 17773.0], [3396.7, 2388.0], [3396.65, 3364.0], [3396.6, 2805.0], [3396.55, 12976.0], [3396.5, 36.0], [3396.35, 1004.0], [3396.3, 3364.0]], "asks": [[3397.7, 5275.0], [3397.95, 7463.0], [3398.0, 25000.0], [3398.1, 11476.0], [3398.15, 15000.0], [3398.25, 33587.0], [3398.3, 4335.0], [3398.6, 1508.0], [3398.65, 3369.0], [3398.7, 1683.0], [3399.0, 1004.0], [3399.05, 3363.0], [3399.15, 7687.0], [3399.2, 25751.0], [3399.3, 1003.0], [3399.35, 3363.0], [3399.5, 200.0], [3399.55, 1004.0], [3399.6, 3363.0], [3399.75, 1008.0]]}}}
{"jsonrpc": "2.0", "method": "subscription", "params": {"channel": "book.ETH-PERPETUAL.none.20.100ms", "data": {"timestamp": 1762614708904, "change_id": 95768642717, "instrument_name": "ETH-PERPETUAL", "bids": [[3397.65, 23663.0], [3397.4, 3313.0], [3397.35, 11100.0], [3397.3, 7648.0], [3397.25, 11100.0], [3397.2, 6847.0], [3397.15, 3364.0], [3397.1, 1216.0], [3397.05, 29901.0], [3396.95, 38670.0], [3396.9, 14416.0], [3396.8, 34997.0], [3396.75, 17773.0], [3396.7, 2388.0], [3396.65, 3364.0], [3396.6, 2805.0], [3396.55, 12976.0], [3396.5, 36.0], [3396.35, 1004.0], [3396.3, 3364.0]], "asks": [[3397.7, 5141.0], [3397.95, 7463.0], [3398.0, 25000.0], [3398.1, 11476.0], [3398.15, 15000.0], [3398.25, 33587.0], [3398.3, 4335.0], [3398.6, 1508.0], [3398.65, 3369.0], [3398.7, 1683.0], [3399.0, 1004.0], [3399.05, 3363.0], [3399.15, 7687.0], [3399.2, 25751.0], [3399.3, 1003.0], [3399.35, 3363.0], [3399.5, 200.0], [3399.55, 1004.0], [3399.6, 3363.0], [3399.75, 1008.0]]}}}
{"jsonrpc": "2.0", "method": "subscription", "params": {"channel": "book.ETH-PERPETUAL.none.20.100ms", "data": {"timestamp": 1762614709327, "change_id": 95768645245, "instrument_name": "ETH-PERPETUAL", "bids": [[3398.85, 100.0], [3398.15, 1294.0], [3398.1, 4335.0], [3398.05, 2687.0], [3398.0, 9000.0], [3397.95, 1006.0], [3397.9, 3371.0], [3397.8, 4993.0], [3397.75, 11100.0], [3397.65, 1509.0], [3397.6, 3371.0], [3397.55, 1685.0], [3397.5, 16758.0], [3397.45, 32773.0], [3397.4, 19997.0], [3397.35, 3371.0], [3397.2, 5910.0], [3397.15, 3364.0], [3397.1, 1216.0], [3397.05, 15000.0]], "asks": [[3398.9, 42970.0], [3399.0, 1294.0], [3399.05, 4335.0], [3399.75, 1008.0], [3399.8, 1181.0], [3399.85, 3371.0], [3399.9, 1685.0], [3400.0, 90.0], [3400.1, 1006.0], [3400.15, 3371.0], [3400.35, 1006.0], [3400.45, 3371.0], [3400.5, 1295.0], [3400.6, 3370.0], [3400.65, 8209.0], [3400.7, 27500.0], [3400.85, 1014.0], [3400.9, 3396.0], [3401.0, 6991.0], [3401.05, 20018.0]]}}}
{"jsonrpc": "2.0", "method": "subscription", "params": {"channel": "book.ETH-PERPETUAL.none.20.100ms", "data": {"timestamp": 1762614709658, "change_id": 95768647682, "instrument_name": "ETH-PERPETUAL", "bids": [[3398.15, 15728.0], [3397.9, 1294.0], [3397.85, 4335.0], [3397.8, 3313.0], [3397.75, 11100.0], [3397.65, 1509.0], [3397.6, 3371.0], [3397.55, 1685.0], [3397.5, 5484.0], [3397.45, 15000.0], [3397.35, 3371.0], [3397.25, 1385.0], [3397.2, 15900.0], [3397.15, 3364.0], [3397.1, 38927.0], [3397.05, 26819.0], [3397.0, 1004.0], [3396.95, 3364.0], [3396.85, 1014.0], [3396.8, 3396.0]], "asks": [[3398.2, 10474.0], [3398.75, 1294.0], [3398.8, 4335.0], [3398.85, 12563.0], [3398.9, 49456.0], [3399.0, 1294.0], [3399.1, 3371.0], [3399.15, 7722.0], [3399.2, 25139.0], [3399.25, 157.0], [3399.3, 1057.0], [3399.35, 1006.0], [3399.4, 3371.0], [3399.7, 1347.0], [3399.75, 5230.0], [3399.85, 3371.0], [3399.95, 7490.0], [3400.0, 25091.0], [3400.1, 1006.0], [3400.15, 3371.0]]}}}
{"jsonrpc": "2.0", "method": "subscription", "params": {"channel": "book.ETH-PERPETUAL.none.20.100ms", "data": {"timestamp": 1762614709950, "change_id": 95768648969, "instrument_name": "ETH-PERPETUAL", "bids": [[3398.15, 25806.0], [3397.9, 1294.0], [3397.85, 4335.0], [3397.8, 3313.0], [3397.75, 12317.0], [3397.65, 1509.0], [3397.6, 3371.0], [3397.55, 1685.0], [3397.5, 5484.0], [3397.45, 15000.0], [3397.35, 24642.0], [3397.3, 17773.0], [3397.25, 56688.0], [3397.2, 10295.0], [3397.15, 3364.0], [3397.1, 1157.0], [3397.05, 26819.0], [3397.0, 1004.0], [3396.95, 3364.0], [3396.85, 1014.0]], "asks": [[3398.2, 10620.0], [3398.5, 1294.0], [3398.55, 4335.0], [3398.6, 7463.0], [3398.65, 25000.0], [3398.85, 3533.0], [3398.9, 15000.0], [3399.0, 1294.0], [3399.1, 3371.0], [3399.15, 7722.0], [3399.2, 25139.0], [3399.35, 1006.0], [3399.4, 3371.0], [3399.75, 1008.0], [3399.85, 3371.0], [3399.95, 7490.0], [3400.0, 25091.0], [3400.1, 1006.0], [3400.15, 4553.0], [3400.35, 1006.0]]}}}
{"jsonrpc": "2.0", "method": "subscription", "params": {"channel": "book.ETH-PERPETUAL.none.20.100ms", "data": {"timestamp": 1762614710231, "change_id": 95768649140, "instrument_name": "ETH-PERPETUAL", "bids": [[3398.15, 25706.0], [3397.9, 1294.0], [3397.85, 4335.0], [3397.8, 6566.0], [3397.75, 12317.0], [3397.7, 11100.0], [3397.65, 1509.0], [3397.6, 3371.0], [3397.55, 1685.0], [3397.5, 5484.0], [3397.45, 15000.0], [3397.35, 24642.0], [3397.3, 17773.0], [3397.25, 56688.0], [3397.2, 10295.0], [3397.15, 3364.0], [3397.1, 1157.0], [3397.05, 26819.0], [3397.0, 1004.0], [3396.95, 3364.0]], "asks": [[3398.2, 10847.0], [3398.5, 1294.0], [3398.55, 4335.0], [3398.6, 7463.0], [3398.65, 25000.0], [3398.85, 3533.0], [3398.9, 15000.0], [3399.0, 1294.0], [3399.1, 3371.0], [3399.15, 7722.0], [3399.2, 25139.0], [3399.35, 1006.0], [3399.4, 3371.0], [3399.75, 1008.0], [3399.85, 3371.0], [3399.95, 7490.0], [3400.0, 25091.0], [3400.1, 1006.0], [3400.15, 4553.0], [3400.35, 1006.0]]}}}
{"jsonrpc": "2.0", "method": "subscription", "params": {"channel": "book.ETH-PERPETUAL.none.20.100ms", "data": {"timestamp": 1762614710650, "change_id": 95768649762, "instrument_name": "ETH-PERPETUAL", "bids": [[3398.15, 25706.0], [3397.9, 1294.0], [3397.85, 4335.0], [3397.8, 6566.0], [3397.75, 12317.0], [3397.7, 11100.0], [3397.65, 1509.0], [3397.6, 3371.0], [3397.55, 1685.0], [3397.5, 5484.0], [3397.45, 15000.0], [3397.35, 24642.0], [3397.25, 36691.0], [3397.2, 48065.0], [3397.15, 3364.0], [3397.1, 1157.0], [3397.05, 26819.0], [3397.0, 1004.0], [3396.95, 3364.0], [3396.7, 1004.0]], "asks": [[3398.2, 10703.0], [3398.5, 1294.0], [3398.55, 4335.0], [3398.6, 10986.0], [3398.65, 40000.0], [3399.0, 1294.0], [3399.1, 3371.0], [3399.15, 7722.0], [3399.2, 25139.0], [3399.35, 1006.0], [3399.4, 3371.0], [3399.75, 1008.0], [3399.85, 3371.0], [3399.95, 7490.0], [3400.0, 25091.0], [3400.1, 1006.0], [3400.15, 4553.0], [3400.35, 1006.0], [3400.45, 3371.0], [3400.55, 4017.0]]}}}
{"jsonrpc": "2.0", "method": "subscription", "params": {"channel": "book.ETH-PERPETUAL.none.20.100ms", "data": {"timestamp": 1762614710962, "change_id": 95768650212, "instrument_name": "ETH-PERPETUAL", "bids": [[3398.15, 28466.0], [3397.9, 1294.0], [3397.85, 4335.0], [3397.8, 6566.0], [3397.75, 12317.0], [3397.7, 11100.0], [3397.65, 1509.0], [3397.6, 3371.0], [3397.55, 1685.0], [3397.5, 5484.0], [3397.45, 15000.0], [3397.35, 24642.0], [3397.25, 36691.0], [3397.2, 48065.0], [3397.15, 3364.0], [3397.1, 1157.0], [3397.05, 26819.0], [3397.0, 1004.0], [3396.95, 3364.0], [3396.7, 1004.0]], "asks": [[3398.2, 35669.0], [3398.5, 1294.0], [3398.55, 4335.0], [3398.6, 3523.0], [3398.65, 15000.0], [3399.0, 1294.0], [3399.1, 3371.0], [3399.15, 7722.0], [3399.2, 25139.0], [3399.35, 1006.0], [3399.4, 3371.0], [3399.75, 1008.0], [3399.85, 3371.0], [3399.95, 7490.0], [3400.0, 25091.0], [3400.1, 1006.0], [3400.15, 4553.0], [3400.35, 1006.0], [3400.45, 3371.0], [3400.55, 4017.0]]}}}
{"jsonrpc": "2.0", "method": "subscription", "params": {"channel": "book.ETH-PERPETUAL.none.20.100ms", "data": {"timestamp": 1762614711269, "change_id": 95768650344, "instrument_name": "ETH-PERPETUAL", "bids": [[3398.15, 28506.0], [3397.95, 4488.0], [3397.9, 10700.0], [3397.85, 4335.0], [3397.8, 3313.0], [3397.75, 1217.0], [3397.7, 11100.0], [3397.65, 1509.0], [3397.6, 3371.0], [3397.55, 1685.0], [3397.5, 5484.0], [3397.45, 15000.0], [3397.35, 24642.0], [3397.25, 36691.0], [3397.2, 48065.0], [3397.15, 3364.0], [3397.1, 1157.0], [3397.05, 26819.0], [3397.0, 1004.0], [3396.95, 3364.0]], "asks": [[3398.2, 35669.0], [3398.5, 1294.0], [3398.55, 4335.0], [3398.6, 3523.0], [3398.65, 15000.0], [3399.0, 1294.0], [3399.1, 3371.0], [3399.15, 7722.0], [3399.2, 25139.0], [3399.35, 1006.0], [3399.4, 3371.0], [3399.75, 1008.0], [3399.85, 3371.0], [3399.95, 7490.0], [3400.0, 25091.0], [3400.1, 1006.0], [3400.15, 4553.0], [3400.35, 1006.0], [3400.45, 3371.0], [3400.55, 4017.0]]}}}
{"jsonrpc": "2.0", "method": "subscription", "params": {"channel": "book.ETH-PERPETUAL.none.20.100ms", "data": {"timestamp": 1762614711642, "change_id": 95768650864, "instrument_name": "ETH-PERPETUAL", "bids": [[3398.15, 28506.0], [3397.95, 4488.0], [3397.9, 10700.0], [3397.85, 4335.0], [3397.8, 3313.0], [3397.75, 1217.0], [3397.7, 11100.0], [3397.65, 1509.0], [3397.6, 3371.0], [3397.55, 1685.0], [3397.5, 5484.0], [3397.45, 15000.0], [3397.35, 24642.0], [3397.25, 36691.0], [3397.2, 48065.0], [3397.15, 3364.0], [3397.1, 1157.0], [3397.05, 26819.0], [3397.0, 1004.0], [3396.95, 3364.0]], "asks": [[3398.2, 35643.0], [3398.5, 1294.0], [3398.55, 4335.0], [3398.6, 3523.0], [3398.65, 15000.0], [3399.0, 1294.0], [3399.1, 3371.0], [3399.15, 7722.0], [3399.2, 25139.0], [3399.35, 1006.0], [3399.4, 3371.0], [3399.65, 7496.0], [3399.7, 25111.0], [3399.75, 1008.0], [3399.85, 3371.0], [3400.0, 90.0], [3400.1, 1006.0], [3400.15, 4553.0], [3400.35, 1006.0], [3400.45, 3371.0]]}}}
{"jsonrpc": "2.0", "method": "subscription", "params": {"channel": "book.ETH-PERPETUAL.none.20.100ms", "data": {"timestamp": 1762614711914, "change_id": 95768651436, "instrument_name": "ETH-PERPETUAL", "bids": [[3398.15, 30006.0], [3397.95, 4488.0], [3397.9, 10700.0], [3397.85, 4335.0], [3397.8, 3313.0], [3397.75, 1217.0], [3397.7, 11100.0], [3397.65, 1509.0], [3397.6, 3371.0], [3397.55, 1685.0], [3397.5, 5484.0], [3397.45, 15000.0], [3397.35, 3371.0], [3397.3, 33731.0], [3397.25, 56688.0], [3397.2, 11033.0], [3397.15, 3364.0], [3397.1, 1157.0], [3397.05, 26819.0], [3397.0, 1004.0]], "asks": [[3398.2, 35638.0], [3398.5, 1294.0], [3398.55, 4335.0], [3398.6, 3523.0], [3398.65, 15000.0], [3399.0, 1294.0], [3399.1, 3371.0], [3399.15, 7722.0], [3399.2, 25139.0], [3399.35, 1006.0], [3399.4, 3371.0], [3399.65, 7496.0], [3399.7, 25111.0], [3399.75, 1008.0], [3399.85, 3371.0], [3400.0, 90.0], [3400.1, 1006.0], [3400.15, 4553.0], [3400.35, 1006.0], [3400.45, 3371.0]]}}}
{"jsonrpc": "2.0", "method": "subscription", "params": {"channel": "book.ETH-PERPETUAL.none.20.100ms", "data": {"timestamp": 1762614712242, "change_id": 95768651574, "instrument_name": "ETH-PERPETUAL", "bids": [[3398.15, 26268.0], [3397.95, 6362.0], [3397.9, 10700.0], [3397.85, 4335.0], [3397.8, 11513.0], [3397.75, 1217.0], [3397.7, 11100.0], [3397.65, 1509.0], [3397.6, 3371.0], [3397.55, 1685.0], [3397.5, 5484.0], [3397.45, 15000.0], [3397.35, 3371.0], [3397.3, 33731.0], [3397.25, 56688.0], [3397.2, 11033.0], [3397.15, 3364.0], [3397.1, 1157.0], [3397.05, 26819.0], [3397.0, 1004.0]], "asks": [[3398.2, 10638.0], [3398.5, 8591.0], [3398.55, 29335.0], [3398.6, 3523.0], [3398.65, 15000.0], [3399.0, 1294.0], [3399.1, 3371.0], [3399.15, 7722.0], [3399.2, 25139.0], [3399.35, 1006.0], [3399.4, 3371.0], [3399.65, 7496.0], [3399.7, 25111.0], [3399.75, 1008.0], [3399.85, 3371.0], [3400.0, 90.0], [3400.1, 1006.0], [3400.15, 4553.0], [3400.35, 1006.0], [3400.45, 3371.0]]}}}
{"jsonrpc": "2.0", "method": "subscription", "params": {"channel": "book.ETH-PERPETUAL.none.20.100ms", "data": {"timestamp": 1762614712621, "change_id": 95768652636, "instrument_name": "ETH-PERPETUAL", "bids": [[3398.15, 27368.0], [3397.95, 6362.0], [3397.9, 10700.0], [3397.85, 4335.0], [3397.8, 11513.0], [3397.75, 1217.0], [3397.7, 11100.0], [3397.65, 1509.0], [3397.6, 3371.0], [3397.55, 1685.0], [3397.5, 10752.0], [3397.45, 15000.0], [3397.35, 23368.0], [3397.3, 29226.0], [3397.25, 36691.0], [3397.2, 11033.0], [3397.15, 3364.0], [3397.1, 1157.0], [3397.05, 26819.0], [3397.0, 1004.0]], "asks": [[3398.2, 161.0], [3398.3, 5000.0], [3398.5, 8591.0], [3398.55, 29335.0], [3398.6, 3523.0], [3398.65, 15000.0], [3399.0, 1294.0], [3399.1, 3371.0], [3399.2, 1685.0], [3399.35, 1006.0], [3399.4, 3371.0], [3399.65, 7496.0], [3399.7, 25111.0], [3399.75, 1008.0], [3399.85, 3371.0], [3400.0, 90.0], [3400.1, 1006.0], [3400.15, 4553.0], [3400.35, 1006.0], [3400.45, 3371.0]]}}}
{"jsonrpc": "2.0", "method": "subscription", "params": {"channel": "book.ETH-PERPETUAL.none.20.100ms", "data": {"timestamp": 1762614712928, "change_id": 95768653684, "instrument_name": "ETH-PERPETUAL", "bids": [[3398.25, 36512.0], [3398.15, 1000.0], [3397.95, 6362.0], [3397.9, 10700.0], [3397.85, 4335.0], [3397.8, 11513.0], [3397.75, 1217.0], [3397.7, 11100.0], [3397.65, 1509.0], [3397.6, 3371.0], [3397.55, 1685.0], [3397.5, 5484.0], [3397.45, 15000.0], [3397.35, 3371.0], [3397.3, 49223.0], [3397.25, 36691.0], [3397.2, 11033.0], [3397.15, 3364.0], [3397.1, 1157.0], [3397.05, 26819.0]], "asks": [[3398.3, 5179.0], [3398.5, 8591.0], [3398.55, 25000.0], [3398.6, 3523.0], [3398.65, 15000.0], [3398.75, 1294.0], [3398.8, 4335.0], [3399.0, 1294.0], [3399.1, 3371.0], [3399.2, 1685.0], [3399.35, 1006.0], [3399.4, 3371.0], [3399.65, 7496.0], [3399.7, 25111.0], [3399.75, 1008.0], [3399.85, 3371.0], [3400.0, 90.0], [3400.1, 1006.0], [3400.15, 4553.0], [3400.35, 1006.0]]}}}
{"jsonrpc": "2.0", "method": "subscription", "params": {"channel": "book.ETH-PERPETUAL.none.20.100ms", "data": {"timestamp": 1762614713199, "change_id": 95768654041, "instrument_name": "ETH-PERPETUAL", "bids": [[3398.25, 36512.0], [3398.15, 1000.0], [3397.95, 9436.0], [3397.9, 10700.0], [3397.85, 15435.0], [3397.8, 11513.0], [3397.75, 1217.0], [3397.7, 11100.0], [3397.65, 1509.0], [3397.6, 3371.0], [3397.55, 1685.0], [3397.5, 5484.0], [3397.45, 15000.0], [3397.35, 26098.0], [3397.3, 37770.0], [3397.25, 36691.0], [3397.2, 11033.0], [3397.15, 3364.0], [3397.1, 1157.0], [3397.05, 26819.0]], "asks": [[3398.3, 5193.0], [3398.5, 8591.0], [3398.55, 25000.0], [3398.6, 3523.0], [3398.65, 15000.0], [3398.75, 1294.0], [3398.8, 4335.0], [3399.0, 1294.0], [3399.1, 3371.0], [3399.2, 1685.0], [3399.35, 1006.0], [3399.4, 3371.0], [3399.65, 7496.0], [3399.7, 25111.0], [3399.75, 1008.0], [3399.85, 3371.0], [3400.0, 90.0], [3400.1, 1006.0], [3400.15, 4553.0], [3400.35, 1006.0]]}}}
{"jsonrpc": "2.0", "method": "subscription", "params": {"channel": "book.ETH-PERPETUAL.none.20.100ms", "data": {"timestamp": 1762614713622, "change_id": 95768654712, "instrument_name": "ETH-PERPETUAL", "bids": [[3398.25, 36512.0], [3398.15, 1000.0], [3397.95, 9436.0], [3397.9, 10700.0], [3397.85, 15435.0], [3397.8, 11513.0], [3397.75, 1217.0], [3397.7, 11100.0], [3397.65, 1509.0], [3397.6, 3371.0], [3397.55, 1685.0], [3397.5, 5484.0], [3397.45, 15000.0], [3397.35, 26098.0], [3397.3, 37770.0], [3397.25, 36691.0], [3397.2, 11033.0], [3397.15, 3364.0], [3397.1, 1157.0], [3397.05, 26819.0]], "asks": [[3398.3, 5202.0], [3398.5, 8591.0], [3398.55, 25000.0], [3398.6, 3523.0], [3398.65, 15000.0], [3398.75, 1294.0], [3398.8, 4335.0], [3399.0, 7842.0], [3399.05, 23453.0], [3399.1, 3371.0], [3399.2, 1685.0], [3399.35, 1006.0], [3399.4, 3371.0], [3399.65, 7496.0], [3399.7, 25111.0], [3399.75, 1008.0], [3399.85, 3371.0], [3400.0, 90.0], [3400.1, 1006.0], [3400.15, 4553.0]]}}}
{"jsonrpc": "2.0", "method": "subscription", "params": {"channel": "book.ETH-PERPETUAL.none.20.100ms", "data": {"timestamp": 1762614713926, "change_id": 95768655347, "instrument_name": "ETH-PERPETUAL", "bids": [[3398.25, 36512.0], [3398.15, 1000.0], [3397.95, 9436.0], [3397.9, 10700.0], [3397.85, 15435.0], [3397.8, 23332.0], [3397.75, 1217.0], [3397.7, 11100.0], [3397.65, 1509.0], [3397.6, 3371.0], [3397.55, 1685.0], [3397.5, 5484.0], [3397.45, 15000.0], [3397.35, 26098.0], [3397.3, 37770.0], [3397.25, 36691.0], [3397.2, 1678.0], [3397.15, 3364.0], [3397.1, 1157.0], [3397.05, 15000.0]], "asks": [[3398.3, 5202.0], [3398.5, 8591.0], [3398.55, 25000.0], [3398.6, 3523.0], [3398.65, 15000.0], [3398.75, 1294.0], [3398.8, 4335.0], [3399.0, 7842.0], [3399.05, 23453.0], [3399.1, 3371.0], [3399.2, 1685.0], [3399.35, 1006.0], [3399.4, 3371.0], [3399.75, 8411.0], [3399.85, 28609.0], [3400.0, 90.0], [3400.1, 1006.0], [3400.15, 4553.0], [3400.35, 1006.0], [3400.45, 3371.0]]}}}
{"jsonrpc": "2.0", "method": "subscription", "params": {"channel": "book.ETH-PERPETUAL.none.20.100ms", "data": {"timestamp": 1762614714283, "change_id": 95768655614, "instrument_name": "ETH-PERPETUAL", "bids": [[3398.25, 36512.0], [3398.15, 1000.0], [3398.05, 3313.0], [3398.0, 11100.0], [3397.95, 9436.0], [3397.9, 10700.0], [3397.85, 15435.0], [3397.8, 11819.0], [3397.75, 1217.0], [3397.65, 1509.0], [3397.6, 3371.0], [3397.55, 1685.0], [3397.5, 5484.0], [3397.45, 15000.0], [3397.35, 26098.0], [3397.3, 37770.0], [3397.25, 36691.0], [3397.2, 1678.0], [3397.15, 8187.0], [3397.1, 1157.0]], "asks": [[3398.3, 5201.0], [3398.55, 25000.0], [3398.6, 3523.0], [3398.65, 15000.0], [3398.75, 1294.0], [3398.8, 4335.0], [3399.0, 7842.0], [3399.05, 23453.0], [3399.1, 3371.0], [3399.2, 1685.0], [3399.35, 1006.0], [3399.4, 3371.0], [3399.75, 8411.0], [3399.85, 28609.0], [3400.0, 90.0], [3400.1, 1006.0], [3400.15, 4553.0], [3400.35, 1006.0], [3400.45, 3371.0], [3400.55, 4017.0]]}}}
{"jsonrpc": "2.0", "method": "subscription", "params": {"channel": "book.ETH-PERPETUAL.none.20.100ms", "data": {"timestamp": 1762614714605, "change_id": 95768656016, "instrument_name": "ETH-PERPETUAL", "bids": [[3398.25, 24801.0], [3398.15, 1000.0], [3397.95, 9436.0], [3397.9, 10700.0], [3397.85, 4335.0], [3397.8, 11819.0], [3397.75, 1217.0], [3397.65, 1509.0], [3397.6, 3371.0], [3397.55, 1685.0], [3397.5, 5484.0], [3397.45, 15000.0], [3397.35, 3371.0], [3397.25, 36691.0], [3397.2, 21675.0], [3397.15, 8187.0], [3397.1, 18930.0], [3397.05, 15000.0], [3397.0, 1004.0], [3396.95, 3364.0]], "asks": [[3398.3, 10892.0], [3398.5, 7463.0], [3398.55, 25000.0], [3398.6, 3523.0], [3398.65, 15000.0], [3398.75, 1294.0], [3398.8, 4335.0], [3399.0, 7842.0], [3399.05, 23453.0], [3399.1, 3371.0], [3399.2, 1685.0], [3399.35, 1006.0], [3399.4, 3371.0], [3399.75, 8411.0], [3399.85, 28609.0], [3400.0, 90.0], [3400.1, 1006.0], [3400.15, 4553.0], [3400.35, 1006.0], [3400.45, 3371.0]]}}}
{"jsonrpc": "2.0", "method": "subscription", "params": {"channel": "book.ETH-PERPETUAL.none.20.100ms", "data": {"timestamp": 1762614714905, "change_id": 95768656593, "instrument_name": "ETH-PERPETUAL", "bids": [[3398.25, 24701.0], [3398.15, 1000.0], [3397.95, 9436.0], [3397.9, 10700.0], [3397.85, 4335.0], [3397.8, 11819.0], [3397.75, 1217.0], [3397.65, 1509.0], [3397.6, 3371.0], [3397.55, 1685.0], [3397.5, 5484.0], [3397.45, 15000.0], [3397.35, 3371.0], [3397.3, 37770.0], [3397.25, 36691.0], [3397.2, 1678.0], [3397.15, 8187.0], [3397.1, 1157.0], [3397.05, 15000.0], [3397.0, 1004.0]], "asks": [[3398.3, 36276.0], [3398.6, 3523.0], [3398.65, 15000.0], [3398.75, 1294.0], [3398.8, 4335.0], [3399.0, 7842.0], [3399.05, 23453.0], [3399.1, 3371.0], [3399.2, 1685.0], [3399.35, 1006.0], [3399.4, 3371.0], [3399.75, 8411.0], [3399.85, 28609.0], [3400.0, 90.0], [3400.1, 1006.0], [3400.15, 4553.0], [3400.35, 1006.0], [3400.45, 3371.0], [3400.55, 4017.0], [3400.6, 4298.0]]}}}
{"jsonrpc": "2.0", "method": "subscription", "params": {"channel": "book.ETH-PERPETUAL.none.20.100ms", "data": {"timestamp": 1762614715223, "change_id": 95768656707, "instrument_name": "ETH-PERPETUAL", "bids": [[3398.25, 24701.0], [3398.15, 1000.0], [3398.05, 2836.0], [3398.0, 9500.0], [3397.95, 9436.0], [3397.9, 10700.0], [3397.85, 4335.0], [3397.8, 11819.0], [3397.75, 1217.0], [3397.65, 1509.0], [3397.6, 3371.0], [3397.55, 1685.0], [3397.5, 5484.0], [3397.45, 15000.0], [3397.35, 3371.0], [3397.3, 22727.0], [3397.25, 36691.0], [3397.2, 39448.0], [3397.15, 8187.0], [3397.1, 1157.0]], "asks": [[3398.3, 36268.0], [3398.6, 3523.0], [3398.65, 15000.0], [3398.75, 1294.0], [3398.8, 4335.0], [3399.0, 7842.0], [3399.05, 23453.0], [3399.1, 3371.0], [3399.2, 1685.0], [3399.35, 1006.0], [3399.4, 3371.0], [3399.75, 8411.0], [3399.85, 28609.0], [3400.0, 90.0], [3400.1, 1006.0], [3400.15, 4553.0], [3400.35, 1006.0], [3400.45, 3371.0], [3400.55, 4017.0], [3400.6, 4298.0]]}}}
{"jsonrpc": "2.0", "method": "subscription", "params": {"channel": "book.ETH-PERPETUAL.none.20.100ms", "data": {"timestamp": 1762614715553, "change_id": 95768656886, "instrument_name": "ETH-PERPETUAL", "bids": [[3398.25, 24701.0], [3398.15, 1000.0], [3398.05, 2836.0], [3398.0, 9500.0], [3397.95, 9436.0], [3397.9, 10700.0], [3397.85, 4335.0], [3397.8, 11819.0], [3397.75, 1217.0], [3397.65, 1509.0], [3397.6, 3371.0], [3397.55, 1685.0], [3397.5, 5484.0], [3397.45, 15000.0], [3397.35, 3371.0], [3397.25, 56688.0], [3397.2, 19451.0], [3397.15, 8187.0], [3397.1, 1157.0], [3397.05, 15000.0]], "asks": [[3398.3, 36290.0], [3398.6, 3523.0], [3398.65, 15000.0], [3398.75, 1294.0], [3398.8, 4335.0], [3399.0, 7842.0], [3399.05, 23453.0], [3399.1, 3371.0], [3399.2, 1685.0], [3399.35, 1006.0], [3399.4, 3371.0], [3399.75, 8411.0], [3399.85, 28609.0], [3400.0, 90.0], [3400.1, 1006.0], [3400.15, 4553.0], [3400.35, 1006.0], [3400.45, 3371.0], [3400.55, 4017.0], [3400.6, 4298.0]]}}}
{"jsonrpc": "2.0", "method": "subscription", "params": {"channel": "book.ETH-PERPETUAL.none.20.100ms", "data": {"timestamp": 1762614715894, "change_id": 95768657634, "instrument_name": "ETH-PERPETUAL", "bids": [[3398.25, 24701.0], [3398.15, 1000.0], [3398.05, 2836.0], [3398.0, 9500.0], [3397.95, 9436.0], [3397.9, 10700.0], [3397.85, 4335.0], [3397.8, 11819.0], [3397.75, 1217.0], [3397.65, 1509.0], [3397.6, 3371.0], [3397.55, 1685.0], [3397.5, 5484.0], [3397.45, 15000.0], [3397.35, 3371.0], [3397.25, 56688.0], [3397.2, 19451.0], [3397.15, 8187.0], [3397.1, 1157.0], [3397.05, 15000.0]], "asks": [[3398.3, 36248.0], [3398.6, 3523.0], [3398.65, 15000.0], [3398.75, 1294.0], [3398.8, 4335.0], [3399.0, 7842.0], [3399.05, 23453.0], [3399.1, 3371.0], [3399.2, 1685.0], [3399.35, 1006.0], [3399.4, 3371.0], [3399.75, 1008.0], [3399.85, 3371.0], [3400.0, 90.0], [3400.1, 1006.0], [3400.15, 4553.0], [3400.35, 1006.0], [3400.45, 3371.0], [3400.55, 4017.0], [3400.6, 4298.0]]}}}
{"jsonrpc": "2.0", "method": "subscription", "params": {"channel": "book.ETH-PERPETUAL.none.20.100ms", "data": {"timestamp": 1762614716265, "change_id": 95768657759, "instrument_name": "ETH-PERPETUAL", "bids": [[3398.25, 24701.0], [3398.15, 1000.0], [3397.95, 4822.0], [3397.85, 4335.0], [3397.8, 11819.0], [3397.75, 1217.0], [3397.65, 1509.0], [3397.6, 3371.0], [3397.55, 1685.0], [3397.5, 5484.0], [3397.45, 15000.0], [3397.35, 3371.0], [3397.3, 22727.0], [3397.25, 56688.0], [3397.2, 19451.0], [3397.15, 8187.0], [3397.1, 1157.0], [3397.05, 15000.0], [3397.0, 1004.0], [3396.95, 3364.0]], "asks": [[3398.3, 35876.0], [3398.6, 3523.0], [3398.65, 15000.0], [3398.75, 1294.0], [3398.8, 4335.0], [3399.0, 7842.0], [3399.05, 23453.0], [3399.1, 3371.0], [3399.2, 1685.0], [3399.35, 1006.0], [3399.4, 3371.0], [3399.65, 7459.0], [3399.7, 24987.0], [3399.75, 1008.0], [3399.85, 3371.0], [3400.0, 90.0], [3400.1, 1006.0], [3400.15, 4553.0], [3400.35, 1006.0], [3400.45, 3371.0]]}}}
{"jsonrpc": "2.0", "method": "subscription", "params": {"channel": "book.ETH-PERPETUAL.none.20.100ms", "data": {"timestamp": 1762614716591, "change_id": 95768658175, "instrument_name": "ETH-PERPETUAL", "bids": [[3398.25, 22846.0], [3398.15, 1000.0], [3397.95, 4822.0], [3397.85, 4335.0], [3397.8, 11819.0], [3397.75, 1227.0], [3397.65, 1509.0], [3397.6, 3371.0], [3397.55, 1685.0], [3397.5, 1011.0], [3397.35, 3371.0], [3397.25, 56693.0], [3397.2, 19451.0], [3397.15, 8187.0], [3397.1, 1157.0], [3397.05, 15000.0], [3397.0, 1004.0], [3396.95, 3364.0], [3396.7, 1004.0], [3396.65, 3364.0]], "asks": [[3398.3, 11250.0], [3398.55, 7463.0], [3398.6, 25000.0], [3398.75, 5606.0], [3398.8, 19335.0], [3399.0, 7842.0], [3399.05, 23453.0], [3399.1, 3371.0], [3399.2, 1685.0], [3399.35, 1006.0], [3399.4, 3371.0], [3399.65, 7459.0], [3399.7, 24987.0], [3399.75, 1008.0], [3399.85, 3371.0], [3400.0, 90.0], [3400.1, 1006.0], [3400.15, 4553.0], [3400.35, 1006.0], [3400.45, 3371.0]]}}}
{"jsonrpc": "2.0", "method": "subscription", "params": {"channel": "book.ETH-PERPETUAL.none.20.100ms", "data": {"timestamp": 1762614716899, "change_id": 95768658811, "instrument_name": "ETH-PERPETUAL", "bids": [[3398.25, 22946.0], [3397.95, 4822.0], [3397.85, 4335.0], [3397.8, 11819.0], [3397.75, 1227.0], [3397.65, 1509.0], [3397.6, 3371.0], [3397.55, 1685.0], [3397.5, 1011.0], [3397.35, 3371.0], [3397.3, 15000.0], [3397.25, 56693.0], [3397.2, 19451.0], [3397.15, 8187.0], [3397.1, 1157.0], [3397.05, 15000.0], [3397.0, 1004.0], [3396.95, 3364.0], [3396.7, 1004.0], [3396.65, 3364.0]], "asks": [[3398.3, 36497.0], [3398.75, 5606.0], [3398.8, 19335.0], [3399.0, 7842.0], [3399.05, 23453.0], [3399.1, 3371.0], [3399.2, 1685.0], [3399.35, 1006.0], [3399.4, 3371.0], [3399.65, 7459.0], [3399.7, 24987.0], [3399.75, 1008.0], [3399.85, 3371.0], [3400.0, 90.0], [3400.1, 1006.0], [3400.15, 4553.0], [3400.35, 1006.0], [3400.45, 3371.0], [3400.55, 4017.0], [3400.6, 4298.0]]}}}
{"jsonrpc": "2.0", "method": "subscription", "params": {"channel": "book.ETH-PERPETUAL.none.20.100ms", "data": {"timestamp": 1762614717250, "change_id": 95768658918, "instrument_name": "ETH-PERPETUAL", "bids": [[3398.25, 22946.0], [3397.95, 7519.0], [3397.85, 15435.0], [3397.8, 11819.0], [3397.75, 1227.0], [3397.65, 1509.0], [3397.6, 3371.0], [3397.55, 1685.0], [3397.5, 1011.0], [3397.35, 3371.0], [3397.3, 37729.0], [3397.25, 56693.0], [3397.2, 19451.0], [3397.15, 8187.0], [3397.1, 1157.0], [3397.05, 15000.0], [3397.0, 1004.0], [3396.95, 3364.0], [3396.7, 1004.0], [3396.65, 3364.0]], "asks": [[3398.3, 36411.0], [3398.75, 5606.0], [3398.8, 19335.0], [3399.0, 7842.0], [3399.05, 23453.0], [3399.1, 3371.0], [3399.2, 1685.0], [3399.35, 1006.0], [3399.4, 3371.0], [3399.65, 7459.0], [3399.7, 24987.0], [3399.75, 1008.0], [3399.85, 3371.0], [3400.0, 90.0], [3400.1, 1006.0], [3400.15, 4553.0], [3400.35, 1006.0], [3400.45, 3371.0], [3400.55, 4017.0], [3400.6, 4298.0]]}}}
{"jsonrpc": "2.0", "method": "subscription", "params": {"channel": "book.ETH-PERPETUAL.none.20.100ms", "data": {"timestamp": 1762614717582, "change_id": 95768659226, "instrument_name": "ETH-PERPETUAL", "bids": [[3398.25, 22946.0], [3397.95, 8519.0], [3397.85, 15435.0], [3397.8, 11819.0], [3397.75, 1227.0], [3397.65, 1509.0], [3397.6, 3371.0], [3397.55, 1685.0], [3397.5, 6316.0], [3397.4, 17773.0], [3397.35, 3371.0], [3397.3, 34997.0], [3397.25, 36696.0], [3397.2, 1678.0], [3397.15, 8187.0], [3397.1, 1157.0], [3397.05, 15000.0], [3397.0, 1004.0], [3396.95, 3364.0], [3396.7, 1004.0]], "asks": [[3398.3, 30735.0], [3398.75, 5606.0], [3398.8, 19335.0], [3399.0, 7842.0], [3399.05, 23453.0], [3399.1, 3371.0], [3399.2, 1685.0], [3399.35, 1006.0], [3399.4, 3371.0], [3399.65, 7459.0], [3399.7, 24987.0], [3399.75, 1008.0], [3399.85, 3371.0], [3400.0, 90.0], [3400.05, 120.0], [3400.1, 1006.0], [3400.15, 4553.0], [3400.35, 1006.0], [3400.45, 3371.0], [3400.55, 4017.0]]}}}
{"jsonrpc": "2.0", "method": "subscription", "params": {"channel": "book.ETH-PERPETUAL.none.20.100ms", "data": {"timestamp": 1762614717837, "change_id": 95768659701, "instrument_name": "ETH-PERPETUAL", "bids": [[3398.25, 22946.0], [3397.95, 7519.0], [3397.85, 15435.0], [3397.8, 11819.0], [3397.75, 1227.0], [3397.65, 1509.0], [3397.6, 3371.0], [3397.55, 1685.0], [3397.5, 1011.0], [3397.35, 3371.0], [3397.3, 15000.0], [3397.25, 36696.0], [3397.2, 39448.0], [3397.15, 8187.0], [3397.1, 1157.0], [3397.05, 15000.0], [3397.0, 1004.0], [3396.95, 3364.0], [3396.7, 1004.0], [3396.65, 3364.0]], "asks": [[3398.3, 30190.0], [3398.75, 5606.0], [3398.8, 19335.0], [3399.0, 7842.0], [3399.05, 23453.0], [3399.1, 3371.0], [3399.2, 1685.0], [3399.35, 1006.0], [3399.4, 3371.0], [3399.65, 7459.0], [3399.7, 24987.0], [3399.75, 1008.0], [3399.85, 3371.0], [3400.0, 90.0], [3400.05, 120.0], [3400.1, 1006.0], [3400.15, 4553.0], [3400.35, 1006.0], [3400.45, 3371.0], [3400.55, 4017.0]]}}}
{"jsonrpc": "2.0", "method": "subscription", "params": {"channel": "book.ETH-PERPETUAL.none.20.100ms", "data": {"timestamp": 1762614718240, "change_id": 95768660004, "instrument_name": "ETH-PERPETUAL", "bids": [[3398.25, 22846.0], [3397.95, 10487.0], [3397.9, 11100.0], [3397.85, 15435.0], [3397.8, 11819.0], [3397.75, 1227.0], [3397.65, 1509.0], [3397.6, 3371.0], [3397.55, 1685.0], [3397.5, 1011.0], [3397.35, 3371.0], [3397.3, 15000.0], [3397.25, 36696.0], [3397.2, 39448.0], [3397.15, 8187.0], [3397.1, 1157.0], [3397.05, 15000.0], [3397.0, 1004.0], [3396.95, 3364.0], [3396.7, 1004.0]], "asks": [[3398.3, 30701.0], [3398.75, 5606.0], [3398.8, 19335.0], [3399.0, 7842.0], [3399.05, 23453.0], [3399.1, 3371.0], [3399.2, 1685.0], [3399.35, 1006.0], [3399.4, 3371.0], [3399.75, 1008.0], [3399.85, 3371.0], [3400.0, 90.0], [3400.1, 1006.0], [3400.15, 4553.0], [3400.35, 1006.0], [3400.45, 3371.0], [3400.55, 4017.0], [3400.6, 4298.0], [3400.65, 15249.0], [3400.7, 27500.0]]}}}
{"jsonrpc": "2.0", "method": "subscription", "params": {"channel": "book.ETH-PERPETUAL.none.20.100ms", "data": {"timestamp": 1762614718480, "change_id": 95768660089, "instrument_name": "ETH-PERPETUAL", "bids": [[3398.25, 22846.0], [3397.95, 10487.0], [3397.9, 11100.0], [3397.85, 4335.0], [3397.8, 11819.0], [3397.75, 1227.0], [3397.65, 1509.0], [3397.6, 3371.0], [3397.55, 1685.0], [3397.5, 1011.0], [3397.35, 3371.0], [3397.3, 37729.0], [3397.25, 36696.0], [3397.2, 39448.0], [3397.15, 8187.0], [3397.1, 1157.0], [3397.05, 15000.0], [3397.0, 1004.0], [3396.95, 3364.0], [3396.7, 1004.0]], "asks": [[3398.3, 30700.0], [3398.75, 5606.0], [3398.8, 19335.0], [3399.0, 7842.0], [3399.05, 23453.0], [3399.1, 3371.0], [3399.2, 1685.0], [3399.35, 1006.0], [3399.4, 3371.0], [3399.65, 7227.0], [3399.7, 24211.0], [3399.75, 1008.0], [3399.85, 3371.0], [3400.0, 90.0], [3400.1, 1006.0], [3400.15, 4553.0], [3400.35, 1006.0], [3400.45, 3371.0], [3400.55, 4017.0], [3400.6, 4298.0]]}}}
{"jsonrpc": "2.0", "method": "subscription", "params": {"channel": "book.ETH-PERPETUAL.none.20.100ms", "data": {"timestamp": 1762614718847, "change_id": 95768660732, "instrument_name": "ETH-PERPETUAL", "bids": [[3398.25, 22946.0], [3397.95, 10487.0], [3397.9, 11100.0], [3397.85, 4335.0], [3397.8, 11819.0], [3397.75, 1227.0], [3397.65, 1509.0], [3397.6, 3371.0], [3397.55, 1685.0], [3397.5, 1011.0], [3397.35, 3371.0], [3397.3, 37729.0], [3397.25, 36696.0], [3397.2, 39448.0], [3397.15, 8187.0], [3397.1, 1157.0], [3397.05, 15000.0], [3397.0, 1004.0], [3396.95, 3364.0], [3396.7, 1004.0]], "asks": [[3398.3, 45350.0], [3398.45, 384.0], [3398.75, 1294.0], [3398.8, 4335.0], [3399.0, 1294.0], [3399.1, 3371.0], [3399.2, 1685.0], [3399.35, 1006.0], [3399.4, 3371.0], [3399.65, 7227.0], [3399.7, 24211.0], [3399.75, 1008.0], [3399.85, 3371.0], [3400.0, 90.0], [3400.1, 1006.0], [3400.15, 4553.0], [3400.35, 1006.0], [3400.45, 3371.0], [3400.55, 4017.0], [3400.6, 4298.0]]}}}
{"jsonrpc": "2.0", "method": "subscription", "params": {"channel": "book.ETH-PERPETUAL.none.20.100ms", "data": {"timestamp": 1762614719238, "change_id": 95768661041, "instrument_name": "ETH-PERPETUAL", "bids": [[3398.25, 22846.0], [3397.95, 4822.0], [3397.85, 4335.0], [3397.8, 11819.0], [3397.75, 1227.0], [3397.65, 1509.0], [3397.6, 3371.0], [3397.55, 1685.0], [3397.5, 1011.0], [3397.35, 3371.0], [3397.3, 37729.0], [3397.25, 36696.0], [3397.2, 39448.0], [3397.15, 8187.0], [3397.1, 1157.0], [3397.05, 15000.0], [3397.0, 1004.0], [3396.95, 3364.0], [3396.7, 1004.0], [3396.65, 3364.0]], "asks": [[3398.3, 45301.0], [3398.45, 384.0], [3398.75, 1294.0], [3398.8, 4335.0], [3399.0, 7842.0], [3399.05, 23453.0], [3399.1, 3371.0], [3399.2, 1685.0], [3399.35, 1006.0], [3399.4, 3371.0], [3399.65, 7227.0], [3399.7, 24211.0], [3399.75, 1008.0], [3399.85, 3371.0], [3400.0, 90.0], [3400.1, 1006.0], [3400.15, 4553.0], [3400.35, 1006.0], [3400.45, 3371.0], [3400.55, 4017.0]]}}}
{"jsonrpc": "2.0", "method": "subscription", "params": {"channel": "book.ETH-PERPETUAL.none.20.100ms", "data": {"timestamp": 1762614719561, "change_id": 95768661292, "instrument_name": "ETH-PERPETUAL", "bids": [[3398.25, 22846.0], [3398.0, 90.0], [3397.95, 4822.0], [3397.85, 4335.0], [3397.8, 11819.0], [3397.75, 1227.0], [3397.65, 1509.0], [3397.6, 3371.0], [3397.55, 1685.0], [3397.5, 1011.0], [3397.35, 3371.0], [3397.3, 32773.0], [3397.25, 56693.0], [3397.2, 1678.0], [3397.15, 8187.0], [3397.1, 1157.0], [3397.05, 15000.0], [3397.0, 1004.0], [3396.95, 3364.0], [3396.7, 1004.0]], "asks": [[3398.3, 30433.0], [3398.45, 384.0], [3398.75, 1294.0], [3398.8, 4335.0], [3399.0, 1294.0], [3399.1, 3371.0], [3399.2, 1685.0], [3399.35, 1006.0], [3399.4, 3371.0], [3399.65, 7227.0], [3399.7, 24211.0], [3399.75, 1008.0], [3399.85, 3371.0], [3400.0, 90.0], [3400.1, 1006.0], [3400.15, 4553.0], [3400.35, 1006.0], [3400.45, 3371.0], [3400.55, 4017.0], [3400.6, 4298.0]]}}}
{"jsonrpc": "2.0", "method": "subscription", "params": {"channel": "book.ETH-PERPETUAL.none.20.100ms", "data": {"timestamp": 1762614719807, "change_id": 95768661785, "instrument_name": "ETH-PERPETUAL", "bids": [[3398.25, 22846.0], [3398.0, 90.0], [3397.95, 4822.0], [3397.85, 4335.0], [3397.8, 11819.0], [3397.75, 1227.0], [3397.65, 1509.0], [3397.6, 3371.0], [3397.55, 1685.0], [3397.5, 1011.0], [3397.35, 3371.0], [3397.3, 32773.0], [3397.25, 36696.0], [3397.2, 21675.0], [3397.15, 8187.0], [3397.1, 1157.0], [3397.05, 15000.0], [3397.0, 1004.0], [3396.95, 3364.0], [3396.7, 1004.0]], "asks": [[3398.3, 30587.0], [3398.45, 384.0], [3398.6, 4478.0], [3398.65, 15000.0], [3398.75, 1294.0], [3398.8, 4335.0], [3398.9, 7000.0], [3398.95, 23452.0], [3399.0, 1294.0], [3399.1, 3371.0], [3399.2, 1685.0], [3399.35, 1006.0], [3399.4, 3371.0], [3399.65, 7227.0], [3399.7, 24211.0], [3399.75, 1008.0], [3399.85, 3371.0], [3400.0, 90.0], [3400.1, 1006.0], [3400.15, 4553.0]]}}}
{"jsonrpc": "2.0", "method": "subscription", "params": {"channel": "book.ETH-PERPETUAL.none.20.100ms", "data": {"timestamp": 1762614720226, "change_id": 95768662223, "instrument_name": "ETH-PERPETUAL", "bids": [[3398.25, 22846.0], [3398.0, 90.0], [3397.95, 7519.0], [3397.85, 15435.0], [3397.8, 11819.0], [3397.75, 1227.0], [3397.65, 1509.0], [3397.6, 3371.0], [3397.55, 1685.0], [3397.5, 1011.0], [3397.35, 3371.0], [3397.3, 52770.0], [3397.25, 36696.0], [3397.2, 1678.0], [3397.15, 8187.0], [3397.1, 1157.0], [3397.05, 15000.0], [3397.0, 1004.0], [3396.95, 3364.0], [3396.7, 1004.0]], "asks": [[3398.3, 30566.0], [3398.35, 384.0], [3398.55, 4478.0], [3398.6, 15000.0], [3398.75, 1294.0], [3398.8, 4335.0], [3398.9, 7000.0], [3398.95, 23452.0], [3399.0, 1294.0], [3399.1, 3371.0], [3399.2, 1685.0], [3399.35, 1006.0], [3399.4, 3371.0], [3399.75, 1008.0], [3399.85, 3371.0], [3400.0, 90.0], [3400.1, 1006.0], [3400.15, 4553.0], [3400.35, 1006.0], [3400.45, 3371.0]]}}}
{"jsonrpc": "2.0", "method": "subscription", "params": {"channel": "book.ETH-PERPETUAL.none.20.100ms", "data": {"timestamp": 1762614720559, "change_id": 95768662445, "instrument_name": "ETH-PERPETUAL", "bids": [[3398.25, 22946.0], [3398.0, 90.0], [3397.95, 7519.0], [3397.85, 15435.0], [3397.8, 11819.0], [3397.75, 1227.0], [3397.65, 1509.0], [3397.6, 3371.0], [3397.55, 1685.0], [3397.5, 1011.0], [3397.35, 30577.0], [3397.3, 52770.0], [3397.25, 36696.0], [3397.2, 1678.0], [3397.15, 8187.0], [3397.1, 1157.0], [3397.05, 15000.0], [3397.0, 1004.0], [3396.95, 3364.0], [3396.7, 1004.0]], "asks": [[3398.3, 30169.0], [3398.55, 4862.0], [3398.6, 15000.0], [3398.75, 1294.0], [3398.8, 4335.0], [3398.9, 7000.0], [3398.95, 23452.0], [3399.0, 1294.0], [3399.1, 3371.0], [3399.2, 1685.0], [3399.35, 1006.0], [3399.4, 3371.0], [3399.65, 7577.0], [3399.7, 25384.0], [3399.75, 1008.0], [3399.85, 3371.0], [3400.0, 90.0], [3400.05, 120.0], [3400.1, 1006.0], [3400.15, 4553.0]]}}}
{"jsonrpc": "2.0", "method": "subscription", "params": {"channel": "book.ETH-PERPETUAL.none.20.100ms", "data": {"timestamp": 1762614720855, "change_id": 95768662966, "instrument_name": "ETH-PERPETUAL", "bids": [[3398.25, 22846.0], [3398.0, 90.0], [3397.95, 7519.0], [3397.85, 15435.0], [3397.8, 11819.0], [3397.75, 1227.0], [3397.65, 1509.0], [3397.6, 3371.0], [3397.55, 1685.0], [3397.5, 1011.0], [3397.35, 30577.0], [3397.3, 52770.0], [3397.25, 36696.0], [3397.2, 1678.0], [3397.15, 8187.0], [3397.1, 1157.0], [3397.05, 15000.0], [3397.0, 1004.0], [3396.95, 3364.0], [3396.7, 1004.0]], "asks": [[3398.3, 30291.0], [3398.55, 4862.0], [3398.6, 15000.0], [3398.75, 1294.0], [3398.8, 4335.0], [3398.9, 7000.0], [3398.95, 23452.0], [3399.0, 1294.0], [3399.1, 3371.0], [3399.2, 1685.0], [3399.35, 1006.0], [3399.4, 3371.0], [3399.65, 7577.0], [3399.7, 25384.0], [3399.75, 1008.0], [3399.85, 3371.0], [3400.0, 90.0], [3400.05, 120.0], [3400.1, 1006.0], [3400.15, 4553.0]]}}}
{"jsonrpc": "2.0", "method": "subscription", "params": {"channel": "book.ETH-PERPETUAL.none.20.100ms", "data": {"timestamp": 1762614721187, "change_id": 95768663254, "instrument_name": "ETH-PERPETUAL", "bids": [[3398.25, 22846.0], [3398.05, 3370.0], [3398.0, 11290.0], [3397.95, 7519.0], [3397.85, 15435.0], [3397.8, 11819.0], [3397.75, 1227.0], [3397.65, 1509.0], [3397.6, 3371.0], [3397.55, 1685.0], [3397.5, 1011.0], [3397.35, 30577.0], [3397.3, 52770.0], [3397.25, 36696.0], [3397.2, 1678.0], [3397.15, 8187.0], [3397.1, 1157.0], [3397.05, 15000.0], [3397.0, 1004.0], [3396.95, 3364.0]], "asks": [[3398.3, 30315.0], [3398.55, 4862.0], [3398.6, 15000.0], [3398.75, 1294.0], [3398.8, 4335.0], [3398.9, 7000.0], [3398.95, 23452.0], [3399.0, 1294.0], [3399.1, 3371.0], [3399.2, 1685.0], [3399.35, 1006.0], [3399.4, 3371.0], [3399.65, 7577.0], [3399.7, 25384.0], [3399.75, 1008.0], [3399.85, 3371.0], [3400.0, 90.0], [3400.05, 120.0], [3400.1, 1006.0], [3400.15, 4553.0]]}}}
{"jsonrpc": "2.0", "method": "subscription", "params": {"channel": "book.ETH-PERPETUAL.none.20.100ms", "data": {"timestamp": 1762614721549, "change_id": 95768663448, "instrument_name": "ETH-PERPETUAL", "bids": [[3398.25, 22846.0], [3398.0, 90.0], [3397.95, 2697.0], [3397.8, 11819.0], [3397.75, 1227.0], [3397.7, 4335.0], [3397.65, 1509.0], [3397.6, 3371.0], [3397.55, 1685.0], [3397.5, 1011.0], [3397.35, 30577.0], [3397.3, 34997.0], [3397.25, 36696.0], [3397.2, 19451.0], [3397.15, 8187.0], [3397.1, 1157.0], [3397.05, 15000.0], [3397.0, 1004.0], [3396.95, 3364.0], [3396.7, 1004.0]], "asks": [[3398.3, 33629.0], [3398.35, 384.0], [3398.55, 4478.0], [3398.6, 15000.0], [3398.75, 1294.0], [3398.8, 4335.0], [3398.9, 7000.0], [3398.95, 23452.0], [3399.0, 1294.0], [3399.1, 3371.0], [3399.2, 1685.0], [3399.35, 1006.0], [3399.4, 3371.0], [3399.65, 7577.0], [3399.7, 25384.0], [3399.75, 1008.0], [3399.85, 3371.0], [3400.0, 90.0], [3400.1, 1006.0], [3400.15, 4553.0]]}}}
{"jsonrpc": "2.0", "method": "subscription", "params": {"channel": "book.ETH-PERPETUAL.none.20.100ms", "data": {"timestamp": 1762614721862, "change_id": 95768664515, "instrument_name": "ETH-PERPETUAL", "bids": [[3398.25, 62.0], [3398.0, 90.0], [3397.8, 11819.0], [3397.75, 10.0], [3397.5, 3139.0], [3397.45, 10500.0], [3397.25, 5.0], [3397.15, 8206.0], [3397.1, 5492.0], [3397.05, 19379.0], [3396.95, 3364.0], [3396.8, 15000.0], [3396.7, 38774.0], [3396.65, 3364.0], [3396.5, 51.0], [3396.35, 1004.0], [3396.3, 3364.0], [3396.05, 2135.0], [3396.0, 3456.0], [3395.95, 28577.0]], "asks": [[3398.3, 67875.0], [3398.9, 7000.0], [3398.95, 23452.0], [3399.0, 1294.0], [3399.1, 3371.0], [3399.2, 1685.0], [3399.35, 1006.0], [3399.4, 3371.0], [3399.65, 7577.0], [3399.7, 25384.0], [3399.75, 1008.0], [3399.85, 3371.0], [3400.0, 90.0], [3400.1, 1006.0], [3400.15, 3371.0], [3400.35, 1006.0], [3400.4, 20018.0], [3400.45, 3371.0], [3400.55, 4017.0], [3400.6, 22090.0]]}}}
{"jsonrpc": "2.0", "method": "subscription", "params": {"channel": "book.ETH-PERPETUAL.none.20.100ms", "data": {"timestamp": 1762614722186, "change_id": 95768664923, "instrument_name": "ETH-PERPETUAL", "bids": [[3398.25, 62.0], [3398.0, 90.0], [3397.85, 5000.0], [3397.8, 11819.0], [3397.75, 10.0], [3397.5, 3139.0], [3397.45, 10500.0], [3397.25, 5.0], [3397.15, 8206.0], [3397.1, 4335.0], [3397.05, 19379.0], [3396.95, 3364.0], [3396.85, 14444.0], [3396.8, 51463.0], [3396.75, 1384.0], [3396.7, 1004.0], [3396.65, 3364.0], [3396.5, 51.0], [3396.35, 38774.0], [3396.3, 3364.0]], "asks": [[3398.3, 68541.0], [3399.0, 1294.0], [3399.1, 3371.0], [3399.2, 1685.0], [3399.35, 1006.0], [3399.4, 3371.0], [3399.5, 1181.0], [3399.65, 35077.0], [3399.7, 25384.0], [3399.75, 1008.0], [3399.85, 4004.0], [3399.95, 928.0], [3400.0, 90.0], [3400.1, 21024.0], [3400.15, 3371.0], [3400.35, 1006.0], [3400.4, 17792.0], [3400.45, 3371.0], [3400.55, 3384.0], [3400.6, 3370.0]]}}}
{"jsonrpc": "2.0", "method": "subscription", "params": {"channel": "book.ETH-PERPETUAL.none.20.100ms", "data": {"timestamp": 1762614722537, "change_id": 95768665155, "instrument_name": "ETH-PERPETUAL", "bids": [[3398.25, 62.0], [3398.0, 90.0], [3397.8, 11819.0], [3397.75, 10.0], [3397.5, 3139.0], [3397.45, 10500.0], [3397.25, 5.0], [3397.15, 8206.0], [3397.1, 4335.0], [3397.05, 19379.0], [3397.0, 1216.0], [3396.95, 3364.0], [3396.85, 14444.0], [3396.8, 51463.0], [3396.75, 1384.0], [3396.7, 1004.0], [3396.65, 3364.0], [3396.5, 51.0], [3396.4, 12278.0], [3396.35, 37770.0]], "asks": [[3398.3, 69094.0], [3398.4, 7000.0], [3398.45, 23449.0], [3399.0, 1294.0], [3399.1, 3371.0], [3399.2, 1685.0], [3399.35, 1006.0], [3399.4, 3371.0], [3399.5, 1181.0], [3399.65, 27500.0], [3399.75, 1008.0], [3399.85, 4004.0], [3399.95, 928.0], [3400.0, 90.0], [3400.1, 1006.0], [3400.15, 3371.0], [3400.35, 21024.0], [3400.45, 3371.0], [3400.5, 17792.0], [3400.55, 3384.0]]}}}
{"jsonrpc": "2.0", "method": "subscription", "params": {"channel": "book.ETH-PERPETUAL.none.20.100ms", "data": {"timestamp": 1762614722814, "change_id": 95768665704, "instrument_name": "ETH-PERPETUAL", "bids": [[3398.25, 62.0], [3398.0, 90.0], [3397.75, 10.0], [3397.5, 3139.0], [3397.45, 10500.0], [3397.25, 3533.0], [3397.2, 11819.0], [3397.15, 8206.0], [3397.1, 4335.0], [3397.05, 19379.0], [3397.0, 1216.0], [3396.95, 3364.0], [3396.85, 14444.0], [3396.8, 51463.0], [3396.75, 1384.0], [3396.7, 1004.0], [3396.65, 3364.0], [3396.5, 51.0], [3396.4, 19997.0], [3396.35, 17773.0]], "asks": [[3398.3, 68412.0], [3398.4, 7000.0], [3398.45, 23449.0], [3399.0, 1294.0], [3399.1, 3371.0], [3399.2, 1685.0], [3399.35, 1006.0], [3399.4, 3371.0], [3399.5, 1181.0], [3399.65, 27500.0], [3399.75, 1008.0], [3399.85, 4004.0], [3399.95, 928.0], [3400.0, 90.0], [3400.1, 1006.0], [3400.15, 3371.0], [3400.35, 1006.0], [3400.4, 20018.0], [3400.45, 3371.0], [3400.5, 17792.0]]}}}
{"jsonrpc": "2.0", "method": "subscription", "params": {"channel": "book.ETH-PERPETUAL.none.20.100ms", "data": {"timestamp": 1762614723199, "change_id": 95768666427, "instrument_name": "ETH-PERPETUAL", "bids": [[3398.0, 90.0], [3397.75, 10.0], [3397.7, 5000.0], [3397.5, 5.0], [3397.25, 3533.0], [3397.2, 11819.0], [3397.05, 1657.0], [3397.0, 1216.0], [3396.95, 3376.0], [3396.9, 4335.0], [3396.85, 14444.0], [3396.8, 36463.0], [3396.75, 7681.0], [3396.65, 18364.0], [3396.5, 51.0], [3396.45, 15000.0], [3396.4, 19997.0], [3396.35, 17773.0], [3396.3, 3364.0], [3396.05, 1032.0]], "asks": [[3398.05, 59138.0], [3398.15, 455.0], [3398.25, 7702.0], [3398.3, 23849.0], [3398.4, 7000.0], [3398.45, 23449.0], [3399.0, 1294.0], [3399.05, 1692.0], [3399.1, 28104.0], [3399.35, 1006.0], [3399.4, 3371.0], [3399.5, 1181.0], [3399.55, 3382.0], [3399.65, 27500.0], [3399.75, 1008.0], [3399.85, 4004.0], [3399.95, 928.0], [3400.0, 90.0], [3400.1, 21024.0], [3400.15, 3371.0]]}}}
{"jsonrpc": "2.0", "method": "subscription", "params": {"channel": "book.ETH-PERPETUAL.none.20.100ms", "data": {"timestamp": 1762614723508, "change_id": 95768666582, "instrument_name": "ETH-PERPETUAL", "bids": [[3398.0, 90.0], [3397.75, 5010.0], [3397.5, 5.0], [3397.3, 6664.0], [3397.25, 10505.0], [3397.2, 11819.0], [3397.05, 3462.0], [3397.0, 4598.0], [3396.95, 3376.0], [3396.9, 4335.0], [3396.85, 14444.0], [3396.8, 36463.0], [3396.75, 7681.0], [3396.65, 18364.0], [3396.5, 11.0], [3396.45, 15000.0], [3396.4, 12278.0], [3396.35, 37770.0], [3396.3, 3364.0], [3396.05, 1032.0]], "asks": [[3398.05, 76825.0], [3398.15, 246.0], [3399.0, 8729.0], [3399.05, 1692.0], [3399.1, 28104.0], [3399.35, 1006.0], [3399.4, 3371.0], [3399.5, 1181.0], [3399.55, 3382.0], [3399.65, 27500.0], [3399.75, 1008.0], [3399.85, 4004.0], [3399.95, 928.0], [3400.0, 90.0], [3400.1, 21024.0], [3400.15, 3371.0], [3400.25, 21054.0], [3400.3, 17792.0], [3400.35, 53748.0], [3400.45, 3371.0]]}}}
{"jsonrpc": "2.0", "method": "subscription", "params": {"channel": "book.ETH-PERPETUAL.none.20.100ms", "data": {"timestamp": 1762614723821, "change_id": 95768667234, "instrument_name": "ETH-PERPETUAL", "bids": [[3398.0, 90.0], [3397.8, 5000.0], [3397.75, 10.0], [3397.5, 5.0], [3397.3, 6664.0], [3397.25, 10505.0], [3397.2, 11819.0], [3397.05, 3462.0], [3397.0, 4598.0], [3396.95, 3376.0], [3396.9, 4335.0], [3396.85, 14444.0], [3396.8, 36463.0], [3396.75, 7681.0], [3396.65, 18364.0], [3396.5, 11.0], [3396.45, 15000.0], [3396.4, 12278.0], [3396.35, 37770.0], [3396.3, 3364.0]], "asks": [[3398.05, 82381.0], [3398.1, 23446.0], [3399.0, 8729.0], [3399.05, 1692.0], [3399.1, 28104.0], [3399.35, 1006.0], [3399.4, 3371.0], [3399.5, 1181.0], [3399.55, 3382.0], [3399.65, 27500.0], [3399.75, 1008.0], [3399.85, 4004.0], [3399.95, 928.0], [3400.0, 90.0], [3400.1, 21024.0], [3400.15, 3371.0], [3400.25, 21054.0], [3400.3, 17792.0], [3400.35, 53748.0], [3400.45, 3371.0]]}}}
{"jsonrpc": "2.0", "method": "subscription", "params": {"channel": "book.ETH-PERPETUAL.none.20.100ms", "data": {"timestamp": 1762614724193, "change_id": 95768667674, "instrument_name": "ETH-PERPETUAL", "bids": [[3398.0, 90.0], [3397.75, 10.0], [3397.5, 5.0], [3397.3, 6664.0], [3397.25, 10505.0], [3397.2, 11819.0], [3397.05, 3462.0], [3397.0, 1216.0], [3396.95, 3376.0], [3396.9, 4335.0], [3396.85, 14444.0], [3396.8, 36463.0], [3396.75, 7681.0], [3396.65, 18364.0], [3396.5, 7873.0], [3396.45, 15000.0], [3396.35, 17773.0], [3396.3, 3364.0], [3396.05, 21029.0], [3396.0, 3456.0]], "asks": [[3398.05, 82381.0], [3398.1, 23446.0], [3399.0, 8729.0], [3399.05, 1692.0], [3399.1, 28104.0], [3399.35, 1006.0], [3399.4, 3371.0], [3399.5, 1181.0], [3399.55, 3382.0], [3399.65, 27500.0], [3399.75, 1008.0], [3399.85, 4004.0], [3399.95, 928.0], [3400.0, 90.0], [3400.1, 38816.0], [3400.15, 3371.0], [3400.25, 21054.0], [3400.35, 63748.0], [3400.45, 3371.0], [3400.55, 3384.0]]}}}
{"jsonrpc": "2.0", "method": "subscription", "params": {"channel": "book.ETH-PERPETUAL.none.20.100ms", "data": {"timestamp": 1762614724524, "change_id": 95768669198, "instrument_name": "ETH-PERPETUAL", "bids": [[3396.6, 1799.0], [3396.5, 11.0], [3396.25, 4478.0], [3396.15, 16154.0], [3396.1, 5509.0], [3396.05, 15000.0], [3396.0, 4464.0], [3395.95, 3378.0], [3395.8, 3348.0], [3395.7, 11351.0], [3395.6, 37770.0], [3395.55, 3226.0], [3395.45, 1020.0], [3395.4, 3338.0], [3395.25, 2642.0], [3395.2, 3336.0], [3395.15, 5515.0], [3394.95, 1081.0], [3394.9, 3355.0], [3394.8, 1001.0]], "asks": [[3396.65, 9078.0], [3397.0, 7510.0], [3397.05, 25160.0], [3397.4, 4478.0], [3397.45, 15000.0], [3397.5, 1010.0], [3397.55, 3384.0], [3397.65, 1693.0], [3397.8, 1052.0], [3397.85, 3384.0], [3397.9, 1062.0], [3398.0, 15243.0], [3398.05, 14816.0], [3398.1, 23446.0], [3398.3, 1010.0], [3398.35, 3384.0], [3398.65, 1010.0], [3398.7, 3384.0], [3398.75, 1010.0], [3398.85, 3384.0]]}}}
{"jsonrpc": "2.0", "method": "subscription", "params": {"channel": "book.ETH-PERPETUAL.none.20.100ms", "data": {"timestamp": 1762614724849, "change_id": 95768671267, "instrument_name": "ETH-PERPETUAL", "bids": [[3396.6, 15500.0], [3396.5, 11.0], [3396.45, 1216.0], [3396.25, 1294.0], [3396.15, 4335.0], [3396.1, 5509.0], [3396.05, 15000.0], [3396.0, 4464.0], [3395.95, 3378.0], [3395.85, 14487.0], [3395.8, 38654.0], [3395.75, 11819.0], [3395.55, 3226.0], [3395.5, 11380.0], [3395.45, 37770.0], [3395.4, 3338.0], [3395.25, 1325.0], [3395.2, 3336.0], [3395.15, 1103.0], [3395.05, 1037.0]], "asks": [[3396.65, 41622.0], [3397.1, 4478.0], [3397.15, 15000.0], [3397.5, 1010.0], [3397.55, 3384.0], [3397.65, 1693.0], [3397.75, 2201.0], [3397.8, 7548.0], [3397.85, 3384.0], [3397.9, 96.0], [3398.0, 2304.0], [3398.05, 7931.0], [3398.3, 1010.0], [3398.35, 3384.0], [3398.65, 1010.0], [3398.7, 4565.0], [3398.75, 1010.0], [3398.85, 3384.0], [3399.0, 6853.0], [3399.1, 3371.0]]}}}
{"jsonrpc": "2.0", "method": "subscription", "params": {"channel": "book.ETH-PERPETUAL.none.20.100ms", "data": {"timestamp": 1762614725185, "change_id": 95768671767, "instrument_name": "ETH-PERPETUAL", "bids": [[3396.6, 15500.0], [3396.5, 11.0], [3396.25, 4442.0], [3396.2, 11100.0], [3396.15, 4335.0], [3396.1, 5509.0], [3396.05, 15000.0], [3396.0, 4464.0], [3395.95, 4762.0], [3395.85, 24006.0], [3395.8, 54811.0], [3395.75, 31816.0], [3395.7, 6932.0], [3395.65, 17773.0], [3395.55, 3226.0], [3395.4, 3338.0], [3395.25, 1325.0], [3395.2, 3336.0], [3395.05, 1037.0], [3395.0, 3395.0]], "asks": [[3396.65, 41239.0], [3397.1, 4478.0], [3397.15, 15000.0], [3397.5, 1010.0], [3397.55, 3384.0], [3397.65, 1693.0], [3397.8, 1010.0], [3397.85, 3384.0], [3398.0, 2304.0], [3398.05, 7719.0], [3398.3, 1010.0], [3398.35, 3384.0], [3398.65, 1010.0], [3398.7, 4565.0], [3398.75, 1010.0], [3398.85, 3384.0], [3399.0, 1006.0], [3399.1, 3371.0], [3399.2, 928.0], [3399.3, 6982.0]]}}}
{"jsonrpc": "2.0", "method": "subscription", "params": {"channel": "book.ETH-PERPETUAL.none.20.100ms", "data": {"timestamp": 1762614725483, "change_id": 95768671970, "instrument_name": "ETH-PERPETUAL", "bids": [[3396.6, 15500.0], [3396.5, 11.0], [3396.25, 4442.0], [3396.2, 11100.0], [3396.15, 4335.0], [3396.1, 1395.0], [3396.05, 1216.0], [3396.0, 4464.0], [3395.95, 4762.0], [3395.85, 24006.0], [3395.8, 54811.0], [3395.75, 11819.0], [3395.7, 11351.0], [3395.65, 17773.0], [3395.6, 19997.0], [3395.55, 3226.0], [3395.4, 3338.0], [3395.25, 1325.0], [3395.2, 3336.0], [3395.05, 1037.0]], "asks": [[3396.65, 41239.0], [3397.1, 4478.0], [3397.15, 15000.0], [3397.3, 6997.0], [3397.35, 23441.0], [3397.5, 1010.0], [3397.55, 3384.0], [3397.65, 1693.0], [3397.8, 1010.0], [3397.85, 3384.0], [3398.0, 2304.0], [3398.05, 7719.0], [3398.1, 7548.0], [3398.15, 25288.0], [3398.3, 1010.0], [3398.35, 3384.0], [3398.65, 1010.0], [3398.7, 4565.0], [3398.75, 1010.0], [3398.85, 3384.0]]}}}
{"jsonrpc": "2.0", "method": "subscription", "params": {"channel": "book.ETH-PERPETUAL.none.20.100ms", "data": {"timestamp": 1762614725835, "change_id": 95768672682, "instrument_name": "ETH-PERPETUAL", "bids": [[3396.6, 15600.0], [3396.5, 11.0], [3396.25, 4442.0], [3396.2, 11100.0], [3396.15, 4335.0], [3396.1, 1395.0], [3396.05, 1216.0], [3396.0, 4464.0], [3395.95, 4762.0], [3395.85, 24006.0], [3395.8, 54811.0], [3395.75, 11819.0], [3395.7, 11351.0], [3395.65, 17773.0], [3395.6, 19997.0], [3395.55, 3226.0], [3395.4, 3338.0], [3395.25, 1325.0], [3395.2, 3336.0], [3395.05, 1037.0]], "asks": [[3396.65, 41239.0], [3397.1, 4478.0], [3397.15, 15000.0], [3397.3, 6997.0], [3397.35, 23441.0], [3397.5, 1010.0], [3397.55, 3384.0], [3397.65, 1693.0], [3397.8, 1010.0], [3397.85, 3384.0], [3398.0, 2304.0], [3398.05, 7719.0], [3398.1, 7548.0], [3398.15, 25288.0], [3398.3, 1010.0], [3398.35, 3384.0], [3398.65, 1010.0], [3398.7, 4565.0], [3398.75, 1010.0], [3398.85, 3384.0]]}}}
{"jsonrpc": "2.0", "method": "subscription", "params": {"channel": "book.ETH-PERPETUAL.none.20.100ms", "data": {"timestamp": 1762614726176, "change_id": 95768673080, "instrument_name": "ETH-PERPETUAL", "bids": [[3396.6, 5000.0], [3396.5, 11.0], [3396.3, 11055.0], [3396.25, 10500.0], [3396.2, 11100.0], [3396.15, 15435.0], [3396.1, 1395.0], [3396.05, 1216.0], [3396.0, 4464.0], [3395.95, 4762.0], [3395.85, 24006.0], [3395.8, 54811.0], [3395.75, 11819.0], [3395.7, 21932.0], [3395.65, 17773.0], [3395.55, 3226.0], [3395.5, 6965.0], [3395.45, 19997.0], [3395.4, 3338.0], [3395.25, 1325.0]], "asks": [[3396.65, 41239.0], [3397.1, 4478.0], [3397.15, 15000.0], [3397.3, 6997.0], [3397.35, 23441.0], [3397.5, 1010.0], [3397.55, 3384.0], [3397.65, 1693.0], [3397.8, 1010.0], [3397.85, 3384.0], [3398.0, 2304.0], [3398.05, 7719.0], [3398.1, 7548.0], [3398.15, 25288.0], [3398.3, 1010.0], [3398.35, 3384.0], [3398.65, 1010.0], [3398.7, 4565.0], [3398.75, 1010.0], [3398.85, 3384.0]]}}}
{"jsonrpc": "2.0", "method": "subscription", "params": {"channel": "book.ETH-PERPETUAL.none.20.100ms", "data": {"timestamp": 1762614726485, "change_id": 95768673412, "instrument_name": "ETH-PERPETUAL", "bids": [[3396.6, 15500.0], [3396.5, 11.0], [3396.3, 4607.0], [3396.2, 11100.0], [3396.15, 4335.0], [3396.1, 1395.0], [3396.05, 1216.0], [3396.0, 4464.0], [3395.95, 4762.0], [3395.85, 10300.0], [3395.8, 19505.0], [3395.7, 15000.0], [3395.6, 6932.0], [3395.55, 23223.0], [3395.5, 15950.0], [3395.45, 53079.0], [3395.4, 3338.0], [3395.25, 1325.0], [3395.2, 3336.0], [3394.95, 4401.0]], "asks": [[3396.65, 45580.0], [3397.1, 4478.0], [3397.15, 15000.0], [3397.3, 6997.0], [3397.35, 23441.0], [3397.5, 1010.0], [3397.55, 3384.0], [3397.65, 1693.0], [3397.8, 1010.0], [3397.85, 3384.0], [3398.0, 2304.0], [3398.05, 7719.0], [3398.1, 7548.0], [3398.15, 25288.0], [3398.3, 1010.0], [3398.35, 3384.0], [3398.65, 1010.0], [3398.7, 4565.0], [3398.75, 1010.0], [3398.85, 3384.0]]}}}
{"jsonrpc": "2.0", "method": "subscription", "params": {"channel": "book.ETH-PERPETUAL.none.20.100ms", "data": {"timestamp": 1762614726810, "change_id": 95768674052, "instrument_name": "ETH-PERPETUAL", "bids": [[3396.6, 15500.0], [3396.5, 11.0], [3396.3, 4607.0], [3396.2, 11100.0], [3396.15, 4335.0], [3396.1, 1395.0], [3396.05, 1216.0], [3396.0, 4464.0], [3395.95, 4762.0], [3395.85, 10300.0], [3395.8, 19505.0], [3395.7, 15000.0], [3395.55, 3226.0], [3395.5, 15950.0], [3395.45, 73076.0], [3395.4, 3338.0], [3395.25, 1325.0], [3395.2, 3336.0], [3394.95, 4401.0], [3394.9, 18568.0]], "asks": [[3396.65, 45580.0], [3397.1, 4478.0], [3397.15, 15000.0], [3397.3, 6997.0], [3397.35, 23441.0], [3397.5, 1010.0], [3397.55, 3384.0], [3397.65, 1693.0], [3397.8, 1010.0], [3397.85, 3384.0], [3398.0, 2304.0], [3398.05, 7719.0], [3398.1, 7548.0], [3398.15, 25288.0], [3398.3, 1010.0], [3398.35, 3384.0], [3398.65, 1010.0], [3398.7, 4565.0], [3398.75, 1010.0], [3398.85, 3384.0]]}}}
{"jsonrpc": "2.0", "method": "subscription", "params": {"channel": "book.ETH-PERPETUAL.none.20.100ms", "data": {"timestamp": 1762614727166, "change_id": 95768674553, "instrument_name": "ETH-PERPETUAL", "bids": [[3396.6, 15500.0], [3396.5, 11.0], [3396.1, 1684.0], [3396.05, 1216.0], [3396.0, 5435.0], [3395.95, 3378.0], [3395.85, 10300.0], [3395.8, 19505.0], [3395.7, 15000.0], [3395.55, 3226.0], [3395.5, 15950.0], [3395.45, 73076.0], [3395.4, 3338.0], [3395.25, 1325.0], [3395.2, 3336.0], [3394.95, 4401.0], [3394.9, 15174.0], [3394.8, 1001.0], [3394.75, 3355.0], [3394.65, 12188.0]], "asks": [[3396.65, 61154.0], [3397.3, 6997.0], [3397.35, 23441.0], [3397.5, 1013.0], [3397.55, 3384.0], [3397.65, 1693.0], [3397.75, 5.0], [3397.8, 1010.0], [3397.85, 3384.0], [3398.0, 2304.0], [3398.05, 7719.0], [3398.3, 1010.0], [3398.35, 3384.0], [3398.5, 10.0], [3398.65, 1010.0], [3398.7, 4565.0], [3398.75, 1010.0], [3398.85, 3384.0], [3399.0, 6853.0], [3399.05, 20018.0]]}}}
{"jsonrpc": "2.0", "method": "subscription", "params": {"channel": "book.ETH-PERPETUAL.none.20.100ms", "data": {"timestamp": 1762614727484, "change_id": 95768674810, "instrument_name": "ETH-PERPETUAL", "bids": [[3396.6, 5000.0], [3396.5, 11.0], [3396.2, 3134.0], [3396.15, 10500.0], [3396.1, 1684.0], [3396.05, 1216.0], [3396.0, 5435.0], [3395.95, 3378.0], [3395.85, 5822.0], [3395.8, 4505.0], [3395.7, 15000.0], [3395.55, 3226.0], [3395.5, 26632.0], [3395.45, 88076.0], [3395.4, 3338.0], [3395.25, 1325.0], [3395.2, 3336.0], [3394.95, 4401.0], [3394.9, 15174.0], [3394.8, 1001.0]], "asks": [[3396.65, 61154.0], [3397.3, 6997.0], [3397.35, 23441.0], [3397.5, 1013.0], [3397.55, 3384.0], [3397.65, 1693.0], [3397.75, 5.0], [3397.8, 8429.0], [3397.85, 3384.0], [3397.9, 25288.0], [3398.0, 2304.0], [3398.05, 7719.0], [3398.3, 1010.0], [3398.35, 3384.0], [3398.5, 10.0], [3398.65, 1010.0], [3398.7, 4565.0], [3398.75, 1010.0], [3398.85, 3384.0], [3398.9, 7779.0]]}}}
{"jsonrpc": "2.0", "method": "subscription", "params": {"channel": "book.ETH-PERPETUAL.none.20.100ms", "data": {"timestamp": 1762614727793, "change_id": 95768675522, "instrument_name": "ETH-PERPETUAL", "bids": [[3396.5, 11.0], [3396.2, 3134.0], [3396.15, 10500.0], [3396.1, 1684.0], [3396.05, 1216.0], [3396.0, 4427.0], [3395.85, 1345.0], [3395.8, 4505.0], [3395.55, 3226.0], [3395.5, 26632.0], [3395.45, 91454.0], [3395.4, 3338.0], [3395.25, 1325.0], [3395.2, 3336.0], [3394.95, 4401.0], [3394.9, 15174.0], [3394.8, 1001.0], [3394.75, 3355.0], [3394.65, 12188.0], [3394.6, 3359.0]], "asks": [[3396.55, 57957.0], [3396.65, 2575.0], [3397.3, 6997.0], [3397.35, 23441.0], [3397.5, 1013.0], [3397.55, 5076.0], [3397.75, 5.0], [3397.8, 8429.0], [3397.85, 3384.0], [3397.9, 25288.0], [3398.0, 2304.0], [3398.05, 7719.0], [3398.3, 1010.0], [3398.35, 3384.0], [3398.5, 10.0], [3398.65, 1010.0], [3398.7, 4565.0], [3398.75, 1010.0], [3398.85, 3384.0], [3398.9, 7779.0]]}}}
