{"jsonrpc": "2.0", "id": 1, "result": ["book.ETH-PERPETUAL.none.20.100ms"], "usIn": 1756116617213484, "usOut": 1756116617214016, "usDiff": 532, "testnet": false}
{"jsonrpc": "2.0", "method": "subscription", "params": {"channel": "book.ETH-PERPETUAL.none.20.100ms", "data": {"timestamp": 1756116617205, "change_id": 83417748832, "instrument_name": "ETH-PERPETUAL", "bids": [[4602.0, 49912.0], [4601.75, 438.0], [4601.5, 50000.0], [4601.0, 50000.0], [4600.9, 52000.0], [4600.8, 634.0], [4600.75, 58318.0], [4600.65, 181440.0], [4600.45, 2372.0], [4600.4, 7905.0], [4600.25, 21009.0], [4600.15, 15391.0], [4600.0, 105090.0], [4599.95, 9302.0], [4599.9, 169217.0], [4599.85, 15000.0], [4599.8, 12000.0], [4599.75, 30376.0], [4599.6, 2000.0], [4599.5, 58026.0]], "asks": [[4602.05, 169057.0], [4602.1, 177646.0], [4602.25, 10000.0], [4602.45, 16003.0], [4602.5, 89221.0], [4602.55, 200566.0], [4602.75, 9243.0], [4602.85, 17785.0], [4602.9, 24104.0], [4603.0, 28063.0], [4603.05, 9126.0], [4603.25, 113275.0], [4603.4, 73743.0], [4603.5, 25136.0], [4603.55, 230.0], [4603.7, 70100.0], [4603.75, 15412.0], [4603.85, 14727.0], [4603.9, 46039.0], [4604.0, 43677.0]]}}}
{"jsonrpc": "2.0", "method": "subscription", "params": {"channel": "book.ETH-PERPETUAL.none.20.100ms", "data": {"timestamp": 1756116617453, "change_id": 83417749303, "instrument_name": "ETH-PERPETUAL", "bids": [[4602.0, 49912.0], [4601.75, 438.0], [4601.5, 50000.0], [4601.0, 50000.0], [4600.9, 52000.0], [4600.8, 634.0], [4600.7, 54432.0], [4600.65, 181440.0], [4600.45, 2372.0], [4600.4, 7905.0], [4600.25, 21009.0], [4600.2, 22705.0], [4600.15, 15391.0], [4600.0, 105090.0], [4599.95, 9302.0], [4599.9, 169217.0], [4599.8, 12000.0], [4599.75, 30376.0], [4599.6, 2000.0], [4599.55, 10000.0]], "asks": [[4602.05, 182669.0], [4602.1, 173581.0], [4602.25, 10000.0], [4602.35, 9003.0], [4602.4, 20010.0], [4602.45, 10000.0], [4602.5, 69211.0], [4602.55, 200566.0], [4602.8, 5576.0], [4602.85, 17785.0], [4603.0, 27263.0], [4603.05, 9126.0], [4603.25, 113275.0], [4603.4, 73743.0], [4603.5, 25136.0], [4603.55, 1563.0], [4603.7, 70100.0], [4603.75, 15412.0], [4603.85, 13812.0], [4603.9, 46039.0]]}}}
{"jsonrpc": "2.0", "method": "subscription", "params": {"channel": "book.ETH-PERPETUAL.none.20.100ms", "data": {"timestamp": 1756116617765, "change_id": 83417749770, "instrument_name": "ETH-PERPETUAL", "bids": [[4602.0, 49954.0], [4601.75, 438.0], [4601.5, 50000.0], [4601.0, 50000.0], [4600.9, 52000.0], [4600.8, 634.0], [4600.7, 54432.0], [4600.65, 181440.0], [4600.45, 2373.0], [4600.4, 7909.0], [4600.25, 21009.0], [4600.2, 15000.0], [4600.15, 15391.0], [4600.0, 105090.0], [4599.95, 9302.0], [4599.9, 169217.0], [4599.8, 12000.0], [4599.75, 30376.0], [4599.6, 2000.0], [4599.55, 10000.0]], "asks": [[4602.05, 185122.0], [4602.1, 171295.0], [4602.25, 20793.0], [4602.3, 20010.0], [4602.45, 15966.0], [4602.5, 69211.0], [4602.55, 200566.0], [4602.8, 5336.0], [4602.85, 17785.0], [4603.0, 27263.0], [4603.05, 10041.0], [4603.25, 113275.0], [4603.4, 73743.0], [4603.5, 25136.0], [4603.55, 1563.0], [4603.7, 70100.0], [4603.75, 15412.0], [4603.85, 13812.0], [4603.9, 46039.0], [4604.0, 43677.0]]}}}
{"jsonrpc": "2.0", "method": "subscription", "params": {"channel": "book.ETH-PERPETUAL.none.20.100ms", "data": {"timestamp": 1756116618117, "change_id": 83417750832, "instrument_name": "ETH-PERPETUAL", "bids": [[4601.75, 438.0], [4601.5, 50000.0], [4601.0, 50000.0], [4600.9, 52000.0], [4600.8, 634.0], [4600.55, 4627.0], [4600.5, 15424.0], [4600.4, 200.0], [4600.25, 73741.0], [4600.2, 7709.0], [4600.15, 196831.0], [4600.0, 105090.0], [4599.9, 169217.0], [4599.75, 46704.0], [4599.7, 15000.0], [4599.6, 2000.0], [4599.55, 22000.0], [4599.5, 58026.0], [4599.4, 15790.0], [4599.25, 106.0]], "asks": [[4601.8, 374535.0], [4601.85, 10000.0], [4601.9, 2813.0], [4602.0, 39470.0], [4602.05, 19528.0], [4602.1, 50084.0], [4602.2, 20010.0], [4602.25, 20793.0], [4602.45, 15966.0], [4602.5, 2738.0], [4602.55, 9126.0], [4602.8, 9296.0], [4602.85, 17785.0], [4603.0, 42687.0], [4603.05, 10041.0], [4603.25, 113275.0], [4603.4, 73743.0], [4603.5, 72158.0], [4603.55, 1563.0], [4603.7, 70100.0]]}}}
{"jsonrpc": "2.0", "method": "subscription", "params": {"channel": "book.ETH-PERPETUAL.none.20.100ms", "data": {"timestamp": 1756116618405, "change_id": 83417751287, "instrument_name": "ETH-PERPETUAL", "bids": [[4601.75, 438.0], [4601.5, 50000.0], [4601.0, 50000.0], [4600.9, 52000.0], [4600.8, 634.0], [4600.55, 4627.0], [4600.5, 17797.0], [4600.45, 7709.0], [4600.4, 200.0], [4600.25, 73741.0], [4600.15, 196831.0], [4600.05, 15000.0], [4600.0, 105976.0], [4599.9, 169217.0], [4599.85, 12000.0], [4599.75, 46704.0], [4599.7, 957.0], [4599.65, 1008.0], [4599.6, 2000.0], [4599.55, 10000.0]], "asks": [[4601.8, 387941.0], [4601.85, 10000.0], [4601.9, 2813.0], [4602.0, 30910.0], [4602.05, 2477.0], [4602.1, 50042.0], [4602.25, 20194.0], [4602.45, 5966.0], [4602.5, 27741.0], [4602.55, 9126.0], [4602.65, 10000.0], [4602.7, 17785.0], [4602.8, 5336.0], [4603.0, 42687.0], [4603.05, 10041.0], [4603.25, 113275.0], [4603.4, 73743.0], [4603.5, 26123.0], [4603.55, 1563.0], [4603.7, 70100.0]]}}}
{"jsonrpc": "2.0", "method": "subscription", "params": {"channel": "book.ETH-PERPETUAL.none.20.100ms", "data": {"timestamp": 1756116618766, "change_id": 83417751908, "instrument_name": "ETH-PERPETUAL", "bids": [[4601.75, 438.0], [4601.5, 50000.0], [4601.0, 50000.0], [4600.9, 52000.0], [4600.8, 634.0], [4600.7, 7627.0], [4600.65, 10000.0], [4600.5, 22900.0], [4600.45, 7709.0], [4600.4, 200.0], [4600.35, 10000.0], [4600.25, 82867.0], [4600.15, 208831.0], [4600.05, 15000.0], [4600.0, 105976.0], [4599.9, 169217.0], [4599.85, 10000.0], [4599.75, 46704.0], [4599.7, 957.0], [4599.65, 1008.0]], "asks": [[4601.8, 391745.0], [4601.85, 10000.0], [4601.9, 2813.0], [4602.0, 30910.0], [4602.05, 398.0], [4602.1, 50042.0], [4602.25, 20194.0], [4602.45, 5966.0], [4602.5, 27741.0], [4602.55, 9126.0], [4602.65, 10000.0], [4602.7, 17785.0], [4602.8, 5336.0], [4603.0, 42687.0], [4603.05, 10041.0], [4603.25, 113275.0], [4603.4, 73743.0], [4603.5, 26123.0], [4603.55, 1563.0], [4603.7, 70100.0]]}}}
{"jsonrpc": "2.0", "method": "subscription", "params": {"channel": "book.ETH-PERPETUAL.none.20.100ms", "data": {"timestamp": 1756116619092, "change_id": 83417752768, "instrument_name": "ETH-PERPETUAL", "bids": [[4601.75, 438.0], [4601.5, 50000.0], [4601.0, 50000.0], [4600.9, 52000.0], [4600.8, 634.0], [4600.7, 4627.0], [4600.5, 27100.0], [4600.45, 7709.0], [4600.4, 15200.0], [4600.35, 10000.0], [4600.25, 82867.0], [4600.15, 208831.0], [4600.0, 105976.0], [4599.9, 169217.0], [4599.85, 10000.0], [4599.75, 46704.0], [4599.7, 957.0], [4599.65, 1008.0], [4599.6, 2000.0], [4599.5, 58026.0]], "asks": [[4601.8, 391999.0], [4601.85, 10000.0], [4601.9, 2813.0], [4602.0, 30910.0], [4602.05, 137.0], [4602.1, 50042.0], [4602.25, 11790.0], [4602.45, 5966.0], [4602.5, 11741.0], [4602.55, 9126.0], [4602.6, 20010.0], [4602.65, 10000.0], [4602.8, 9296.0], [4602.95, 17785.0], [4603.0, 42687.0], [4603.05, 10041.0], [4603.25, 113275.0], [4603.4, 73743.0], [4603.5, 26123.0], [4603.55, 1563.0]]}}}
{"jsonrpc": "2.0", "method": "subscription", "params": {"channel": "book.ETH-PERPETUAL.none.20.100ms", "data": {"timestamp": 1756116619361, "change_id": 83417752907, "instrument_name": "ETH-PERPETUAL", "bids": [[4601.75, 438.0], [4601.5, 50000.0], [4601.0, 50000.0], [4600.9, 52000.0], [4600.8, 634.0], [4600.7, 4627.0], [4600.5, 27100.0], [4600.45, 7709.0], [4600.4, 15200.0], [4600.35, 10000.0], [4600.25, 82867.0], [4600.15, 208831.0], [4600.0, 105976.0], [4599.9, 169217.0], [4599.85, 10000.0], [4599.75, 46704.0], [4599.7, 957.0], [4599.65, 1008.0], [4599.6, 2000.0], [4599.5, 58026.0]], "asks": [[4601.8, 391738.0], [4601.85, 10000.0], [4601.9, 2813.0], [4602.0, 30910.0], [4602.05, 137.0], [4602.1, 50042.0], [4602.25, 17569.0], [4602.45, 25976.0], [4602.5, 5738.0], [4602.55, 9126.0], [4602.65, 10000.0], [4602.8, 9296.0], [4602.95, 17785.0], [4603.0, 42687.0], [4603.05, 10041.0], [4603.25, 113275.0], [4603.4, 73743.0], [4603.5, 26123.0], [4603.55, 1563.0], [4603.7, 70100.0]]}}}
{"jsonrpc": "2.0", "method": "subscription", "params": {"channel": "book.ETH-PERPETUAL.none.20.100ms", "data": {"timestamp": 1756116619707, "change_id": 83417753374, "instrument_name": "ETH-PERPETUAL", "bids": [[4601.75, 438.0], [4601.5, 50000.0], [4601.0, 50000.0], [4600.9, 52000.0], [4600.8, 634.0], [4600.7, 4627.0], [4600.5, 27100.0], [4600.45, 7709.0], [4600.4, 15200.0], [4600.35, 10000.0], [4600.25, 82867.0], [4600.15, 208831.0], [4600.0, 105976.0], [4599.9, 169217.0], [4599.85, 10000.0], [4599.75, 46704.0], [4599.7, 957.0], [4599.65, 1008.0], [4599.6, 2000.0], [4599.5, 58026.0]], "asks": [[4601.8, 391743.0], [4601.85, 10000.0], [4601.9, 2813.0], [4602.0, 30910.0], [4602.05, 42.0], [4602.1, 50042.0], [4602.25, 17569.0], [4602.45, 25976.0], [4602.5, 5738.0], [4602.55, 9126.0], [4602.65, 10000.0], [4602.8, 9296.0], [4602.95, 17785.0], [4603.0, 42687.0], [4603.05, 10041.0], [4603.25, 113275.0], [4603.4, 73743.0], [4603.5, 26123.0], [4603.55, 1563.0], [4603.7, 70100.0]]}}}
{"jsonrpc": "2.0", "method": "subscription", "params": {"channel": "book.ETH-PERPETUAL.none.20.100ms", "data": {"timestamp": 1756116620088, "change_id": 83417754200, "instrument_name": "ETH-PERPETUAL", "bids": [[4601.75, 438.0], [4601.5, 50000.0], [4601.0, 50000.0], [4600.95, 15790.0], [4600.9, 52000.0], [4600.8, 634.0], [4600.75, 4627.0], [4600.5, 27100.0], [4600.45, 17709.0], [4600.4, 15200.0], [4600.25, 82867.0], [4600.15, 208831.0], [4600.0, 105976.0], [4599.9, 169217.0], [4599.85, 10000.0], [4599.75, 46704.0], [4599.7, 957.0], [4599.65, 1008.0], [4599.6, 2000.0], [4599.5, 58026.0]], "asks": [[4601.8, 390356.0], [4601.85, 10000.0], [4601.9, 2813.0], [4602.0, 30910.0], [4602.05, 42.0], [4602.1, 50042.0], [4602.2, 5000.0], [4602.25, 17569.0], [4602.45, 5966.0], [4602.5, 25748.0], [4602.55, 9126.0], [4602.65, 10000.0], [4602.8, 9296.0], [4602.95, 17785.0], [4603.0, 42687.0], [4603.05, 10041.0], [4603.25, 113275.0], [4603.4, 73743.0], [4603.5, 26123.0], [4603.55, 1563.0]]}}}
{"jsonrpc": "2.0", "method": "subscription", "params": {"channel": "book.ETH-PERPETUAL.none.20.100ms", "data": {"timestamp": 1756116620430, "change_id": 83417754481, "instrument_name": "ETH-PERPETUAL", "bids": [[4601.75, 438.0], [4601.5, 50000.0], [4601.0, 50000.0], [4600.95, 15790.0], [4600.9, 52000.0], [4600.8, 10634.0], [4600.75, 4627.0], [4600.5, 27100.0], [4600.45, 17709.0], [4600.4, 15200.0], [4600.25, 82867.0], [4600.15, 208831.0], [4600.0, 105976.0], [4599.9, 169217.0], [4599.85, 10000.0], [4599.75, 46704.0], [4599.7, 957.0], [4599.65, 1008.0], [4599.6, 2000.0], [4599.5, 58026.0]], "asks": [[4601.8, 390623.0], [4601.85, 10000.0], [4601.9, 2813.0], [4602.0, 30910.0], [4602.05, 42.0], [4602.1, 50042.0], [4602.25, 11790.0], [4602.45, 5966.0], [4602.5, 8399.0], [4602.55, 9126.0], [4602.6, 20010.0], [4602.8, 9296.0], [4602.9, 10000.0], [4602.95, 17785.0], [4603.0, 42687.0], [4603.05, 10041.0], [4603.25, 113275.0], [4603.4, 73743.0], [4603.5, 26123.0], [4603.55, 1563.0]]}}}
{"jsonrpc": "2.0", "method": "subscription", "params": {"channel": "book.ETH-PERPETUAL.none.20.100ms", "data": {"timestamp": 1756116620706, "change_id": 83417754910, "instrument_name": "ETH-PERPETUAL", "bids": [[4601.75, 438.0], [4601.5, 50000.0], [4601.0, 50000.0], [4600.95, 15790.0], [4600.9, 52000.0], [4600.8, 634.0], [4600.75, 7049.0], [4600.7, 10000.0], [4600.5, 27100.0], [4600.45, 17709.0], [4600.4, 15200.0], [4600.25, 82867.0], [4600.15, 208831.0], [4600.0, 105976.0], [4599.9, 169217.0], [4599.85, 10000.0], [4599.75, 46704.0], [4599.7, 957.0], [4599.65, 1008.0], [4599.6, 2000.0]], "asks": [[4601.8, 390628.0], [4601.85, 10000.0], [4601.9, 2813.0], [4602.0, 30910.0], [4602.05, 42.0], [4602.1, 50042.0], [4602.25, 11790.0], [4602.45, 5966.0], [4602.5, 8399.0], [4602.55, 9126.0], [4602.6, 20010.0], [4602.7, 10000.0], [4602.8, 9296.0], [4602.95, 17785.0], [4603.0, 42687.0], [4603.05, 10041.0], [4603.25, 113275.0], [4603.4, 73743.0], [4603.5, 26123.0], [4603.55, 1563.0]]}}}
{"jsonrpc": "2.0", "method": "subscription", "params": {"channel": "book.ETH-PERPETUAL.none.20.100ms", "data": {"timestamp": 1756116621090, "change_id": 83417755761, "instrument_name": "ETH-PERPETUAL", "bids": [[4601.75, 438.0], [4601.5, 50000.0], [4601.0, 50000.0], [4600.9, 52000.0], [4600.8, 634.0], [4600.75, 4627.0], [4600.5, 17797.0], [4600.45, 7709.0], [4600.4, 200.0], [4600.25, 73741.0], [4600.15, 196831.0], [4600.0, 105976.0], [4599.9, 184217.0], [4599.85, 10000.0], [4599.75, 46704.0], [4599.65, 1008.0], [4599.6, 2000.0], [4599.5, 58026.0], [4599.4, 27790.0], [4599.25, 106.0]], "asks": [[4601.8, 390406.0], [4601.85, 10000.0], [4601.9, 2813.0], [4602.0, 30910.0], [4602.05, 5042.0], [4602.1, 50042.0], [4602.25, 17569.0], [4602.45, 25976.0], [4602.5, 7731.0], [4602.55, 9126.0], [4602.65, 17785.0], [4602.8, 5336.0], [4603.0, 42687.0], [4603.05, 10041.0], [4603.25, 113275.0], [4603.4, 73743.0], [4603.5, 26123.0], [4603.55, 1563.0], [4603.7, 70100.0], [4603.75, 15412.0]]}}}
{"jsonrpc": "2.0", "method": "subscription", "params": {"channel": "book.ETH-PERPETUAL.none.20.100ms", "data": {"timestamp": 1756116621398, "change_id": 83417755975, "instrument_name": "ETH-PERPETUAL", "bids": [[4601.75, 438.0], [4601.5, 50000.0], [4601.0, 50000.0], [4600.95, 15790.0], [4600.9, 52000.0], [4600.8, 634.0], [4600.75, 4627.0], [4600.5, 24517.0], [4600.45, 7709.0], [4600.4, 200.0], [4600.25, 98189.0], [4600.15, 196831.0], [4600.0, 117976.0], [4599.9, 169217.0], [4599.85, 10000.0], [4599.75, 46704.0], [4599.65, 1008.0], [4599.6, 2000.0], [4599.5, 58026.0], [4599.45, 957.0]], "asks": [[4601.8, 391803.0], [4601.85, 10000.0], [4601.9, 2813.0], [4602.0, 30910.0], [4602.05, 42.0], [4602.1, 50042.0], [4602.25, 17569.0], [4602.45, 5966.0], [4602.5, 22748.0], [4602.55, 9126.0], [4602.8, 9296.0], [4602.95, 17785.0], [4603.0, 42687.0], [4603.05, 10041.0], [4603.25, 113275.0], [4603.4, 73743.0], [4603.5, 26123.0], [4603.55, 1563.0], [4603.7, 70100.0], [4603.75, 15412.0]]}}}
{"jsonrpc": "2.0", "method": "subscription", "params": {"channel": "book.ETH-PERPETUAL.none.20.100ms", "data": {"timestamp": 1756116621754, "change_id": 83417756537, "instrument_name": "ETH-PERPETUAL", "bids": [[4601.75, 438.0], [4601.5, 50000.0], [4601.0, 50000.0], [4600.9, 52000.0], [4600.8, 634.0], [4600.75, 7049.0], [4600.5, 34517.0], [4600.45, 7709.0], [4600.4, 200.0], [4600.25, 98189.0], [4600.15, 196831.0], [4600.0, 117976.0], [4599.9, 169217.0], [4599.85, 10000.0], [4599.75, 46704.0], [4599.65, 1008.0], [4599.6, 2000.0], [4599.5, 58026.0], [4599.45, 957.0], [4599.4, 15790.0]], "asks": [[4601.8, 390937.0], [4601.85, 10000.0], [4601.9, 2813.0], [4602.0, 30910.0], [4602.05, 42.0], [4602.1, 50042.0], [4602.25, 18910.0], [4602.45, 5966.0], [4602.5, 25748.0], [4602.55, 9126.0], [4602.75, 10000.0], [4602.8, 9296.0], [4602.95, 17785.0], [4603.0, 42687.0], [4603.05, 10041.0], [4603.25, 113275.0], [4603.4, 73743.0], [4603.5, 26123.0], [4603.55, 1563.0], [4603.7, 70100.0]]}}}
{"jsonrpc": "2.0", "method": "subscription", "params": {"channel": "book.ETH-PERPETUAL.none.20.100ms", "data": {"timestamp": 1756116622086, "change_id": 83417757252, "instrument_name": "ETH-PERPETUAL", "bids": [[4601.75, 438.0], [4601.5, 50000.0], [4601.0, 50000.0], [4600.95, 18790.0], [4600.9, 52000.0], [4600.8, 634.0], [4600.75, 17049.0], [4600.5, 34517.0], [4600.45, 7709.0], [4600.4, 200.0], [4600.25, 98189.0], [4600.15, 196831.0], [4600.0, 117976.0], [4599.9, 169217.0], [4599.85, 10000.0], [4599.75, 46704.0], [4599.65, 1008.0], [4599.6, 2000.0], [4599.5, 58026.0], [4599.45, 957.0]], "asks": [[4601.8, 390645.0], [4601.85, 10000.0], [4601.9, 2813.0], [4602.0, 30910.0], [4602.05, 42.0], [4602.1, 50042.0], [4602.25, 18910.0], [4602.45, 5966.0], [4602.5, 25748.0], [4602.55, 9126.0], [4602.75, 10000.0], [4602.8, 9296.0], [4602.95, 17785.0], [4603.0, 42687.0], [4603.05, 10041.0], [4603.25, 113275.0], [4603.4, 73743.0], [4603.5, 26123.0], [4603.55, 1563.0], [4603.6, 46036.0]]}}}
{"jsonrpc": "2.0", "method": "subscription", "params": {"channel": "book.ETH-PERPETUAL.none.20.100ms", "data": {"timestamp": 1756116622370, "change_id": 83417757489, "instrument_name": "ETH-PERPETUAL", "bids": [[4601.75, 438.0], [4601.5, 50000.0], [4601.0, 50000.0], [4600.95, 18790.0], [4600.9, 52000.0], [4600.8, 634.0], [4600.75, 17049.0], [4600.5, 34517.0], [4600.45, 7709.0], [4600.4, 200.0], [4600.25, 98189.0], [4600.15, 196831.0], [4600.0, 117976.0], [4599.9, 169217.0], [4599.85, 10000.0], [4599.75, 46704.0], [4599.65, 1008.0], [4599.6, 2000.0], [4599.5, 58026.0], [4599.45, 957.0]], "asks": [[4601.8, 390662.0], [4601.85, 10000.0], [4601.9, 2813.0], [4602.0, 30910.0], [4602.05, 42.0], [4602.1, 50042.0], [4602.25, 18910.0], [4602.45, 5966.0], [4602.5, 25748.0], [4602.55, 9126.0], [4602.75, 10000.0], [4602.8, 9296.0], [4602.95, 17785.0], [4603.0, 42687.0], [4603.05, 10041.0], [4603.25, 113275.0], [4603.4, 73743.0], [4603.5, 26123.0], [4603.55, 1563.0], [4603.7, 70100.0]]}}}
{"jsonrpc": "2.0", "method": "subscription", "params": {"channel": "book.ETH-PERPETUAL.none.20.100ms", "data": {"timestamp": 1756116622746, "change_id": 83417758022, "instrument_name": "ETH-PERPETUAL", "bids": [[4601.75, 438.0], [4601.5, 50000.0], [4601.0, 50000.0], [4600.9, 52000.0], [4600.8, 634.0], [4600.75, 4627.0], [4600.5, 24517.0], [4600.45, 7709.0], [4600.4, 200.0], [4600.35, 10000.0], [4600.25, 98189.0], [4600.15, 196831.0], [4600.0, 91557.0], [4599.9, 61008.0], [4599.85, 10000.0], [4599.75, 46704.0], [4599.65, 1008.0], [4599.6, 2000.0], [4599.5, 58026.0], [4599.45, 957.0]], "asks": [[4601.8, 390674.0], [4601.85, 10000.0], [4601.9, 2813.0], [4602.0, 30910.0], [4602.05, 42.0], [4602.1, 50042.0], [4602.15, 5000.0], [4602.25, 18910.0], [4602.45, 5966.0], [4602.5, 30366.0], [4602.55, 9126.0], [4602.7, 17785.0], [4602.75, 10000.0], [4602.8, 5336.0], [4603.0, 42687.0], [4603.05, 10041.0], [4603.25, 113275.0], [4603.4, 73743.0], [4603.5, 26123.0], [4603.55, 1563.0]]}}}
{"jsonrpc": "2.0", "method": "subscription", "params": {"channel": "book.ETH-PERPETUAL.none.20.100ms", "data": {"timestamp": 1756116623060, "change_id": 83417758768, "instrument_name": "ETH-PERPETUAL", "bids": [[4601.75, 438.0], [4601.5, 50000.0], [4601.05, 15000.0], [4601.0, 50000.0], [4600.95, 15790.0], [4600.9, 52000.0], [4600.8, 634.0], [4600.75, 4627.0], [4600.5, 24517.0], [4600.45, 7709.0], [4600.4, 200.0], [4600.25, 98189.0], [4600.15, 196831.0], [4600.0, 120435.0], [4599.9, 169207.0], [4599.85, 10000.0], [4599.75, 46704.0], [4599.65, 1008.0], [4599.6, 2000.0], [4599.5, 58026.0]], "asks": [[4601.8, 392077.0], [4601.85, 10000.0], [4601.9, 2813.0], [4602.0, 30910.0], [4602.05, 42.0], [4602.1, 50042.0], [4602.25, 11790.0], [4602.45, 5966.0], [4602.5, 8399.0], [4602.55, 9126.0], [4602.65, 20010.0], [4602.8, 12296.0], [4602.95, 17785.0], [4603.0, 52687.0], [4603.05, 10041.0], [4603.25, 113275.0], [4603.4, 73743.0], [4603.5, 26123.0], [4603.55, 1563.0], [4603.7, 116137.0]]}}}
{"jsonrpc": "2.0", "method": "subscription", "params": {"channel": "book.ETH-PERPETUAL.none.20.100ms", "data": {"timestamp": 1756116623404, "change_id": 83417758866, "instrument_name": "ETH-PERPETUAL", "bids": [[4601.75, 438.0], [4601.5, 50000.0], [4601.0, 50000.0], [4600.95, 15790.0], [4600.9, 52000.0], [4600.8, 634.0], [4600.75, 14627.0], [4600.5, 24517.0], [4600.45, 7709.0], [4600.4, 200.0], [4600.3, 12000.0], [4600.25, 98189.0], [4600.15, 196831.0], [4600.0, 108435.0], [4599.9, 169207.0], [4599.85, 10000.0], [4599.75, 46704.0], [4599.65, 1008.0], [4599.6, 2000.0], [4599.5, 58026.0]], "asks": [[4601.8, 392351.0], [4601.85, 10000.0], [4601.9, 2813.0], [4602.0, 30910.0], [4602.05, 42.0], [4602.1, 50042.0], [4602.25, 17569.0], [4602.45, 5966.0], [4602.5, 22748.0], [4602.55, 9126.0], [4602.8, 12296.0], [4602.95, 17785.0], [4603.0, 42687.0], [4603.05, 10041.0], [4603.25, 113275.0], [4603.4, 73743.0], [4603.5, 26123.0], [4603.55, 1563.0], [4603.6, 46036.0], [4603.7, 70100.0]]}}}
{"jsonrpc": "2.0", "method": "subscription", "params": {"channel": "book.ETH-PERPETUAL.none.20.100ms", "data": {"timestamp": 1756116623740, "change_id": 83417759390, "instrument_name": "ETH-PERPETUAL", "bids": [[4601.75, 438.0], [4601.5, 50000.0], [4601.0, 50000.0], [4600.95, 15790.0], [4600.9, 52000.0], [4600.8, 634.0], [4600.75, 14627.0], [4600.5, 24517.0], [4600.45, 7709.0], [4600.4, 200.0], [4600.3, 12000.0], [4600.25, 98189.0], [4600.15, 196831.0], [4600.0, 108435.0], [4599.9, 169207.0], [4599.85, 10000.0], [4599.75, 46704.0], [4599.65, 1008.0], [4599.6, 2000.0], [4599.5, 58026.0]], "asks": [[4601.8, 390958.0], [4601.85, 10000.0], [4601.9, 2813.0], [4602.0, 30910.0], [4602.05, 42.0], [4602.1, 50042.0], [4602.15, 5000.0], [4602.25, 17569.0], [4602.5, 22748.0], [4602.55, 9126.0], [4602.8, 12296.0], [4602.85, 10000.0], [4602.95, 17785.0], [4603.0, 42687.0], [4603.05, 10041.0], [4603.25, 113275.0], [4603.4, 73743.0], [4603.5, 26123.0], [4603.55, 1563.0], [4603.65, 46037.0]]}}}
{"jsonrpc": "2.0", "method": "subscription", "params": {"channel": "book.ETH-PERPETUAL.none.20.100ms", "data": {"timestamp": 1756116624026, "change_id": 83417759967, "instrument_name": "ETH-PERPETUAL", "bids": [[4601.75, 438.0], [4601.5, 50000.0], [4601.0, 50000.0], [4600.95, 15790.0], [4600.9, 52000.0], [4600.8, 634.0], [4600.75, 14627.0], [4600.5, 24517.0], [4600.45, 7709.0], [4600.4, 200.0], [4600.3, 12000.0], [4600.25, 98189.0], [4600.15, 196831.0], [4600.0, 108435.0], [4599.9, 169207.0], [4599.85, 10000.0], [4599.75, 46704.0], [4599.65, 1008.0], [4599.6, 2000.0], [4599.5, 58026.0]], "asks": [[4601.8, 390680.0], [4601.85, 10000.0], [4601.9, 2813.0], [4602.0, 30910.0], [4602.05, 42.0], [4602.1, 50042.0], [4602.15, 5000.0], [4602.25, 17569.0], [4602.5, 29445.0], [4602.55, 9126.0], [4602.6, 23466.0], [4602.8, 12296.0], [4602.95, 17785.0], [4603.0, 42687.0], [4603.05, 10041.0], [4603.25, 113275.0], [4603.4, 73743.0], [4603.5, 26123.0], [4603.55, 1563.0], [4603.65, 46037.0]]}}}
{"jsonrpc": "2.0", "method": "subscription", "params": {"channel": "book.ETH-PERPETUAL.none.20.100ms", "data": {"timestamp": 1756116624322, "change_id": 83417760193, "instrument_name": "ETH-PERPETUAL", "bids": [[4601.75, 438.0], [4601.5, 50000.0], [4601.0, 50000.0], [4600.95, 15790.0], [4600.9, 52000.0], [4600.8, 634.0], [4600.75, 7049.0], [4600.65, 10000.0], [4600.5, 30594.0], [4600.45, 17709.0], [4600.4, 200.0], [4600.3, 12000.0], [4600.25, 98189.0], [4600.15, 196831.0], [4600.0, 108435.0], [4599.9, 169207.0], [4599.85, 10000.0], [4599.75, 46704.0], [4599.65, 1008.0], [4599.6, 2000.0]], "asks": [[4601.8, 390686.0], [4601.85, 10000.0], [4601.9, 2813.0], [4602.0, 30910.0], [4602.05, 5042.0], [4602.1, 50042.0], [4602.25, 17569.0], [4602.5, 29445.0], [4602.55, 9126.0], [4602.6, 23466.0], [4602.7, 10000.0], [4602.8, 12296.0], [4602.95, 17785.0], [4603.0, 42687.0], [4603.05, 10041.0], [4603.25, 113275.0], [4603.4, 73743.0], [4603.5, 26123.0], [4603.55, 1563.0], [4603.65, 46037.0]]}}}
{"jsonrpc": "2.0", "method": "subscription", "params": {"channel": "book.ETH-PERPETUAL.none.20.100ms", "data": {"timestamp": 1756116624721, "change_id": 83417760719, "instrument_name": "ETH-PERPETUAL", "bids": [[4601.75, 438.0], [4601.5, 50000.0], [4601.0, 50000.0], [4600.9, 52000.0], [4600.8, 634.0], [4600.75, 7049.0], [4600.55, 10000.0], [4600.5, 24517.0], [4600.45, 7709.0], [4600.4, 200.0], [4600.25, 98189.0], [4600.15, 196831.0], [4600.0, 108435.0], [4599.9, 181207.0], [4599.85, 10000.0], [4599.75, 46704.0], [4599.65, 1008.0], [4599.6, 2000.0], [4599.5, 58026.0], [4599.4, 15790.0]], "asks": [[4601.8, 392143.0], [4601.85, 10000.0], [4601.9, 2813.0], [4602.0, 30910.0], [4602.1, 50042.0], [4602.25, 17569.0], [4602.5, 33944.0], [4602.55, 9126.0], [4602.6, 23466.0], [4602.65, 17785.0], [4602.8, 5336.0], [4603.0, 42687.0], [4603.05, 10041.0], [4603.25, 113275.0], [4603.4, 73743.0], [4603.5, 26123.0], [4603.55, 1563.0], [4603.65, 46037.0], [4603.7, 70100.0], [4603.75, 15412.0]]}}}
{"jsonrpc": "2.0", "method": "subscription", "params": {"channel": "book.ETH-PERPETUAL.none.20.100ms", "data": {"timestamp": 1756116625051, "change_id": 83417761352, "instrument_name": "ETH-PERPETUAL", "bids": [[4601.75, 438.0], [4601.5, 50000.0], [4601.0, 50000.0], [4600.9, 52000.0], [4600.8, 634.0], [4600.75, 7049.0], [4600.7, 10000.0], [4600.5, 24517.0], [4600.45, 7709.0], [4600.4, 200.0], [4600.25, 98189.0], [4600.15, 196831.0], [4600.0, 108435.0], [4599.9, 181207.0], [4599.85, 10000.0], [4599.75, 46704.0], [4599.65, 1008.0], [4599.6, 2000.0], [4599.5, 58026.0], [4599.45, 957.0]], "asks": [[4601.8, 392412.0], [4601.85, 10000.0], [4601.9, 2813.0], [4602.0, 30910.0], [4602.1, 50042.0], [4602.25, 10000.0], [4602.45, 3000.0], [4602.5, 24558.0], [4602.55, 29136.0], [4602.6, 23466.0], [4602.8, 9296.0], [4602.95, 17785.0], [4603.0, 42687.0], [4603.05, 10041.0], [4603.25, 113275.0], [4603.4, 73743.0], [4603.5, 26123.0], [4603.55, 1563.0], [4603.7, 70100.0], [4603.75, 15412.0]]}}}
{"jsonrpc": "2.0", "method": "subscription", "params": {"channel": "book.ETH-PERPETUAL.none.20.100ms", "data": {"timestamp": 1756116625362, "change_id": 83417761568, "instrument_name": "ETH-PERPETUAL", "bids": [[4601.75, 438.0], [4601.5, 50000.0], [4601.0, 50000.0], [4600.9, 52000.0], [4600.8, 634.0], [4600.75, 4627.0], [4600.5, 24517.0], [4600.45, 7709.0], [4600.4, 200.0], [4600.25, 98189.0], [4600.15, 196831.0], [4600.0, 112033.0], [4599.95, 108193.0], [4599.9, 73008.0], [4599.85, 10000.0], [4599.75, 46704.0], [4599.65, 1008.0], [4599.6, 2000.0], [4599.5, 58026.0], [4599.45, 957.0]], "asks": [[4601.8, 390998.0], [4601.85, 10000.0], [4601.9, 2813.0], [4602.0, 30910.0], [4602.1, 50042.0], [4602.25, 10000.0], [4602.45, 3000.0], [4602.5, 24558.0], [4602.55, 29136.0], [4602.6, 23466.0], [4602.8, 9296.0], [4602.95, 17785.0], [4603.0, 42687.0], [4603.05, 10041.0], [4603.25, 113275.0], [4603.4, 73743.0], [4603.5, 72158.0], [4603.55, 1563.0], [4603.7, 70100.0], [4603.75, 15412.0]]}}}
{"jsonrpc": "2.0", "method": "subscription", "params": {"channel": "book.ETH-PERPETUAL.none.20.100ms", "data": {"timestamp": 1756116625723, "change_id": 83417764417, "instrument_name": "ETH-PERPETUAL", "bids": [[4600.8, 614.0], [4600.3, 2000.0], [4600.0, 50018.0], [4599.55, 15000.0], [4599.5, 50000.0], [4599.35, 200.0], [4599.3, 2343.0], [4599.25, 23224.0], [4599.2, 15000.0], [4599.0, 109177.0], [4598.95, 181440.0], [4598.75, 40865.0], [4598.7, 9072.0], [4598.6, 7704.0], [4598.5, 67816.0], [4598.2, 19748.0], [4598.05, 15816.0], [4598.0, 59543.0], [4597.95, 21229.0], [4597.75, 33689.0]], "asks": [[4600.85, 240800.0], [4601.0, 69432.0], [4601.05, 231440.0], [4601.4, 21030.0], [4601.45, 70100.0], [4601.5, 15918.0], [4601.55, 57743.0], [4601.75, 25186.0], [4601.8, 11022.0], [4601.9, 70100.0], [4602.0, 14260.0], [4602.1, 42.0], [4602.25, 15415.0], [4602.3, 37549.0], [4602.35, 70100.0], [4602.5, 73604.0], [4602.55, 9126.0], [4602.6, 23466.0], [4602.75, 41072.0], [4602.8, 70100.0]]}}}
{"jsonrpc": "2.0", "method": "subscription", "params": {"channel": "book.ETH-PERPETUAL.none.20.100ms", "data": {"timestamp": 1756116626052, "change_id": 83417766364, "instrument_name": "ETH-PERPETUAL", "bids": [[4600.0, 52018.0], [4599.55, 15000.0], [4599.5, 50000.0], [4599.35, 200.0], [4599.3, 6674.0], [4599.25, 23224.0], [4599.2, 15000.0], [4599.0, 109177.0], [4598.95, 181440.0], [4598.75, 68393.0], [4598.7, 9072.0], [4598.6, 108806.0], [4598.5, 67816.0], [4598.35, 18266.0], [4598.3, 60888.0], [4598.25, 12000.0], [4598.2, 19748.0], [4598.05, 30816.0], [4598.0, 59543.0], [4597.95, 9229.0]], "asks": [[4600.05, 270532.0], [4600.1, 10000.0], [4600.15, 3000.0], [4600.2, 10000.0], [4600.25, 61371.0], [4600.3, 181440.0], [4600.8, 23503.0], [4600.85, 10779.0], [4600.95, 63818.0], [4601.0, 10468.0], [4601.05, 4874.0], [4601.2, 20010.0], [4601.25, 15415.0], [4601.4, 21030.0], [4601.45, 87885.0], [4601.5, 10467.0], [4601.55, 16323.0], [4601.65, 17113.0], [4601.75, 25186.0], [4601.8, 1022.0]]}}}
{"jsonrpc": "2.0", "method": "subscription", "params": {"channel": "book.ETH-PERPETUAL.none.20.100ms", "data": {"timestamp": 1756116626372, "change_id": 83417767037, "instrument_name": "ETH-PERPETUAL", "bids": [[4600.0, 70018.0], [4599.6, 27500.0], [4599.55, 15000.0], [4599.5, 50000.0], [4599.3, 6674.0], [4599.25, 23224.0], [4599.2, 15000.0], [4599.0, 109177.0], [4598.95, 181640.0], [4598.75, 78393.0], [4598.7, 9072.0], [4598.65, 42559.0], [4598.6, 108806.0], [4598.5, 67816.0], [4598.45, 29366.0], [4598.4, 22000.0], [4598.35, 15000.0], [4598.3, 60888.0], [4598.2, 20704.0], [4598.05, 15816.0]], "asks": [[4600.05, 271160.0], [4600.1, 10000.0], [4600.15, 3000.0], [4600.2, 10000.0], [4600.25, 61371.0], [4600.3, 194994.0], [4600.5, 3000.0], [4600.55, 10000.0], [4600.8, 23503.0], [4600.85, 9720.0], [4600.95, 60888.0], [4601.0, 10468.0], [4601.05, 84.0], [4601.2, 20010.0], [4601.25, 15415.0], [4601.4, 21030.0], [4601.45, 87885.0], [4601.5, 10467.0], [4601.55, 9546.0], [4601.65, 16330.0]]}}}
{"jsonrpc": "2.0", "method": "subscription", "params": {"channel": "book.ETH-PERPETUAL.none.20.100ms", "data": {"timestamp": 1756116626701, "change_id": 83417767746, "instrument_name": "ETH-PERPETUAL", "bids": [[4600.0, 70018.0], [4599.65, 23250.0], [4599.6, 27500.0], [4599.5, 59448.0], [4599.3, 6674.0], [4599.25, 23224.0], [4599.2, 15000.0], [4599.05, 15000.0], [4599.0, 109177.0], [4598.95, 181640.0], [4598.75, 68393.0], [4598.7, 21072.0], [4598.65, 42559.0], [4598.6, 108806.0], [4598.5, 68702.0], [4598.45, 21569.0], [4598.4, 10000.0], [4598.3, 60888.0], [4598.25, 1008.0], [4598.2, 20704.0]], "asks": [[4600.05, 261698.0], [4600.1, 10000.0], [4600.15, 3000.0], [4600.2, 10000.0], [4600.25, 62479.0], [4600.3, 194994.0], [4600.5, 3000.0], [4600.55, 10000.0], [4600.8, 23503.0], [4600.85, 9448.0], [4600.95, 60888.0], [4601.0, 10468.0], [4601.05, 84.0], [4601.1, 10000.0], [4601.2, 20010.0], [4601.25, 50566.0], [4601.3, 29284.0], [4601.45, 87885.0], [4601.5, 10467.0], [4601.55, 9448.0]]}}}
{"jsonrpc": "2.0", "method": "subscription", "params": {"channel": "book.ETH-PERPETUAL.none.20.100ms", "data": {"timestamp": 1756116627034, "change_id": 83417768388, "instrument_name": "ETH-PERPETUAL", "bids": [[4600.0, 70018.0], [4599.65, 23250.0], [4599.6, 27500.0], [4599.5, 59448.0], [4599.3, 6674.0], [4599.25, 23424.0], [4599.2, 15000.0], [4599.05, 15000.0], [4599.0, 109177.0], [4598.95, 181440.0], [4598.75, 68393.0], [4598.7, 21072.0], [4598.65, 42559.0], [4598.6, 108806.0], [4598.5, 68702.0], [4598.45, 21569.0], [4598.4, 10000.0], [4598.3, 60888.0], [4598.25, 1008.0], [4598.2, 20704.0]], "asks": [[4600.05, 270717.0], [4600.1, 10000.0], [4600.15, 4108.0], [4600.2, 10000.0], [4600.25, 61371.0], [4600.3, 194994.0], [4600.5, 3000.0], [4600.55, 10000.0], [4600.8, 23503.0], [4600.85, 9448.0], [4600.95, 60888.0], [4601.0, 10468.0], [4601.05, 84.0], [4601.1, 10000.0], [4601.2, 20010.0], [4601.25, 50566.0], [4601.3, 29284.0], [4601.45, 87885.0], [4601.5, 10467.0], [4601.55, 9448.0]]}}}
{"jsonrpc": "2.0", "method": "subscription", "params": {"channel": "book.ETH-PERPETUAL.none.20.100ms", "data": {"timestamp": 1756116627351, "change_id": 83417768839, "instrument_name": "ETH-PERPETUAL", "bids": [[4600.0, 79518.0], [4599.7, 27500.0], [4599.65, 23250.0], [4599.55, 23100.0], [4599.5, 59448.0], [4599.4, 7027.0], [4599.25, 23424.0], [4599.2, 21225.0], [4599.1, 10000.0], [4599.05, 15000.0], [4599.0, 121177.0], [4598.95, 181440.0], [4598.75, 68393.0], [4598.7, 19072.0], [4598.65, 42559.0], [4598.6, 108806.0], [4598.5, 68702.0], [4598.45, 21569.0], [4598.3, 60888.0], [4598.25, 1008.0]], "asks": [[4600.05, 270548.0], [4600.1, 10000.0], [4600.15, 3000.0], [4600.2, 10000.0], [4600.25, 61371.0], [4600.3, 194994.0], [4600.5, 3000.0], [4600.55, 10000.0], [4600.8, 23503.0], [4600.85, 9448.0], [4600.95, 70888.0], [4601.0, 10468.0], [4601.05, 84.0], [4601.25, 70576.0], [4601.3, 29284.0], [4601.45, 87885.0], [4601.5, 10467.0], [4601.55, 9448.0], [4601.65, 16330.0], [4601.7, 1242.0]]}}}
{"jsonrpc": "2.0", "method": "subscription", "params": {"channel": "book.ETH-PERPETUAL.none.20.100ms", "data": {"timestamp": 1756116627707, "change_id": 83417769516, "instrument_name": "ETH-PERPETUAL", "bids": [[4600.0, 79518.0], [4599.7, 27500.0], [4599.65, 23250.0], [4599.55, 23100.0], [4599.5, 59448.0], [4599.4, 7027.0], [4599.25, 23424.0], [4599.2, 21225.0], [4599.1, 10000.0], [4599.05, 15000.0], [4599.0, 121177.0], [4598.95, 181440.0], [4598.75, 68393.0], [4598.7, 19072.0], [4598.65, 42559.0], [4598.6, 108806.0], [4598.5, 68702.0], [4598.45, 21569.0], [4598.3, 60888.0], [4598.25, 1008.0]], "asks": [[4600.05, 270546.0], [4600.1, 10000.0], [4600.15, 4108.0], [4600.2, 10000.0], [4600.25, 61371.0], [4600.3, 194994.0], [4600.5, 3000.0], [4600.55, 10000.0], [4600.8, 23503.0], [4600.85, 9448.0], [4600.95, 70888.0], [4601.0, 10468.0], [4601.05, 84.0], [4601.25, 70576.0], [4601.3, 29284.0], [4601.45, 87885.0], [4601.5, 10467.0], [4601.55, 9448.0], [4601.65, 16330.0], [4601.7, 1242.0]]}}}
{"jsonrpc": "2.0", "method": "subscription", "params": {"channel": "book.ETH-PERPETUAL.none.20.100ms", "data": {"timestamp": 1756116628032, "change_id": 83417770314, "instrument_name": "ETH-PERPETUAL", "bids": [[4600.0, 70057.0], [4599.7, 27500.0], [4599.65, 23250.0], [4599.55, 23100.0], [4599.5, 59448.0], [4599.4, 7027.0], [4599.25, 23424.0], [4599.2, 21225.0], [4599.05, 15000.0], [4599.0, 121177.0], [4598.95, 181440.0], [4598.75, 68393.0], [4598.7, 9072.0], [4598.65, 42559.0], [4598.6, 108806.0], [4598.5, 68702.0], [4598.45, 21569.0], [4598.35, 10000.0], [4598.3, 60888.0], [4598.25, 1008.0]], "asks": [[4600.05, 273236.0], [4600.1, 10000.0], [4600.15, 3000.0], [4600.2, 10000.0], [4600.25, 61371.0], [4600.3, 194994.0], [4600.5, 3000.0], [4600.55, 10000.0], [4600.75, 10000.0], [4600.8, 23503.0], [4600.85, 9448.0], [4600.95, 60888.0], [4601.0, 4718.0], [4601.05, 84.0], [4601.2, 20010.0], [4601.25, 50566.0], [4601.3, 29284.0], [4601.45, 87885.0], [4601.5, 10467.0], [4601.55, 9448.0]]}}}
{"jsonrpc": "2.0", "method": "subscription", "params": {"channel": "book.ETH-PERPETUAL.none.20.100ms", "data": {"timestamp": 1756116628367, "change_id": 83417770708, "instrument_name": "ETH-PERPETUAL", "bids": [[4600.0, 70657.0], [4599.7, 27500.0], [4599.65, 23250.0], [4599.55, 27500.0], [4599.5, 59448.0], [4599.4, 7027.0], [4599.25, 23424.0], [4599.2, 21225.0], [4599.15, 10000.0], [4599.05, 15000.0], [4599.0, 146236.0], [4598.95, 181440.0], [4598.85, 108187.0], [4598.75, 51969.0], [4598.7, 9072.0], [4598.65, 52559.0], [4598.6, 614.0], [4598.5, 68702.0], [4598.45, 21569.0], [4598.3, 60888.0]], "asks": [[4600.05, 272499.0], [4600.1, 10000.0], [4600.15, 5000.0], [4600.2, 10000.0], [4600.25, 61371.0], [4600.3, 186440.0], [4600.5, 3000.0], [4600.55, 10000.0], [4600.8, 23503.0], [4600.85, 9448.0], [4600.95, 60888.0], [4601.0, 20063.0], [4601.05, 84.0], [4601.2, 20010.0], [4601.25, 50566.0], [4601.3, 29284.0], [4601.45, 87885.0], [4601.5, 10467.0], [4601.55, 9448.0], [4601.65, 16330.0]]}}}
{"jsonrpc": "2.0", "method": "subscription", "params": {"channel": "book.ETH-PERPETUAL.none.20.100ms", "data": {"timestamp": 1756116628700, "change_id": 83417771337, "instrument_name": "ETH-PERPETUAL", "bids": [[4600.0, 70657.0], [4599.7, 27500.0], [4599.65, 23250.0], [4599.55, 27500.0], [4599.5, 59448.0], [4599.45, 10000.0], [4599.4, 7027.0], [4599.25, 23424.0], [4599.2, 21225.0], [4599.15, 10000.0], [4599.05, 15000.0], [4599.0, 146236.0], [4598.95, 181440.0], [4598.85, 108187.0], [4598.75, 51969.0], [4598.7, 9072.0], [4598.65, 52559.0], [4598.6, 614.0], [4598.5, 68702.0], [4598.45, 21569.0]], "asks": [[4600.05, 270925.0], [4600.1, 10000.0], [4600.15, 3000.0], [4600.2, 10000.0], [4600.25, 61371.0], [4600.3, 181440.0], [4600.5, 3000.0], [4600.55, 10000.0], [4600.8, 23503.0], [4600.85, 9448.0], [4600.95, 60888.0], [4601.0, 20063.0], [4601.05, 84.0], [4601.2, 20010.0], [4601.25, 50566.0], [4601.3, 29284.0], [4601.45, 87885.0], [4601.5, 10467.0], [4601.55, 9448.0], [4601.65, 16330.0]]}}}
{"jsonrpc": "2.0", "method": "subscription", "params": {"channel": "book.ETH-PERPETUAL.none.20.100ms", "data": {"timestamp": 1756116629027, "change_id": 83417772406, "instrument_name": "ETH-PERPETUAL", "bids": [[4600.0, 71258.0], [4599.75, 37334.0], [4599.7, 27500.0], [4599.55, 27500.0], [4599.5, 59448.0], [4599.4, 7027.0], [4599.25, 23424.0], [4599.2, 52903.0], [4599.1, 108186.0], [4599.05, 15000.0], [4599.0, 121177.0], [4598.95, 181440.0], [4598.75, 51969.0], [4598.7, 9072.0], [4598.65, 42559.0], [4598.6, 614.0], [4598.5, 68702.0], [4598.45, 21569.0], [4598.3, 60888.0], [4598.25, 1008.0]], "asks": [[4600.05, 122271.0], [4600.1, 121186.0], [4600.2, 10000.0], [4600.25, 63224.0], [4600.3, 181440.0], [4600.5, 3000.0], [4600.55, 10000.0], [4601.0, 7472.0], [4601.05, 9490.0], [4601.25, 15415.0], [4601.45, 37795.0], [4601.5, 71355.0], [4601.55, 9448.0], [4601.65, 16330.0], [4601.7, 1242.0], [4602.0, 6939.0], [4602.05, 9448.0], [4602.1, 42.0], [4602.25, 15415.0], [4602.3, 21030.0]]}}}
{"jsonrpc": "2.0", "method": "subscription", "params": {"channel": "book.ETH-PERPETUAL.none.20.100ms", "data": {"timestamp": 1756116629363, "change_id": 83417772815, "instrument_name": "ETH-PERPETUAL", "bids": [[4600.0, 93298.0], [4599.85, 8250.0], [4599.8, 27500.0], [4599.75, 26084.0], [4599.55, 27500.0], [4599.5, 59448.0], [4599.4, 7027.0], [4599.25, 23424.0], [4599.2, 52903.0], [4599.1, 108186.0], [4599.05, 15000.0], [4599.0, 121177.0], [4598.95, 181440.0], [4598.75, 51969.0], [4598.7, 9072.0], [4598.65, 42559.0], [4598.6, 614.0], [4598.5, 68702.0], [4598.45, 21569.0], [4598.3, 60888.0]], "asks": [[4600.05, 134512.0], [4600.1, 121186.0], [4600.15, 1853.0], [4600.2, 10000.0], [4600.25, 61371.0], [4600.3, 181440.0], [4600.45, 5000.0], [4600.5, 3000.0], [4600.55, 10000.0], [4601.0, 12541.0], [4601.05, 9490.0], [4601.2, 20010.0], [4601.25, 15415.0], [4601.5, 71355.0], [4601.55, 9448.0], [4601.6, 17785.0], [4601.65, 16330.0], [4601.7, 1242.0], [4602.0, 6939.0], [4602.05, 9448.0]]}}}
{"jsonrpc": "2.0", "method": "subscription", "params": {"channel": "book.ETH-PERPETUAL.none.20.100ms", "data": {"timestamp": 1756116629684, "change_id": 83417773324, "instrument_name": "ETH-PERPETUAL", "bids": [[4600.0, 80158.0], [4599.85, 8250.0], [4599.8, 27500.0], [4599.75, 26084.0], [4599.55, 27500.0], [4599.5, 59448.0], [4599.4, 7027.0], [4599.25, 23424.0], [4599.2, 62903.0], [4599.1, 108186.0], [4599.05, 15000.0], [4599.0, 121177.0], [4598.95, 181440.0], [4598.75, 51969.0], [4598.7, 9072.0], [4598.65, 52559.0], [4598.6, 614.0], [4598.5, 68702.0], [4598.45, 21569.0], [4598.3, 60888.0]], "asks": [[4600.05, 134517.0], [4600.1, 121186.0], [4600.2, 10000.0], [4600.25, 61371.0], [4600.3, 181440.0], [4600.45, 1108.0], [4600.5, 3000.0], [4600.55, 10000.0], [4600.9, 3000.0], [4600.95, 10000.0], [4601.0, 7472.0], [4601.05, 9490.0], [4601.25, 15415.0], [4601.4, 24269.0], [4601.45, 20010.0], [4601.5, 71355.0], [4601.55, 9448.0], [4601.6, 17785.0], [4601.65, 16330.0], [4601.7, 1242.0]]}}}
{"jsonrpc": "2.0", "method": "subscription", "params": {"channel": "book.ETH-PERPETUAL.none.20.100ms", "data": {"timestamp": 1756116630025, "change_id": 83417773995, "instrument_name": "ETH-PERPETUAL", "bids": [[4600.0, 80150.0], [4599.85, 8250.0], [4599.8, 27500.0], [4599.75, 26084.0], [4599.55, 27500.0], [4599.5, 59448.0], [4599.4, 7027.0], [4599.25, 23424.0], [4599.2, 52903.0], [4599.1, 108186.0], [4599.05, 15000.0], [4599.0, 121177.0], [4598.95, 181440.0], [4598.75, 51969.0], [4598.7, 9072.0], [4598.65, 52559.0], [4598.6, 614.0], [4598.5, 68702.0], [4598.45, 21569.0], [4598.3, 60888.0]], "asks": [[4600.05, 134541.0], [4600.1, 121186.0], [4600.15, 1853.0], [4600.2, 10000.0], [4600.25, 61371.0], [4600.3, 181440.0], [4600.5, 3000.0], [4600.55, 10000.0], [4600.9, 3000.0], [4600.95, 10000.0], [4601.0, 12528.0], [4601.05, 9448.0], [4601.2, 20010.0], [4601.25, 15415.0], [4601.4, 24269.0], [4601.5, 71355.0], [4601.55, 9448.0], [4601.6, 17785.0], [4601.65, 16330.0], [4601.7, 1242.0]]}}}
{"jsonrpc": "2.0", "method": "subscription", "params": {"channel": "book.ETH-PERPETUAL.none.20.100ms", "data": {"timestamp": 1756116630346, "change_id": 83417774292, "instrument_name": "ETH-PERPETUAL", "bids": [[4600.0, 80158.0], [4599.8, 27500.0], [4599.75, 26084.0], [4599.55, 27500.0], [4599.5, 59448.0], [4599.45, 10000.0], [4599.4, 7027.0], [4599.25, 23427.0], [4599.2, 52903.0], [4599.15, 10000.0], [4599.1, 108186.0], [4599.05, 15000.0], [4599.0, 121177.0], [4598.95, 181440.0], [4598.75, 51970.0], [4598.7, 9072.0], [4598.65, 52559.0], [4598.6, 614.0], [4598.5, 68703.0], [4598.45, 21569.0]], "asks": [[4600.05, 124057.0], [4600.1, 121186.0], [4600.15, 2000.0], [4600.2, 10000.0], [4600.25, 61371.0], [4600.3, 181440.0], [4600.5, 13500.0], [4600.55, 10000.0], [4600.9, 3000.0], [4600.95, 10000.0], [4601.0, 12528.0], [4601.05, 9448.0], [4601.2, 20010.0], [4601.25, 15415.0], [4601.4, 24269.0], [4601.5, 71355.0], [4601.55, 9448.0], [4601.6, 17785.0], [4601.65, 16330.0], [4601.7, 1242.0]]}}}
{"jsonrpc": "2.0", "method": "subscription", "params": {"channel": "book.ETH-PERPETUAL.none.20.100ms", "data": {"timestamp": 1756116630689, "change_id": 83417774804, "instrument_name": "ETH-PERPETUAL", "bids": [[4600.0, 80158.0], [4599.8, 27500.0], [4599.75, 26084.0], [4599.55, 27500.0], [4599.5, 59448.0], [4599.4, 7027.0], [4599.25, 23427.0], [4599.2, 52903.0], [4599.15, 10000.0], [4599.1, 108186.0], [4599.05, 15000.0], [4599.0, 121177.0], [4598.95, 181440.0], [4598.75, 51970.0], [4598.7, 9072.0], [4598.65, 52559.0], [4598.6, 614.0], [4598.5, 68703.0], [4598.45, 21569.0], [4598.3, 60888.0]], "asks": [[4600.05, 134457.0], [4600.1, 121186.0], [4600.15, 2000.0], [4600.2, 10000.0], [4600.25, 61371.0], [4600.3, 181440.0], [4600.5, 3000.0], [4600.55, 10000.0], [4600.9, 3000.0], [4600.95, 10000.0], [4601.0, 12528.0], [4601.05, 9448.0], [4601.2, 20010.0], [4601.25, 15415.0], [4601.4, 24269.0], [4601.5, 71355.0], [4601.55, 9448.0], [4601.6, 17785.0], [4601.65, 16330.0], [4601.7, 1242.0]]}}}
{"jsonrpc": "2.0", "method": "subscription", "params": {"channel": "book.ETH-PERPETUAL.none.20.100ms", "data": {"timestamp": 1756116630996, "change_id": 83417775291, "instrument_name": "ETH-PERPETUAL", "bids": [[4600.0, 52658.0], [4599.8, 27500.0], [4599.75, 26084.0], [4599.55, 27500.0], [4599.5, 59448.0], [4599.4, 7027.0], [4599.25, 23427.0], [4599.2, 52903.0], [4599.15, 10000.0], [4599.1, 108186.0], [4599.05, 15000.0], [4599.0, 121177.0], [4598.95, 181440.0], [4598.75, 51970.0], [4598.7, 9072.0], [4598.65, 52559.0], [4598.6, 614.0], [4598.5, 68703.0], [4598.45, 21569.0], [4598.3, 60888.0]], "asks": [[4600.05, 131580.0], [4600.1, 122911.0], [4600.15, 2000.0], [4600.2, 10000.0], [4600.25, 66371.0], [4600.3, 181440.0], [4600.5, 3000.0], [4600.55, 10000.0], [4600.9, 3000.0], [4600.95, 10000.0], [4601.0, 12528.0], [4601.05, 9448.0], [4601.2, 20010.0], [4601.25, 15415.0], [4601.4, 24269.0], [4601.5, 71355.0], [4601.55, 9448.0], [4601.6, 17785.0], [4601.65, 16330.0], [4601.7, 1242.0]]}}}
{"jsonrpc": "2.0", "method": "subscription", "params": {"channel": "book.ETH-PERPETUAL.none.20.100ms", "data": {"timestamp": 1756116631348, "change_id": 83417775852, "instrument_name": "ETH-PERPETUAL", "bids": [[4600.0, 52057.0], [4599.5, 50000.0], [4599.3, 7028.0], [4599.25, 23427.0], [4599.15, 47456.0], [4599.1, 108186.0], [4599.0, 109177.0], [4598.95, 181440.0], [4598.75, 51970.0], [4598.7, 9072.0], [4598.65, 57559.0], [4598.6, 614.0], [4598.5, 80703.0], [4598.45, 21569.0], [4598.3, 60888.0], [4598.25, 1008.0], [4598.2, 19748.0], [4598.05, 15816.0], [4598.0, 59543.0], [4597.95, 9229.0]], "asks": [[4600.05, 127848.0], [4600.1, 122911.0], [4600.15, 2000.0], [4600.2, 10000.0], [4600.25, 61371.0], [4600.3, 181440.0], [4600.45, 10500.0], [4600.5, 5409.0], [4600.55, 19281.0], [4600.9, 6003.0], [4600.95, 20010.0], [4601.0, 7472.0], [4601.05, 9448.0], [4601.25, 15415.0], [4601.35, 17785.0], [4601.4, 24269.0], [4601.5, 71355.0], [4601.55, 9448.0], [4601.65, 16330.0], [4601.7, 1242.0]]}}}
{"jsonrpc": "2.0", "method": "subscription", "params": {"channel": "book.ETH-PERPETUAL.none.20.100ms", "data": {"timestamp": 1756116631678, "change_id": 83417776956, "instrument_name": "ETH-PERPETUAL", "bids": [[4600.0, 52057.0], [4599.55, 15000.0], [4599.5, 50000.0], [4599.25, 109.0], [4599.15, 15000.0], [4599.0, 109177.0], [4598.95, 181440.0], [4598.8, 7917.0], [4598.75, 74900.0], [4598.7, 29883.0], [4598.6, 614.0], [4598.5, 176883.0], [4598.2, 34748.0], [4598.05, 15816.0], [4598.0, 71543.0], [4597.95, 9229.0], [4597.75, 33689.0], [4597.6, 5655.0], [4597.5, 59231.0], [4597.45, 120.0]], "asks": [[4600.05, 140466.0], [4600.1, 127439.0], [4600.15, 20811.0], [4600.2, 10000.0], [4600.25, 61371.0], [4600.3, 181440.0], [4600.5, 5409.0], [4600.55, 19281.0], [4600.8, 5336.0], [4600.85, 20010.0], [4600.95, 1242.0], [4601.0, 13408.0], [4601.05, 14605.0], [4601.2, 17785.0], [4601.25, 15415.0], [4601.4, 24269.0], [4601.45, 70100.0], [4601.55, 9448.0], [4601.6, 1332.0], [4601.65, 16330.0]]}}}
{"jsonrpc": "2.0", "method": "subscription", "params": {"channel": "book.ETH-PERPETUAL.none.20.100ms", "data": {"timestamp": 1756116631989, "change_id": 83417777618, "instrument_name": "ETH-PERPETUAL", "bids": [[4600.0, 52057.0], [4599.55, 15000.0], [4599.5, 50000.0], [4599.25, 109.0], [4599.15, 15000.0], [4599.05, 200.0], [4599.0, 109177.0], [4598.95, 181440.0], [4598.8, 7717.0], [4598.75, 74900.0], [4598.7, 29883.0], [4598.6, 12614.0], [4598.55, 25000.0], [4598.5, 176883.0], [4598.2, 19748.0], [4598.05, 15816.0], [4598.0, 59543.0], [4597.95, 9229.0], [4597.8, 956.0], [4597.75, 34697.0]], "asks": [[4600.05, 250367.0], [4600.1, 19253.0], [4600.15, 20811.0], [4600.2, 10000.0], [4600.25, 61371.0], [4600.3, 181440.0], [4600.5, 5409.0], [4600.55, 19281.0], [4600.8, 5336.0], [4600.95, 21252.0], [4601.0, 13408.0], [4601.05, 9448.0], [4601.2, 17785.0], [4601.25, 15415.0], [4601.4, 24269.0], [4601.45, 70100.0], [4601.5, 8133.0], [4601.55, 9448.0], [4601.65, 16330.0], [4601.85, 21030.0]]}}}
{"jsonrpc": "2.0", "method": "subscription", "params": {"channel": "book.ETH-PERPETUAL.none.20.100ms", "data": {"timestamp": 1756116632339, "change_id": 83417778002, "instrument_name": "ETH-PERPETUAL", "bids": [[4600.0, 52057.0], [4599.55, 27500.0], [4599.5, 50000.0], [4599.25, 109.0], [4599.15, 15000.0], [4599.05, 200.0], [4599.0, 109177.0], [4598.95, 181440.0], [4598.8, 7717.0], [4598.75, 74900.0], [4598.7, 29883.0], [4598.6, 12614.0], [4598.55, 25000.0], [4598.5, 176883.0], [4598.2, 19748.0], [4598.05, 15816.0], [4598.0, 59543.0], [4597.95, 9229.0], [4597.8, 956.0], [4597.75, 34697.0]], "asks": [[4600.05, 250277.0], [4600.1, 19253.0], [4600.15, 20811.0], [4600.2, 10000.0], [4600.25, 61371.0], [4600.3, 181440.0], [4600.5, 5409.0], [4600.55, 19281.0], [4600.8, 5336.0], [4600.95, 21252.0], [4601.0, 13408.0], [4601.05, 9448.0], [4601.2, 17785.0], [4601.25, 15415.0], [4601.4, 24269.0], [4601.45, 70100.0], [4601.5, 8133.0], [4601.55, 9448.0], [4601.65, 16330.0], [4601.85, 21030.0]]}}}
{"jsonrpc": "2.0", "method": "subscription", "params": {"channel": "book.ETH-PERPETUAL.none.20.100ms", "data": {"timestamp": 1756116632672, "change_id": 83417778746, "instrument_name": "ETH-PERPETUAL", "bids": [[4600.0, 65798.0], [4599.6, 23250.0], [4599.55, 27500.0], [4599.5, 59281.0], [4599.25, 109.0], [4599.2, 20811.0], [4599.15, 15000.0], [4599.05, 200.0], [4599.0, 109177.0], [4598.95, 181440.0], [4598.9, 15000.0], [4598.8, 7717.0], [4598.75, 74900.0], [4598.7, 9072.0], [4598.6, 12614.0], [4598.55, 10000.0], [4598.5, 176883.0], [4598.2, 19748.0], [4598.05, 15816.0], [4598.0, 59543.0]], "asks": [[4600.05, 230664.0], [4600.1, 10000.0], [4600.15, 4108.0], [4600.2, 10000.0], [4600.25, 61371.0], [4600.3, 181440.0], [4600.5, 11671.0], [4600.55, 10000.0], [4600.7, 20811.0], [4600.75, 10500.0], [4601.0, 12528.0], [4601.05, 9448.0], [4601.15, 20010.0], [4601.25, 15415.0], [4601.3, 17785.0], [4601.4, 24269.0], [4601.45, 70100.0], [4601.5, 8133.0], [4601.55, 9448.0], [4601.65, 16330.0]]}}}
{"jsonrpc": "2.0", "method": "subscription", "params": {"channel": "book.ETH-PERPETUAL.none.20.100ms", "data": {"timestamp": 1756116632961, "change_id": 83417779374, "instrument_name": "ETH-PERPETUAL", "bids": [[4600.0, 52658.0], [4599.6, 23250.0], [4599.55, 27500.0], [4599.5, 59281.0], [4599.35, 7354.0], [4599.3, 10000.0], [4599.25, 15109.0], [4599.2, 20811.0], [4599.15, 15000.0], [4599.0, 109177.0], [4598.95, 181440.0], [4598.9, 12000.0], [4598.85, 10000.0], [4598.8, 7717.0], [4598.75, 74900.0], [4598.7, 9072.0], [4598.65, 52884.0], [4598.6, 614.0], [4598.5, 176883.0], [4598.2, 19748.0]], "asks": [[4600.05, 231056.0], [4600.1, 10000.0], [4600.15, 3000.0], [4600.2, 10000.0], [4600.25, 61371.0], [4600.3, 181440.0], [4600.5, 6150.0], [4600.55, 15000.0], [4600.75, 10500.0], [4600.8, 6243.0], [4600.85, 20811.0], [4600.95, 10000.0], [4601.0, 12528.0], [4601.05, 9448.0], [4601.2, 20010.0], [4601.25, 15415.0], [4601.5, 8133.0], [4601.55, 9448.0], [4601.6, 17785.0], [4601.65, 16330.0]]}}}
{"jsonrpc": "2.0", "method": "subscription", "params": {"channel": "book.ETH-PERPETUAL.none.20.100ms", "data": {"timestamp": 1756116633333, "change_id": 83417780074, "instrument_name": "ETH-PERPETUAL", "bids": [[4600.0, 102579.0], [4599.7, 58095.0], [4599.65, 27500.0], [4599.55, 27500.0], [4599.5, 59281.0], [4599.35, 3233.0], [4599.25, 15109.0], [4599.15, 15000.0], [4599.0, 109177.0], [4598.95, 181440.0], [4598.9, 12000.0], [4598.85, 10000.0], [4598.8, 7717.0], [4598.75, 40866.0], [4598.7, 9072.0], [4598.65, 52884.0], [4598.6, 614.0], [4598.5, 68703.0], [4598.2, 19748.0], [4598.05, 15816.0]], "asks": [[4600.05, 49502.0], [4600.1, 10000.0], [4600.2, 60000.0], [4600.25, 61371.0], [4600.3, 181440.0], [4600.4, 60.0], [4600.55, 10000.0], [4601.0, 13118.0], [4601.2, 10500.0], [4601.25, 20811.0], [4601.45, 20010.0], [4601.5, 8133.0], [4601.55, 9448.0], [4601.65, 16330.0], [4601.8, 17785.0], [4601.85, 21030.0], [4601.9, 71343.0], [4602.0, 6939.0], [4602.05, 9448.0], [4602.1, 42.0]]}}}
{"jsonrpc": "2.0", "method": "subscription", "params": {"channel": "book.ETH-PERPETUAL.none.20.100ms", "data": {"timestamp": 1756116633652, "change_id": 83417781764, "instrument_name": "ETH-PERPETUAL", "bids": [[4600.65, 34466.0], [4600.15, 30092.0], [4600.1, 54670.0], [4600.05, 23579.0], [4600.0, 64807.0], [4599.95, 27000.0], [4599.75, 27500.0], [4599.7, 84116.0], [4599.65, 27500.0], [4599.6, 189157.0], [4599.5, 74728.0], [4599.35, 36606.0], [4599.25, 130919.0], [4599.2, 15447.0], [4599.0, 50000.0], [4598.85, 5655.0], [4598.75, 40866.0], [4598.7, 9072.0], [4598.6, 51570.0], [4598.5, 69711.0]], "asks": [[4600.7, 158276.0], [4600.85, 10000.0], [4601.15, 54432.0], [4601.2, 181440.0], [4601.7, 10877.0], [4601.75, 36258.0], [4601.85, 10500.0], [4602.05, 9448.0], [4602.1, 42.0], [4602.2, 20010.0], [4602.25, 15415.0], [4602.3, 21030.0], [4602.35, 70100.0], [4602.45, 17785.0], [4602.5, 22777.0], [4602.55, 9126.0], [4602.75, 41072.0], [4602.8, 70100.0], [4602.95, 4901.0], [4603.0, 42687.0]]}}}
{"jsonrpc": "2.0", "method": "subscription", "params": {"channel": "book.ETH-PERPETUAL.none.20.100ms", "data": {"timestamp": 1756116633993, "change_id": 83417782429, "instrument_name": "ETH-PERPETUAL", "bids": [[4600.65, 34466.0], [4600.2, 42997.0], [4600.15, 40092.0], [4600.1, 27595.0], [4600.05, 23579.0], [4600.0, 64807.0], [4599.95, 12000.0], [4599.75, 27500.0], [4599.7, 84116.0], [4599.65, 27500.0], [4599.6, 189157.0], [4599.5, 74728.0], [4599.45, 52894.0], [4599.4, 10000.0], [4599.35, 36606.0], [4599.25, 130919.0], [4599.2, 15447.0], [4599.0, 50000.0], [4598.85, 5655.0], [4598.75, 51792.0]], "asks": [[4600.7, 192679.0], [4600.85, 10000.0], [4601.15, 64432.0], [4601.2, 181440.0], [4601.35, 3150.0], [4601.4, 10500.0], [4601.7, 10877.0], [4601.75, 36258.0], [4601.95, 20010.0], [4602.05, 9448.0], [4602.1, 42.0], [4602.25, 15415.0], [4602.3, 21030.0], [4602.35, 70100.0], [4602.45, 19028.0], [4602.5, 22777.0], [4602.55, 9126.0], [4602.75, 41072.0], [4602.8, 70100.0], [4602.95, 4901.0]]}}}
{"jsonrpc": "2.0", "method": "subscription", "params": {"channel": "book.ETH-PERPETUAL.none.20.100ms", "data": {"timestamp": 1756116634324, "change_id": 83417782846, "instrument_name": "ETH-PERPETUAL", "bids": [[4600.65, 601.0], [4600.3, 200.0], [4600.2, 42997.0], [4600.15, 9281.0], [4600.1, 42595.0], [4600.05, 44390.0], [4600.0, 64807.0], [4599.95, 12000.0], [4599.75, 27500.0], [4599.7, 84116.0], [4599.65, 27500.0], [4599.6, 189157.0], [4599.5, 74728.0], [4599.45, 52894.0], [4599.4, 10000.0], [4599.35, 37492.0], [4599.25, 130919.0], [4599.2, 15447.0], [4599.0, 50000.0], [4598.85, 5655.0]], "asks": [[4600.7, 203301.0], [4600.8, 3000.0], [4600.85, 10000.0], [4601.15, 64432.0], [4601.2, 181440.0], [4601.7, 10877.0], [4601.75, 36258.0], [4602.0, 20010.0], [4602.05, 36658.0], [4602.1, 42.0], [4602.2, 17785.0], [4602.25, 15415.0], [4602.3, 21030.0], [4602.35, 70100.0], [4602.45, 1243.0], [4602.5, 22777.0], [4602.55, 9126.0], [4602.75, 41072.0], [4602.8, 70100.0], [4602.85, 915.0]]}}}
{"jsonrpc": "2.0", "method": "subscription", "params": {"channel": "book.ETH-PERPETUAL.none.20.100ms", "data": {"timestamp": 1756116634654, "change_id": 83417784025, "instrument_name": "ETH-PERPETUAL", "bids": [[4600.1, 95.0], [4600.0, 52057.0], [4599.7, 84116.0], [4599.65, 200.0], [4599.6, 181440.0], [4599.5, 116841.0], [4599.45, 108173.0], [4599.35, 21697.0], [4599.25, 37743.0], [4599.2, 15447.0], [4599.0, 50000.0], [4598.9, 16954.0], [4598.85, 5655.0], [4598.75, 52866.0], [4598.7, 9072.0], [4598.6, 614.0], [4598.5, 68825.0], [4598.2, 19748.0], [4598.05, 15816.0], [4598.0, 59543.0]], "asks": [[4600.15, 76300.0], [4600.2, 54631.0], [4600.25, 108175.0], [4600.35, 50000.0], [4600.5, 6632.0], [4600.7, 22461.0], [4600.85, 6243.0], [4600.9, 20811.0], [4601.15, 74441.0], [4601.2, 190721.0], [4601.25, 3855.0], [4601.4, 15451.0], [4601.65, 17785.0], [4601.75, 15447.0], [4602.05, 36658.0], [4602.25, 15415.0], [4602.3, 21030.0], [4602.35, 70100.0], [4602.5, 22777.0], [4602.55, 9126.0]]}}}
{"jsonrpc": "2.0", "method": "subscription", "params": {"channel": "book.ETH-PERPETUAL.none.20.100ms", "data": {"timestamp": 1756116634976, "change_id": 83417784661, "instrument_name": "ETH-PERPETUAL", "bids": [[4600.1, 95.0], [4600.0, 52057.0], [4599.7, 84116.0], [4599.65, 200.0], [4599.6, 181440.0], [4599.5, 116841.0], [4599.45, 108173.0], [4599.35, 20811.0], [4599.25, 37743.0], [4599.2, 15447.0], [4599.05, 12000.0], [4599.0, 50000.0], [4598.9, 14160.0], [4598.85, 5655.0], [4598.75, 40866.0], [4598.7, 9072.0], [4598.6, 614.0], [4598.5, 67817.0], [4598.2, 19748.0], [4598.05, 15816.0]], "asks": [[4600.15, 206441.0], [4600.2, 15095.0], [4600.25, 181.0], [4600.35, 50000.0], [4600.5, 60383.0], [4600.55, 181440.0], [4600.7, 11663.0], [4600.85, 16243.0], [4600.9, 20811.0], [4601.1, 8439.0], [4601.15, 20009.0], [4601.2, 9281.0], [4601.25, 3855.0], [4601.4, 15451.0], [4601.65, 1242.0], [4601.7, 17785.0], [4601.75, 15447.0], [4602.05, 9448.0], [4602.25, 16748.0], [4602.3, 21030.0]]}}}
{"jsonrpc": "2.0", "method": "subscription", "params": {"channel": "book.ETH-PERPETUAL.none.20.100ms", "data": {"timestamp": 1756116635289, "change_id": 83417785380, "instrument_name": "ETH-PERPETUAL", "bids": [[4600.0, 52057.0], [4599.65, 31700.0], [4599.6, 27500.0], [4599.55, 27500.0], [4599.5, 92113.0], [4599.45, 108173.0], [4599.25, 74946.0], [4599.2, 15447.0], [4599.1, 181440.0], [4599.0, 68538.0], [4598.95, 17603.0], [4598.9, 7718.0], [4598.85, 20655.0], [4598.75, 57678.0], [4598.7, 21072.0], [4598.65, 60470.0], [4598.6, 1500.0], [4598.5, 67817.0], [4598.2, 19748.0], [4598.05, 15816.0]], "asks": [[4600.05, 222268.0], [4600.1, 95.0], [4600.15, 13531.0], [4600.25, 10181.0], [4600.3, 15013.0], [4600.35, 50000.0], [4600.5, 60341.0], [4600.55, 181440.0], [4600.65, 9281.0], [4600.7, 42.0], [4601.1, 8439.0], [4601.15, 20009.0], [4601.2, 9281.0], [4601.25, 3855.0], [4601.3, 60470.0], [4601.35, 17785.0], [4601.4, 15451.0], [4601.65, 1242.0], [4601.75, 15447.0], [4601.9, 70100.0]]}}}
{"jsonrpc": "2.0", "method": "subscription", "params": {"channel": "book.ETH-PERPETUAL.none.20.100ms", "data": {"timestamp": 1756116635633, "change_id": 83417785939, "instrument_name": "ETH-PERPETUAL", "bids": [[4600.0, 65798.0], [4599.65, 31700.0], [4599.6, 27500.0], [4599.55, 27500.0], [4599.5, 101394.0], [4599.45, 108173.0], [4599.25, 74946.0], [4599.2, 30447.0], [4599.1, 181440.0], [4599.0, 80538.0], [4598.95, 17603.0], [4598.9, 7718.0], [4598.85, 5655.0], [4598.75, 57678.0], [4598.7, 9072.0], [4598.65, 60470.0], [4598.6, 1500.0], [4598.5, 67817.0], [4598.2, 19748.0], [4598.05, 15816.0]], "asks": [[4600.05, 220706.0], [4600.1, 95.0], [4600.15, 12211.0], [4600.25, 10000.0], [4600.3, 15013.0], [4600.35, 50000.0], [4600.5, 60341.0], [4600.55, 181440.0], [4600.6, 10500.0], [4601.1, 2784.0], [4601.2, 9281.0], [4601.25, 3855.0], [4601.3, 60470.0], [4601.35, 20009.0], [4601.4, 15451.0], [4601.45, 6762.0], [4601.65, 1242.0], [4601.7, 17785.0], [4601.75, 15447.0], [4601.9, 70100.0]]}}}
{"jsonrpc": "2.0", "method": "subscription", "params": {"channel": "book.ETH-PERPETUAL.none.20.100ms", "data": {"timestamp": 1756116635980, "change_id": 83417786677, "instrument_name": "ETH-PERPETUAL", "bids": [[4600.0, 117779.0], [4599.8, 3000.0], [4599.75, 30534.0], [4599.7, 27500.0], [4599.5, 101394.0], [4599.45, 108173.0], [4599.3, 12000.0], [4599.25, 74946.0], [4599.2, 15447.0], [4599.1, 181440.0], [4599.0, 68538.0], [4598.95, 17603.0], [4598.9, 7718.0], [4598.85, 5655.0], [4598.75, 57678.0], [4598.7, 9072.0], [4598.65, 60470.0], [4598.6, 1500.0], [4598.5, 67817.0], [4598.2, 19748.0]], "asks": [[4600.05, 61570.0], [4600.15, 10042.0], [4600.25, 10000.0], [4600.3, 15013.0], [4600.35, 50000.0], [4600.4, 40.0], [4600.5, 60341.0], [4600.55, 181440.0], [4600.95, 3150.0], [4601.0, 10500.0], [4601.1, 5436.0], [4601.2, 19281.0], [4601.25, 30326.0], [4601.3, 60470.0], [4601.4, 35460.0], [4601.45, 6762.0], [4601.65, 1242.0], [4601.75, 15447.0], [4601.85, 17785.0], [4601.9, 70100.0]]}}}
{"jsonrpc": "2.0", "method": "subscription", "params": {"channel": "book.ETH-PERPETUAL.none.20.100ms", "data": {"timestamp": 1756116636297, "change_id": 83417787482, "instrument_name": "ETH-PERPETUAL", "bids": [[4600.0, 129899.0], [4599.95, 10000.0], [4599.85, 8280.0], [4599.8, 27600.0], [4599.75, 17784.0], [4599.5, 101394.0], [4599.45, 108173.0], [4599.25, 84946.0], [4599.2, 15447.0], [4599.1, 181440.0], [4599.0, 68538.0], [4598.95, 17603.0], [4598.9, 7718.0], [4598.85, 5655.0], [4598.75, 57678.0], [4598.7, 11036.0], [4598.65, 60470.0], [4598.6, 1500.0], [4598.5, 67817.0], [4598.35, 50000.0]], "asks": [[4600.05, 10082.0], [4600.15, 10042.0], [4600.2, 108170.0], [4600.35, 100000.0], [4600.45, 40.0], [4600.5, 60341.0], [4600.55, 181440.0], [4600.6, 10000.0], [4601.0, 3150.0], [4601.05, 10500.0], [4601.25, 3855.0], [4601.4, 15451.0], [4601.55, 9281.0], [4601.7, 20009.0], [4601.75, 15447.0], [4601.9, 60470.0], [4602.05, 9448.0], [4602.1, 915.0], [4602.2, 17785.0], [4602.25, 15415.0]]}}}
{"jsonrpc": "2.0", "method": "subscription", "params": {"channel": "book.ETH-PERPETUAL.none.20.100ms", "data": {"timestamp": 1756116636623, "change_id": 83417788138, "instrument_name": "ETH-PERPETUAL", "bids": [[4600.0, 129779.0], [4599.95, 10000.0], [4599.85, 8280.0], [4599.8, 27600.0], [4599.75, 69993.0], [4599.65, 181440.0], [4599.5, 101394.0], [4599.45, 108173.0], [4599.25, 32743.0], [4599.2, 15447.0], [4599.0, 58757.0], [4598.9, 7718.0], [4598.85, 5655.0], [4598.75, 57678.0], [4598.7, 11036.0], [4598.65, 60470.0], [4598.6, 1500.0], [4598.5, 67817.0], [4598.35, 50000.0], [4598.2, 19748.0]], "asks": [[4600.05, 10042.0], [4600.15, 42.0], [4600.3, 10000.0], [4600.35, 50000.0], [4600.45, 50000.0], [4600.55, 181440.0], [4600.6, 10000.0], [4600.8, 40.0], [4601.0, 3150.0], [4601.05, 10500.0], [4601.25, 7153.0], [4601.4, 15451.0], [4601.45, 10000.0], [4601.55, 9281.0], [4601.7, 20009.0], [4601.75, 15447.0], [4601.9, 60470.0], [4602.05, 9448.0], [4602.1, 915.0], [4602.2, 17785.0]]}}}
{"jsonrpc": "2.0", "method": "subscription", "params": {"channel": "book.ETH-PERPETUAL.none.20.100ms", "data": {"timestamp": 1756116636973, "change_id": 83417788853, "instrument_name": "ETH-PERPETUAL", "bids": [[4600.0, 129899.0], [4599.95, 10000.0], [4599.85, 8280.0], [4599.8, 27600.0], [4599.75, 79993.0], [4599.65, 181440.0], [4599.5, 101394.0], [4599.45, 108173.0], [4599.3, 52892.0], [4599.25, 32743.0], [4599.2, 15447.0], [4599.0, 58757.0], [4598.9, 7718.0], [4598.85, 5655.0], [4598.75, 57678.0], [4598.7, 11036.0], [4598.65, 110470.0], [4598.6, 1500.0], [4598.5, 67817.0], [4598.2, 19748.0]], "asks": [[4600.05, 42.0], [4600.15, 42.0], [4600.3, 108168.0], [4600.35, 50000.0], [4600.55, 181440.0], [4600.7, 50000.0], [4600.9, 3040.0], [4600.95, 10000.0], [4601.25, 3855.0], [4601.4, 15451.0], [4601.75, 15447.0], [4601.8, 20009.0], [4602.05, 9448.0], [4602.2, 17785.0], [4602.25, 16658.0], [4602.3, 21030.0], [4602.35, 70100.0], [4602.45, 60470.0], [4602.5, 22777.0], [4602.55, 9126.0]]}}}
{"jsonrpc": "2.0", "method": "subscription", "params": {"channel": "book.ETH-PERPETUAL.none.20.100ms", "data": {"timestamp": 1756116637298, "change_id": 83417789695, "instrument_name": "ETH-PERPETUAL", "bids": [[4600.0, 52658.0], [4599.85, 8250.0], [4599.8, 27500.0], [4599.75, 69993.0], [4599.65, 181640.0], [4599.5, 106251.0], [4599.4, 108168.0], [4599.3, 52892.0], [4599.25, 22743.0], [4599.2, 15447.0], [4599.0, 65162.0], [4598.95, 15000.0], [4598.9, 7718.0], [4598.85, 5655.0], [4598.8, 22000.0], [4598.75, 40866.0], [4598.7, 9072.0], [4598.6, 61970.0], [4598.5, 67817.0], [4598.2, 19748.0]], "asks": [[4600.05, 35549.0], [4600.1, 82463.0], [4600.15, 108210.0], [4600.2, 10000.0], [4600.25, 15000.0], [4600.35, 50000.0], [4600.5, 48041.0], [4600.55, 181440.0], [4600.75, 3150.0], [4600.8, 10500.0], [4601.0, 8439.0], [4601.05, 9281.0], [4601.2, 20009.0], [4601.25, 3855.0], [4601.3, 17785.0], [4601.4, 15451.0], [4601.55, 9281.0], [4601.75, 15447.0], [4602.05, 9448.0], [4602.25, 16658.0]]}}}
{"jsonrpc": "2.0", "method": "subscription", "params": {"channel": "book.ETH-PERPETUAL.none.20.100ms", "data": {"timestamp": 1756116637616, "change_id": 83417790362, "instrument_name": "ETH-PERPETUAL", "bids": [[4600.0, 52658.0], [4599.75, 17784.0], [4599.65, 200.0], [4599.5, 76801.0], [4599.45, 10000.0], [4599.3, 67892.0], [4599.25, 101321.0], [4599.2, 305054.0], [4599.1, 12000.0], [4599.0, 58757.0], [4598.9, 7718.0], [4598.85, 5655.0], [4598.75, 40866.0], [4598.7, 9072.0], [4598.6, 61970.0], [4598.5, 67817.0], [4598.2, 19748.0], [4598.05, 15816.0], [4598.0, 59543.0], [4597.95, 9229.0]], "asks": [[4600.05, 204568.0], [4600.1, 3013.0], [4600.15, 42.0], [4600.2, 10000.0], [4600.25, 15000.0], [4600.35, 50000.0], [4600.5, 48041.0], [4600.55, 181440.0], [4600.6, 10000.0], [4601.0, 8439.0], [4601.05, 9281.0], [4601.2, 20009.0], [4601.25, 3855.0], [4601.4, 15451.0], [4601.5, 1242.0], [4601.55, 9281.0], [4601.7, 17785.0], [4601.75, 15447.0], [4601.9, 70100.0], [4602.05, 9448.0]]}}}
{"jsonrpc": "2.0", "method": "subscription", "params": {"channel": "book.ETH-PERPETUAL.none.20.100ms", "data": {"timestamp": 1756116637964, "change_id": 83417790881, "instrument_name": "ETH-PERPETUAL", "bids": [[4600.0, 52658.0], [4599.75, 17784.0], [4599.65, 200.0], [4599.5, 76801.0], [4599.45, 10000.0], [4599.3, 67892.0], [4599.25, 101321.0], [4599.2, 196887.0], [4599.15, 108166.0], [4599.1, 12000.0], [4599.0, 58757.0], [4598.9, 7718.0], [4598.85, 5655.0], [4598.75, 54344.0], [4598.7, 9072.0], [4598.6, 61970.0], [4598.5, 67817.0], [4598.2, 19748.0], [4598.05, 15816.0], [4598.0, 59543.0]], "asks": [[4600.05, 204364.0], [4600.1, 3013.0], [4600.15, 42.0], [4600.2, 10000.0], [4600.25, 15000.0], [4600.35, 50000.0], [4600.5, 48041.0], [4600.55, 181440.0], [4600.6, 10000.0], [4601.0, 8439.0], [4601.05, 9281.0], [4601.2, 20009.0], [4601.25, 3855.0], [4601.4, 21122.0], [4601.5, 1242.0], [4601.55, 9281.0], [4601.7, 17785.0], [4601.75, 15447.0], [4601.85, 21030.0], [4601.9, 70100.0]]}}}
{"jsonrpc": "2.0", "method": "subscription", "params": {"channel": "book.ETH-PERPETUAL.none.20.100ms", "data": {"timestamp": 1756116638275, "change_id": 83417791295, "instrument_name": "ETH-PERPETUAL", "bids": [[4600.0, 52657.0], [4599.75, 17784.0], [4599.65, 200.0], [4599.55, 27600.0], [4599.5, 76801.0], [4599.45, 10000.0], [4599.3, 67892.0], [4599.25, 101321.0], [4599.2, 196887.0], [4599.1, 12000.0], [4599.0, 58757.0], [4598.9, 7718.0], [4598.85, 5655.0], [4598.75, 54344.0], [4598.7, 9072.0], [4598.6, 61970.0], [4598.5, 67817.0], [4598.2, 19748.0], [4598.05, 15816.0], [4598.0, 59543.0]], "asks": [[4600.05, 204537.0], [4600.1, 3013.0], [4600.15, 42.0], [4600.2, 10000.0], [4600.25, 15000.0], [4600.35, 50000.0], [4600.5, 48041.0], [4600.55, 181440.0], [4600.6, 10000.0], [4601.0, 8439.0], [4601.05, 9281.0], [4601.2, 20009.0], [4601.25, 3855.0], [4601.4, 21122.0], [4601.5, 1242.0], [4601.55, 9281.0], [4601.7, 17785.0], [4601.75, 15447.0], [4601.85, 21030.0], [4601.9, 70100.0]]}}}
{"jsonrpc": "2.0", "method": "subscription", "params": {"channel": "book.ETH-PERPETUAL.none.20.100ms", "data": {"timestamp": 1756116638537, "change_id": 83417791693, "instrument_name": "ETH-PERPETUAL", "bids": [[4600.0, 52657.0], [4599.75, 26901.0], [4599.65, 200.0], [4599.55, 27600.0], [4599.5, 86801.0], [4599.3, 67892.0], [4599.25, 101321.0], [4599.2, 196887.0], [4599.1, 120166.0], [4599.0, 58757.0], [4598.9, 7718.0], [4598.85, 5655.0], [4598.75, 54344.0], [4598.7, 9072.0], [4598.6, 61970.0], [4598.5, 67817.0], [4598.45, 10000.0], [4598.2, 19748.0], [4598.05, 15816.0], [4598.0, 59543.0]], "asks": [[4600.05, 204507.0], [4600.1, 3013.0], [4600.15, 42.0], [4600.2, 10000.0], [4600.25, 15000.0], [4600.35, 50000.0], [4600.5, 48041.0], [4600.55, 181440.0], [4600.6, 10000.0], [4600.85, 3000.0], [4600.9, 10000.0], [4601.0, 8439.0], [4601.05, 9281.0], [4601.2, 20009.0], [4601.25, 3855.0], [4601.4, 21122.0], [4601.5, 1242.0], [4601.55, 9281.0], [4601.7, 17785.0], [4601.75, 15447.0]]}}}
{"jsonrpc": "2.0", "method": "subscription", "params": {"channel": "book.ETH-PERPETUAL.none.20.100ms", "data": {"timestamp": 1756116638825, "change_id": 83417791933, "instrument_name": "ETH-PERPETUAL", "bids": [[4600.0, 52657.0], [4599.75, 26901.0], [4599.65, 200.0], [4599.55, 27600.0], [4599.5, 86801.0], [4599.3, 67892.0], [4599.25, 101321.0], [4599.2, 196887.0], [4599.1, 120166.0], [4599.0, 58757.0], [4598.9, 7718.0], [4598.85, 5655.0], [4598.75, 54344.0], [4598.7, 9072.0], [4598.6, 61970.0], [4598.5, 67817.0], [4598.45, 10000.0], [4598.2, 32279.0], [4598.1, 50000.0], [4598.05, 15816.0]], "asks": [[4600.05, 204506.0], [4600.1, 3013.0], [4600.15, 42.0], [4600.2, 10000.0], [4600.25, 15000.0], [4600.35, 50000.0], [4600.5, 48041.0], [4600.55, 181440.0], [4600.6, 10000.0], [4600.85, 3000.0], [4600.9, 10000.0], [4601.0, 8439.0], [4601.05, 9281.0], [4601.2, 20009.0], [4601.25, 3855.0], [4601.4, 21122.0], [4601.5, 1242.0], [4601.55, 9281.0], [4601.7, 17785.0], [4601.75, 15447.0]]}}}
{"jsonrpc": "2.0", "method": "subscription", "params": {"channel": "book.ETH-PERPETUAL.none.20.100ms", "data": {"timestamp": 1756116639286, "change_id": 83417792720, "instrument_name": "ETH-PERPETUAL", "bids": [[4600.0, 52657.0], [4599.65, 27120.0], [4599.6, 27600.0], [4599.55, 12800.0], [4599.5, 67520.0], [4599.35, 200.0], [4599.3, 67892.0], [4599.25, 74175.0], [4599.2, 196887.0], [4599.0, 166921.0], [4598.9, 7718.0], [4598.85, 5655.0], [4598.75, 66344.0], [4598.7, 9072.0], [4598.6, 61970.0], [4598.5, 67817.0], [4598.45, 10000.0], [4598.2, 19748.0], [4598.05, 15816.0], [4598.0, 59543.0]], "asks": [[4600.05, 205360.0], [4600.1, 3013.0], [4600.15, 42.0], [4600.2, 10000.0], [4600.25, 15000.0], [4600.35, 50000.0], [4600.5, 48041.0], [4600.55, 190721.0], [4600.6, 10000.0], [4600.8, 6003.0], [4600.95, 20009.0], [4601.0, 2784.0], [4601.05, 9281.0], [4601.25, 3855.0], [4601.4, 21122.0], [4601.5, 19027.0], [4601.55, 9281.0], [4601.75, 15447.0], [4601.85, 21030.0], [4601.9, 70100.0]]}}}
{"jsonrpc": "2.0", "method": "subscription", "params": {"channel": "book.ETH-PERPETUAL.none.20.100ms", "data": {"timestamp": 1756116639601, "change_id": 83417793197, "instrument_name": "ETH-PERPETUAL", "bids": [[4600.0, 65997.0], [4599.65, 27120.0], [4599.6, 27600.0], [4599.55, 12800.0], [4599.5, 63554.0], [4599.3, 15000.0], [4599.25, 103966.0], [4599.2, 196887.0], [4599.05, 12000.0], [4599.0, 166921.0], [4598.9, 7718.0], [4598.85, 5655.0], [4598.75, 64344.0], [4598.7, 9072.0], [4598.6, 61970.0], [4598.5, 67817.0], [4598.2, 19748.0], [4598.05, 65816.0], [4598.0, 59543.0], [4597.95, 9229.0]], "asks": [[4600.05, 86277.0], [4600.1, 3013.0], [4600.15, 42.0], [4600.2, 10000.0], [4600.25, 15000.0], [4600.35, 50000.0], [4600.4, 5000.0], [4600.5, 48041.0], [4600.55, 191940.0], [4600.6, 10000.0], [4600.8, 3000.0], [4600.85, 10000.0], [4601.0, 8439.0], [4601.05, 9281.0], [4601.2, 20009.0], [4601.25, 3855.0], [4601.4, 21122.0], [4601.5, 1242.0], [4601.55, 9281.0], [4601.7, 17785.0]]}}}
{"jsonrpc": "2.0", "method": "subscription", "params": {"channel": "book.ETH-PERPETUAL.none.20.100ms", "data": {"timestamp": 1756116639923, "change_id": 83417793730, "instrument_name": "ETH-PERPETUAL", "bids": [[4600.0, 52857.0], [4599.65, 27120.0], [4599.6, 27600.0], [4599.55, 12800.0], [4599.5, 66587.0], [4599.35, 12000.0], [4599.3, 15000.0], [4599.25, 103966.0], [4599.2, 196887.0], [4599.05, 52889.0], [4599.0, 166921.0], [4598.9, 7718.0], [4598.85, 5655.0], [4598.75, 64344.0], [4598.7, 9072.0], [4598.6, 61970.0], [4598.5, 67817.0], [4598.2, 32279.0], [4598.05, 65816.0], [4598.0, 59543.0]], "asks": [[4600.05, 143569.0], [4600.1, 53013.0], [4600.15, 42.0], [4600.2, 10000.0], [4600.25, 15000.0], [4600.35, 50000.0], [4600.4, 5000.0], [4600.5, 48041.0], [4600.55, 191940.0], [4600.6, 10000.0], [4600.8, 3000.0], [4600.85, 10000.0], [4601.0, 8439.0], [4601.05, 9281.0], [4601.2, 20009.0], [4601.25, 3855.0], [4601.4, 15451.0], [4601.5, 13996.0], [4601.55, 9281.0], [4601.7, 17785.0]]}}}
{"jsonrpc": "2.0", "method": "subscription", "params": {"channel": "book.ETH-PERPETUAL.none.20.100ms", "data": {"timestamp": 1756116640243, "change_id": 83417794306, "instrument_name": "ETH-PERPETUAL", "bids": [[4600.0, 52657.0], [4599.7, 27600.0], [4599.65, 27320.0], [4599.6, 27600.0], [4599.5, 66587.0], [4599.35, 27000.0], [4599.25, 103966.0], [4599.2, 196887.0], [4599.1, 10000.0], [4599.05, 161051.0], [4599.0, 58757.0], [4598.9, 7718.0], [4598.85, 5655.0], [4598.75, 54344.0], [4598.7, 9072.0], [4598.6, 61970.0], [4598.5, 67817.0], [4598.4, 10000.0], [4598.2, 19748.0], [4598.05, 15816.0]], "asks": [[4600.05, 154000.0], [4600.1, 53013.0], [4600.15, 42.0], [4600.2, 10000.0], [4600.25, 20000.0], [4600.35, 50000.0], [4600.5, 48041.0], [4600.55, 181440.0], [4600.6, 10000.0], [4600.7, 10000.0], [4601.0, 8439.0], [4601.05, 9281.0], [4601.2, 20009.0], [4601.25, 3855.0], [4601.4, 15451.0], [4601.5, 19027.0], [4601.55, 9281.0], [4601.75, 15447.0], [4601.85, 21030.0], [4601.9, 70100.0]]}}}
{"jsonrpc": "2.0", "method": "subscription", "params": {"channel": "book.ETH-PERPETUAL.none.20.100ms", "data": {"timestamp": 1756116640610, "change_id": 83417794783, "instrument_name": "ETH-PERPETUAL", "bids": [[4600.0, 52657.0], [4599.55, 15000.0], [4599.5, 50000.0], [4599.35, 200.0], [4599.25, 103966.0], [4599.2, 196887.0], [4599.05, 161051.0], [4599.0, 77162.0], [4598.95, 15000.0], [4598.9, 7718.0], [4598.85, 5655.0], [4598.75, 54344.0], [4598.7, 9072.0], [4598.6, 61970.0], [4598.5, 67817.0], [4598.4, 10000.0], [4598.2, 19748.0], [4598.05, 15816.0], [4598.0, 59543.0], [4597.95, 9229.0]], "asks": [[4600.05, 143374.0], [4600.1, 53013.0], [4600.15, 42.0], [4600.2, 10000.0], [4600.25, 15000.0], [4600.35, 50040.0], [4600.5, 48041.0], [4600.55, 190461.0], [4600.6, 10000.0], [4600.95, 6003.0], [4601.0, 22793.0], [4601.05, 9281.0], [4601.25, 3855.0], [4601.35, 5772.0], [4601.4, 15451.0], [4601.5, 19027.0], [4601.55, 9281.0], [4601.75, 15447.0], [4601.85, 21030.0], [4601.9, 70100.0]]}}}
{"jsonrpc": "2.0", "method": "subscription", "params": {"channel": "book.ETH-PERPETUAL.none.20.100ms", "data": {"timestamp": 1756116640942, "change_id": 83417795346, "instrument_name": "ETH-PERPETUAL", "bids": [[4600.0, 52056.0], [4599.55, 15000.0], [4599.5, 50000.0], [4599.35, 200.0], [4599.25, 103966.0], [4599.2, 196887.0], [4599.05, 108162.0], [4599.0, 77162.0], [4598.95, 15000.0], [4598.9, 7718.0], [4598.85, 5655.0], [4598.75, 54344.0], [4598.7, 9072.0], [4598.6, 61970.0], [4598.5, 67817.0], [4598.4, 10000.0], [4598.2, 19748.0], [4598.05, 15816.0], [4598.0, 59543.0], [4597.95, 9229.0]], "asks": [[4600.05, 199969.0], [4600.1, 3013.0], [4600.15, 42.0], [4600.2, 10000.0], [4600.25, 15000.0], [4600.35, 50000.0], [4600.5, 58041.0], [4600.55, 190461.0], [4600.6, 10000.0], [4600.95, 6003.0], [4601.0, 22793.0], [4601.05, 9281.0], [4601.25, 11593.0], [4601.35, 5772.0], [4601.4, 15451.0], [4601.5, 19027.0], [4601.55, 9281.0], [4601.75, 15447.0], [4601.85, 21030.0], [4601.9, 70100.0]]}}}
{"jsonrpc": "2.0", "method": "subscription", "params": {"channel": "book.ETH-PERPETUAL.none.20.100ms", "data": {"timestamp": 1756116641251, "change_id": 83417795722, "instrument_name": "ETH-PERPETUAL", "bids": [[4600.0, 52056.0], [4599.55, 15000.0], [4599.5, 50000.0], [4599.35, 200.0], [4599.25, 103966.0], [4599.2, 206887.0], [4599.05, 108162.0], [4599.0, 77162.0], [4598.95, 15000.0], [4598.9, 17718.0], [4598.85, 5655.0], [4598.75, 54344.0], [4598.7, 9072.0], [4598.6, 61970.0], [4598.5, 67817.0], [4598.4, 10000.0], [4598.2, 19748.0], [4598.05, 15816.0], [4598.0, 59543.0], [4597.95, 9229.0]], "asks": [[4600.05, 204617.0], [4600.1, 3013.0], [4600.15, 42.0], [4600.2, 10000.0], [4600.25, 15000.0], [4600.35, 50000.0], [4600.5, 48041.0], [4600.55, 190461.0], [4600.6, 10000.0], [4600.95, 6003.0], [4601.0, 22793.0], [4601.05, 9281.0], [4601.25, 11593.0], [4601.35, 5772.0], [4601.4, 15451.0], [4601.5, 19027.0], [4601.55, 9281.0], [4601.75, 15447.0], [4601.85, 21030.0], [4601.9, 70100.0]]}}}
{"jsonrpc": "2.0", "method": "subscription", "params": {"channel": "book.ETH-PERPETUAL.none.20.100ms", "data": {"timestamp": 1756116641603, "change_id": 83417796187, "instrument_name": "ETH-PERPETUAL", "bids": [[4600.0, 52056.0], [4599.5, 50000.0], [4599.35, 200.0], [4599.25, 103966.0], [4599.2, 181440.0], [4599.05, 108162.0], [4599.0, 61757.0], [4598.9, 7718.0], [4598.85, 5655.0], [4598.75, 64344.0], [4598.7, 9072.0], [4598.6, 61970.0], [4598.5, 67817.0], [4598.45, 3000.0], [4598.4, 10000.0], [4598.2, 19748.0], [4598.05, 15816.0], [4598.0, 71543.0], [4597.95, 9229.0], [4597.85, 1008.0]], "asks": [[4600.05, 203689.0], [4600.1, 8013.0], [4600.15, 42.0], [4600.2, 10000.0], [4600.25, 15000.0], [4600.35, 50000.0], [4600.5, 48041.0], [4600.55, 190461.0], [4600.6, 10000.0], [4600.95, 6003.0], [4601.0, 27781.0], [4601.05, 9281.0], [4601.2, 17785.0], [4601.25, 3855.0], [4601.35, 5772.0], [4601.4, 15451.0], [4601.5, 1242.0], [4601.55, 9281.0], [4601.75, 15447.0], [4601.85, 21030.0]]}}}
{"jsonrpc": "2.0", "method": "subscription", "params": {"channel": "book.ETH-PERPETUAL.none.20.100ms", "data": {"timestamp": 1756116641914, "change_id": 83417797119, "instrument_name": "ETH-PERPETUAL", "bids": [[4600.0, 50056.0], [4599.5, 52000.0], [4599.25, 15109.0], [4599.0, 57061.0], [4598.9, 7918.0], [4598.75, 107091.0], [4598.7, 9072.0], [4598.65, 108159.0], [4598.6, 197940.0], [4598.5, 67817.0], [4598.35, 3600.0], [4598.3, 12000.0], [4598.2, 38420.0], [4598.1, 60470.0], [4598.05, 25816.0], [4598.0, 59543.0], [4597.95, 9229.0], [4597.85, 1008.0], [4597.8, 956.0], [4597.75, 33689.0]], "asks": [[4600.05, 205408.0], [4600.1, 8013.0], [4600.15, 42.0], [4600.2, 10000.0], [4600.25, 15000.0], [4600.35, 50000.0], [4600.5, 48041.0], [4600.55, 210470.0], [4600.6, 10000.0], [4601.0, 7772.0], [4601.05, 9281.0], [4601.2, 17785.0], [4601.25, 25556.0], [4601.4, 15451.0], [4601.45, 70100.0], [4601.5, 1242.0], [4601.55, 9281.0], [4601.75, 15447.0], [4601.85, 21030.0], [4601.9, 70100.0]]}}}
{"jsonrpc": "2.0", "method": "subscription", "params": {"channel": "book.ETH-PERPETUAL.none.20.100ms", "data": {"timestamp": 1756116642249, "change_id": 83417797665, "instrument_name": "ETH-PERPETUAL", "bids": [[4600.0, 50056.0], [4599.5, 52000.0], [4599.25, 15109.0], [4599.0, 67315.0], [4598.9, 7918.0], [4598.75, 144014.0], [4598.7, 9072.0], [4598.65, 108159.0], [4598.6, 209940.0], [4598.5, 67817.0], [4598.35, 3000.0], [4598.3, 10000.0], [4598.2, 38420.0], [4598.1, 60470.0], [4598.05, 15816.0], [4598.0, 59543.0], [4597.95, 9229.0], [4597.85, 1008.0], [4597.8, 956.0], [4597.75, 33689.0]], "asks": [[4600.05, 204443.0], [4600.1, 8013.0], [4600.15, 42.0], [4600.2, 10000.0], [4600.25, 15000.0], [4600.35, 60000.0], [4600.5, 48041.0], [4600.55, 190461.0], [4600.6, 10000.0], [4600.8, 6003.0], [4600.85, 20009.0], [4601.0, 18218.0], [4601.05, 9281.0], [4601.1, 36900.0], [4601.2, 17785.0], [4601.25, 25556.0], [4601.4, 15451.0], [4601.45, 70100.0], [4601.5, 1242.0], [4601.55, 9281.0]]}}}
{"jsonrpc": "2.0", "method": "subscription", "params": {"channel": "book.ETH-PERPETUAL.none.20.100ms", "data": {"timestamp": 1756116642519, "change_id": 83417797989, "instrument_name": "ETH-PERPETUAL", "bids": [[4600.0, 50056.0], [4599.5, 52000.0], [4599.25, 15109.0], [4599.0, 74133.0], [4598.95, 15000.0], [4598.9, 19918.0], [4598.75, 144014.0], [4598.7, 9072.0], [4598.65, 108159.0], [4598.6, 182940.0], [4598.5, 67817.0], [4598.35, 3000.0], [4598.3, 10000.0], [4598.2, 38420.0], [4598.1, 60470.0], [4598.05, 15816.0], [4598.0, 59543.0], [4597.95, 9229.0], [4597.85, 1008.0], [4597.8, 956.0]], "asks": [[4600.05, 204287.0], [4600.1, 8013.0], [4600.2, 10000.0], [4600.25, 15000.0], [4600.35, 60000.0], [4600.5, 48041.0], [4600.55, 190461.0], [4600.6, 10000.0], [4600.9, 6003.0], [4600.95, 20009.0], [4601.0, 18218.0], [4601.05, 9281.0], [4601.1, 36900.0], [4601.2, 17785.0], [4601.25, 25556.0], [4601.4, 15451.0], [4601.45, 70100.0], [4601.5, 1242.0], [4601.55, 9281.0], [4601.75, 15447.0]]}}}
{"jsonrpc": "2.0", "method": "subscription", "params": {"channel": "book.ETH-PERPETUAL.none.20.100ms", "data": {"timestamp": 1756116642885, "change_id": 83417798352, "instrument_name": "ETH-PERPETUAL", "bids": [[4600.0, 50056.0], [4599.5, 52000.0], [4599.25, 15109.0], [4599.15, 200.0], [4599.0, 74133.0], [4598.95, 15000.0], [4598.9, 19718.0], [4598.75, 144014.0], [4598.7, 9072.0], [4598.65, 108159.0], [4598.6, 182940.0], [4598.5, 67817.0], [4598.35, 3000.0], [4598.3, 10000.0], [4598.2, 38420.0], [4598.1, 60470.0], [4598.05, 15816.0], [4598.0, 59543.0], [4597.95, 9229.0], [4597.85, 1008.0]], "asks": [[4600.05, 204248.0], [4600.1, 8013.0], [4600.2, 10000.0], [4600.25, 15000.0], [4600.35, 60000.0], [4600.5, 48041.0], [4600.55, 190461.0], [4600.6, 10000.0], [4600.9, 6003.0], [4600.95, 20009.0], [4601.0, 18218.0], [4601.05, 9281.0], [4601.1, 36900.0], [4601.2, 17785.0], [4601.25, 25556.0], [4601.4, 15451.0], [4601.45, 70100.0], [4601.5, 1242.0], [4601.55, 9281.0], [4601.75, 15447.0]]}}}
{"jsonrpc": "2.0", "method": "subscription", "params": {"channel": "book.ETH-PERPETUAL.none.20.100ms", "data": {"timestamp": 1756116643256, "change_id": 83417799039, "instrument_name": "ETH-PERPETUAL", "bids": [[4600.0, 50056.0], [4599.5, 52000.0], [4599.25, 15109.0], [4599.15, 200.0], [4599.0, 74133.0], [4598.95, 15000.0], [4598.9, 19718.0], [4598.8, 10000.0], [4598.75, 144014.0], [4598.7, 9072.0], [4598.65, 108159.0], [4598.6, 182940.0], [4598.5, 67817.0], [4598.35, 3000.0], [4598.3, 10000.0], [4598.2, 38420.0], [4598.1, 60470.0], [4598.05, 15816.0], [4598.0, 59543.0], [4597.95, 9229.0]], "asks": [[4600.05, 204258.0], [4600.1, 8013.0], [4600.2, 10000.0], [4600.25, 15000.0], [4600.35, 60000.0], [4600.5, 48041.0], [4600.55, 190461.0], [4600.6, 10000.0], [4600.9, 6003.0], [4600.95, 20009.0], [4601.0, 18218.0], [4601.05, 9281.0], [4601.1, 36900.0], [4601.2, 17785.0], [4601.25, 25556.0], [4601.4, 15451.0], [4601.45, 70100.0], [4601.5, 1242.0], [4601.55, 9281.0], [4601.75, 15447.0]]}}}
{"jsonrpc": "2.0", "method": "subscription", "params": {"channel": "book.ETH-PERPETUAL.none.20.100ms", "data": {"timestamp": 1756116643586, "change_id": 83417799503, "instrument_name": "ETH-PERPETUAL", "bids": [[4600.0, 50056.0], [4599.5, 52000.0], [4599.25, 109.0], [4599.15, 200.0], [4599.05, 15000.0], [4599.0, 65822.0], [4598.75, 144014.0], [4598.65, 108159.0], [4598.6, 182940.0], [4598.5, 77817.0], [4598.45, 3600.0], [4598.4, 12000.0], [4598.2, 38420.0], [4598.1, 60470.0], [4598.05, 15816.0], [4598.0, 69543.0], [4597.95, 9229.0], [4597.85, 1008.0], [4597.8, 956.0], [4597.75, 33689.0]], "asks": [[4600.05, 204348.0], [4600.1, 8013.0], [4600.2, 10000.0], [4600.25, 22128.0], [4600.3, 20009.0], [4600.35, 60000.0], [4600.5, 48041.0], [4600.55, 190461.0], [4600.6, 10000.0], [4600.9, 5336.0], [4600.95, 17785.0], [4601.0, 18218.0], [4601.05, 9281.0], [4601.1, 36900.0], [4601.25, 25556.0], [4601.4, 15451.0], [4601.45, 70100.0], [4601.5, 1242.0], [4601.55, 9281.0], [4601.75, 15447.0]]}}}
{"jsonrpc": "2.0", "method": "subscription", "params": {"channel": "book.ETH-PERPETUAL.none.20.100ms", "data": {"timestamp": 1756116643888, "change_id": 83417799946, "instrument_name": "ETH-PERPETUAL", "bids": [[4600.0, 50056.0], [4599.5, 52000.0], [4599.25, 109.0], [4599.15, 200.0], [4599.05, 15000.0], [4599.0, 65822.0], [4598.8, 7720.0], [4598.75, 144014.0], [4598.65, 108159.0], [4598.6, 182940.0], [4598.5, 91838.0], [4598.45, 3600.0], [4598.4, 12000.0], [4598.2, 38420.0], [4598.1, 60470.0], [4598.05, 15816.0], [4598.0, 69543.0], [4597.95, 9229.0], [4597.85, 1008.0], [4597.8, 956.0]], "asks": [[4600.05, 204644.0], [4600.1, 8013.0], [4600.2, 10000.0], [4600.25, 22128.0], [4600.3, 20009.0], [4600.35, 60000.0], [4600.5, 48041.0], [4600.55, 190461.0], [4600.6, 10000.0], [4600.9, 5336.0], [4600.95, 17785.0], [4601.0, 2784.0], [4601.05, 9281.0], [4601.25, 25556.0], [4601.4, 15451.0], [4601.45, 70100.0], [4601.5, 1242.0], [4601.55, 10196.0], [4601.75, 15447.0], [4601.8, 72500.0]]}}}
{"jsonrpc": "2.0", "method": "subscription", "params": {"channel": "book.ETH-PERPETUAL.none.20.100ms", "data": {"timestamp": 1756116644248, "change_id": 83417800812, "instrument_name": "ETH-PERPETUAL", "bids": [[4600.0, 50056.0], [4599.5, 52000.0], [4599.25, 109.0], [4599.05, 15000.0], [4599.0, 65822.0], [4598.8, 7720.0], [4598.75, 144214.0], [4598.6, 182940.0], [4598.5, 65817.0], [4598.2, 146573.0], [4598.1, 75470.0], [4598.05, 15816.0], [4598.0, 61543.0], [4597.95, 21229.0], [4597.85, 1008.0], [4597.8, 956.0], [4597.75, 33689.0], [4597.7, 5669.0], [4597.65, 10000.0], [4597.5, 59351.0]], "asks": [[4600.05, 208020.0], [4600.1, 13626.0], [4600.15, 20009.0], [4600.2, 10000.0], [4600.25, 22128.0], [4600.35, 60000.0], [4600.5, 48041.0], [4600.55, 190461.0], [4600.6, 10000.0], [4600.8, 5336.0], [4600.85, 17785.0], [4601.0, 2784.0], [4601.05, 9281.0], [4601.25, 25556.0], [4601.4, 15451.0], [4601.45, 70100.0], [4601.5, 1242.0], [4601.55, 10196.0], [4601.75, 85157.0], [4601.8, 118518.0]]}}}
{"jsonrpc": "2.0", "method": "subscription", "params": {"channel": "book.ETH-PERPETUAL.none.20.100ms", "data": {"timestamp": 1756116644580, "change_id": 83417801233, "instrument_name": "ETH-PERPETUAL", "bids": [[4600.0, 49867.0], [4599.5, 52000.0], [4599.25, 109.0], [4599.0, 50000.0], [4598.8, 18859.0], [4598.75, 128398.0], [4598.6, 190662.0], [4598.5, 73917.0], [4598.45, 15000.0], [4598.25, 87435.0], [4598.2, 108153.0], [4598.1, 60470.0], [4598.05, 15816.0], [4598.0, 61543.0], [4597.95, 9229.0], [4597.85, 1008.0], [4597.8, 956.0], [4597.75, 33689.0], [4597.7, 5669.0], [4597.65, 10000.0]], "asks": [[4600.05, 230732.0], [4600.1, 8013.0], [4600.2, 10000.0], [4600.25, 22128.0], [4600.35, 60000.0], [4600.5, 48041.0], [4600.55, 190461.0], [4600.6, 10000.0], [4600.75, 17785.0], [4601.0, 2784.0], [4601.05, 9281.0], [4601.25, 25556.0], [4601.35, 4896.0], [4601.4, 15451.0], [4601.45, 70100.0], [4601.5, 1242.0], [4601.55, 10196.0], [4601.75, 85157.0], [4601.8, 72500.0], [4601.85, 46019.0]]}}}
{"jsonrpc": "2.0", "method": "subscription", "params": {"channel": "book.ETH-PERPETUAL.none.20.100ms", "data": {"timestamp": 1756116644908, "change_id": 83417801812, "instrument_name": "ETH-PERPETUAL", "bids": [[4600.0, 49867.0], [4599.5, 52000.0], [4599.25, 109.0], [4599.0, 50000.0], [4598.75, 91475.0], [4598.6, 189780.0], [4598.5, 73917.0], [4598.45, 15000.0], [4598.25, 87435.0], [4598.2, 108153.0], [4598.1, 70470.0], [4598.05, 15816.0], [4598.0, 62429.0], [4597.95, 9229.0], [4597.75, 33689.0], [4597.7, 5669.0], [4597.65, 10000.0], [4597.5, 59351.0], [4597.4, 15920.0], [4597.25, 51605.0]], "asks": [[4600.05, 233816.0], [4600.1, 8013.0], [4600.2, 10000.0], [4600.25, 22128.0], [4600.35, 60000.0], [4600.5, 65826.0], [4600.55, 190461.0], [4600.6, 10000.0], [4601.0, 2784.0], [4601.05, 9281.0], [4601.25, 25556.0], [4601.4, 15451.0], [4601.45, 70100.0], [4601.5, 1242.0], [4601.55, 10196.0], [4601.75, 85157.0], [4601.8, 72500.0], [4601.85, 46019.0], [4601.9, 70100.0], [4602.0, 43753.0]]}}}
{"jsonrpc": "2.0", "method": "subscription", "params": {"channel": "book.ETH-PERPETUAL.none.20.100ms", "data": {"timestamp": 1756116645214, "change_id": 83417802360, "instrument_name": "ETH-PERPETUAL", "bids": [[4600.0, 49867.0], [4599.5, 52000.0], [4599.25, 109.0], [4599.0, 50000.0], [4598.75, 91475.0], [4598.6, 189780.0], [4598.5, 73917.0], [4598.45, 15000.0], [4598.4, 10000.0], [4598.25, 87435.0], [4598.2, 108153.0], [4598.1, 60470.0], [4598.05, 15816.0], [4598.0, 62429.0], [4597.95, 9229.0], [4597.75, 33689.0], [4597.7, 5669.0], [4597.65, 10000.0], [4597.5, 59351.0], [4597.4, 15920.0]], "asks": [[4600.05, 233904.0], [4600.1, 8013.0], [4600.2, 10000.0], [4600.25, 22128.0], [4600.35, 60000.0], [4600.45, 4833.0], [4600.5, 48041.0], [4600.55, 208246.0], [4600.6, 10000.0], [4601.0, 2784.0], [4601.05, 9281.0], [4601.25, 25556.0], [4601.4, 15451.0], [4601.45, 70100.0], [4601.5, 8935.0], [4601.55, 10196.0], [4601.75, 85157.0], [4601.8, 72500.0], [4601.85, 46019.0], [4601.9, 70100.0]]}}}
{"jsonrpc": "2.0", "method": "subscription", "params": {"channel": "book.ETH-PERPETUAL.none.20.100ms", "data": {"timestamp": 1756116645570, "change_id": 83417803150, "instrument_name": "ETH-PERPETUAL", "bids": [[4600.0, 20393.0], [4599.5, 50000.0], [4599.25, 109.0], [4599.0, 52000.0], [4598.75, 1.0], [4598.6, 614.0], [4598.55, 15000.0], [4598.5, 50001.0], [4598.3, 3000.0], [4598.25, 85435.0], [4598.2, 200.0], [4598.1, 181440.0], [4598.05, 30816.0], [4598.0, 65501.0], [4597.85, 9000.0], [4597.75, 33689.0], [4597.7, 5669.0], [4597.65, 10000.0], [4597.55, 2000.0], [4597.5, 59351.0]], "asks": [[4600.05, 234712.0], [4600.1, 5000.0], [4600.15, 3000.0], [4600.2, 10000.0], [4600.25, 22128.0], [4600.3, 17785.0], [4600.35, 60000.0], [4600.45, 4833.0], [4600.5, 48041.0], [4600.55, 190461.0], [4600.6, 10000.0], [4600.95, 21030.0], [4601.0, 72884.0], [4601.05, 9281.0], [4601.25, 25556.0], [4601.4, 15451.0], [4601.45, 70100.0], [4601.5, 8935.0], [4601.55, 56212.0], [4601.75, 85157.0]]}}}
{"jsonrpc": "2.0", "method": "subscription", "params": {"channel": "book.ETH-PERPETUAL.none.20.100ms", "data": {"timestamp": 1756116645878, "change_id": 83417803707, "instrument_name": "ETH-PERPETUAL", "bids": [[4600.0, 20393.0], [4599.5, 50000.0], [4599.25, 109.0], [4599.0, 50000.0], [4598.95, 2000.0], [4598.75, 1.0], [4598.6, 8344.0], [4598.55, 15000.0], [4598.5, 50201.0], [4598.45, 10627.0], [4598.4, 38203.0], [4598.25, 75435.0], [4598.15, 9000.0], [4598.1, 181440.0], [4598.05, 15816.0], [4598.0, 98978.0], [4597.8, 108150.0], [4597.75, 33689.0], [4597.7, 6625.0], [4597.65, 10000.0]], "asks": [[4600.05, 233857.0], [4600.1, 26141.0], [4600.15, 60470.0], [4600.2, 10000.0], [4600.25, 22128.0], [4600.35, 60000.0], [4600.4, 17785.0], [4600.45, 4833.0], [4600.5, 48041.0], [4600.55, 190461.0], [4600.6, 10000.0], [4600.95, 21030.0], [4601.0, 72884.0], [4601.05, 9281.0], [4601.25, 25556.0], [4601.4, 15451.0], [4601.45, 70100.0], [4601.5, 52596.0], [4601.55, 56212.0], [4601.75, 15447.0]]}}}
{"jsonrpc": "2.0", "method": "subscription", "params": {"channel": "book.ETH-PERPETUAL.none.20.100ms", "data": {"timestamp": 1756116646215, "change_id": 83417804356, "instrument_name": "ETH-PERPETUAL", "bids": [[4600.0, 20393.0], [4599.5, 50000.0], [4599.25, 109.0], [4599.0, 50000.0], [4598.95, 2000.0], [4598.75, 1.0], [4598.6, 18344.0], [4598.55, 15000.0], [4598.5, 50201.0], [4598.45, 10627.0], [4598.4, 30477.0], [4598.3, 10000.0], [4598.25, 75435.0], [4598.15, 9000.0], [4598.1, 181440.0], [4598.05, 15816.0], [4598.0, 98978.0], [4597.8, 108150.0], [4597.75, 55233.0], [4597.7, 6625.0]], "asks": [[4600.05, 233703.0], [4600.1, 26141.0], [4600.15, 60470.0], [4600.2, 10000.0], [4600.25, 22128.0], [4600.35, 60000.0], [4600.4, 17785.0], [4600.5, 48041.0], [4600.55, 190461.0], [4600.6, 10000.0], [4600.95, 21030.0], [4601.0, 72884.0], [4601.05, 9281.0], [4601.25, 25556.0], [4601.4, 15451.0], [4601.45, 70100.0], [4601.5, 52596.0], [4601.55, 56212.0], [4601.75, 58227.0], [4601.8, 72500.0]]}}}
{"jsonrpc": "2.0", "method": "subscription", "params": {"channel": "book.ETH-PERPETUAL.none.20.100ms", "data": {"timestamp": 1756116646562, "change_id": 83417805045, "instrument_name": "ETH-PERPETUAL", "bids": [[4600.0, 20393.0], [4599.5, 50000.0], [4599.25, 109.0], [4599.05, 15000.0], [4599.0, 50200.0], [4598.95, 2000.0], [4598.9, 10593.0], [4598.85, 15482.0], [4598.8, 7730.0], [4598.75, 15001.0], [4598.6, 614.0], [4598.55, 15000.0], [4598.5, 66365.0], [4598.45, 9000.0], [4598.4, 15477.0], [4598.25, 75435.0], [4598.1, 181440.0], [4598.05, 15816.0], [4598.0, 98978.0], [4597.95, 11008.0]], "asks": [[4600.05, 225938.0], [4600.1, 8000.0], [4600.2, 10000.0], [4600.25, 15000.0], [4600.3, 20008.0], [4600.35, 50000.0], [4600.5, 75274.0], [4600.55, 190461.0], [4600.6, 80470.0], [4600.9, 17785.0], [4600.95, 21030.0], [4601.0, 73975.0], [4601.05, 14077.0], [4601.25, 25556.0], [4601.4, 15451.0], [4601.45, 70100.0], [4601.5, 8935.0], [4601.55, 10196.0], [4601.75, 58227.0], [4601.8, 72500.0]]}}}
{"jsonrpc": "2.0", "method": "subscription", "params": {"channel": "book.ETH-PERPETUAL.none.20.100ms", "data": {"timestamp": 1756116646894, "change_id": 83417805965, "instrument_name": "ETH-PERPETUAL", "bids": [[4600.0, 20393.0], [4599.55, 15000.0], [4599.5, 50200.0], [4599.25, 109.0], [4599.1, 15000.0], [4599.05, 15000.0], [4599.0, 59021.0], [4598.95, 2000.0], [4598.9, 9664.0], [4598.85, 15482.0], [4598.8, 7730.0], [4598.75, 113768.0], [4598.7, 181440.0], [4598.6, 614.0], [4598.55, 108147.0], [4598.5, 59022.0], [4598.4, 15477.0], [4598.05, 15816.0], [4598.0, 59917.0], [4597.95, 1008.0]], "asks": [[4600.05, 209890.0], [4600.1, 3000.0], [4600.2, 10000.0], [4600.25, 15000.0], [4600.35, 50000.0], [4600.5, 75274.0], [4600.55, 190461.0], [4600.6, 10000.0], [4600.75, 12000.0], [4600.8, 6002.0], [4600.9, 20008.0], [4601.0, 21836.0], [4601.05, 14077.0], [4601.1, 60470.0], [4601.25, 25556.0], [4601.35, 17785.0], [4601.4, 15451.0], [4601.45, 70100.0], [4601.5, 7693.0], [4601.55, 10196.0]]}}}
{"jsonrpc": "2.0", "method": "subscription", "params": {"channel": "book.ETH-PERPETUAL.none.20.100ms", "data": {"timestamp": 1756116647214, "change_id": 83417806651, "instrument_name": "ETH-PERPETUAL", "bids": [[4600.0, 20393.0], [4599.55, 27600.0], [4599.5, 50000.0], [4599.25, 109.0], [4599.1, 15200.0], [4599.05, 15000.0], [4599.0, 50000.0], [4598.95, 2000.0], [4598.9, 21959.0], [4598.85, 15482.0], [4598.8, 7730.0], [4598.75, 125210.0], [4598.7, 181440.0], [4598.65, 9000.0], [4598.6, 614.0], [4598.5, 59022.0], [4598.45, 4643.0], [4598.4, 15477.0], [4598.1, 22720.0], [4598.05, 15816.0]], "asks": [[4600.05, 221079.0], [4600.1, 3000.0], [4600.2, 10000.0], [4600.25, 20627.0], [4600.35, 50000.0], [4600.5, 95282.0], [4600.55, 190461.0], [4600.6, 10000.0], [4600.8, 3000.0], [4600.85, 10000.0], [4601.0, 21836.0], [4601.05, 27066.0], [4601.1, 60470.0], [4601.25, 25556.0], [4601.4, 15451.0], [4601.45, 70100.0], [4601.5, 7693.0], [4601.55, 10196.0], [4601.75, 58227.0], [4601.8, 73742.0]]}}}
{"jsonrpc": "2.0", "method": "subscription", "params": {"channel": "book.ETH-PERPETUAL.none.20.100ms", "data": {"timestamp": 1756116647532, "change_id": 83417807013, "instrument_name": "ETH-PERPETUAL", "bids": [[4600.0, 20393.0], [4599.55, 27600.0], [4599.5, 50000.0], [4599.25, 109.0], [4599.15, 32560.0], [4599.1, 15200.0], [4599.0, 60000.0], [4598.95, 2000.0], [4598.9, 21959.0], [4598.85, 15482.0], [4598.8, 7730.0], [4598.75, 125210.0], [4598.7, 181440.0], [4598.65, 9000.0], [4598.6, 614.0], [4598.5, 69022.0], [4598.45, 36507.0], [4598.4, 123623.0], [4598.1, 22720.0], [4598.05, 15816.0]], "asks": [[4600.05, 221489.0], [4600.1, 3000.0], [4600.2, 10000.0], [4600.25, 20627.0], [4600.35, 50000.0], [4600.45, 20008.0], [4600.5, 75274.0], [4600.55, 190461.0], [4600.6, 10000.0], [4600.8, 3000.0], [4600.85, 10000.0], [4601.0, 39405.0], [4601.05, 27066.0], [4601.1, 113382.0], [4601.25, 25556.0], [4601.4, 15451.0], [4601.45, 70100.0], [4601.5, 7693.0], [4601.55, 10196.0], [4601.75, 58227.0]]}}}
{"jsonrpc": "2.0", "method": "subscription", "params": {"channel": "book.ETH-PERPETUAL.none.20.100ms", "data": {"timestamp": 1756116647859, "change_id": 83417807369, "instrument_name": "ETH-PERPETUAL", "bids": [[4600.0, 20393.0], [4599.6, 23280.0], [4599.55, 27600.0], [4599.5, 50000.0], [4599.25, 109.0], [4599.15, 22560.0], [4599.1, 15200.0], [4599.0, 60000.0], [4598.95, 11000.0], [4598.9, 21959.0], [4598.85, 15482.0], [4598.8, 7730.0], [4598.75, 125210.0], [4598.7, 181440.0], [4598.6, 614.0], [4598.5, 69022.0], [4598.45, 36507.0], [4598.4, 123623.0], [4598.1, 22720.0], [4598.05, 15816.0]], "asks": [[4600.05, 221693.0], [4600.1, 3000.0], [4600.2, 10000.0], [4600.25, 20627.0], [4600.35, 55000.0], [4600.45, 20008.0], [4600.5, 75274.0], [4600.55, 190461.0], [4600.6, 10000.0], [4600.8, 3000.0], [4600.85, 10000.0], [4601.0, 39405.0], [4601.05, 9281.0], [4601.1, 113382.0], [4601.2, 17785.0], [4601.25, 25556.0], [4601.4, 15451.0], [4601.45, 70100.0], [4601.5, 7693.0], [4601.55, 10196.0]]}}}
{"jsonrpc": "2.0", "method": "subscription", "params": {"channel": "book.ETH-PERPETUAL.none.20.100ms", "data": {"timestamp": 1756116648220, "change_id": 83417808046, "instrument_name": "ETH-PERPETUAL", "bids": [[4600.0, 42693.0], [4599.65, 26800.0], [4599.55, 27600.0], [4599.5, 50000.0], [4599.35, 200.0], [4599.25, 109.0], [4599.15, 22560.0], [4599.1, 15000.0], [4599.0, 60000.0], [4598.95, 11000.0], [4598.9, 21959.0], [4598.85, 15482.0], [4598.8, 7730.0], [4598.75, 125210.0], [4598.7, 181440.0], [4598.6, 614.0], [4598.5, 69022.0], [4598.45, 36507.0], [4598.4, 123623.0], [4598.1, 22720.0]], "asks": [[4600.05, 222275.0], [4600.1, 3000.0], [4600.2, 10000.0], [4600.25, 20627.0], [4600.35, 50000.0], [4600.5, 95282.0], [4600.55, 190461.0], [4600.6, 10000.0], [4600.8, 3000.0], [4600.85, 10000.0], [4601.0, 39405.0], [4601.05, 9281.0], [4601.1, 113382.0], [4601.2, 17785.0], [4601.25, 25556.0], [4601.4, 15451.0], [4601.45, 70100.0], [4601.5, 7693.0], [4601.55, 10196.0], [4601.75, 58227.0]]}}}
{"jsonrpc": "2.0", "method": "subscription", "params": {"channel": "book.ETH-PERPETUAL.none.20.100ms", "data": {"timestamp": 1756116648531, "change_id": 83417808348, "instrument_name": "ETH-PERPETUAL", "bids": [[4600.0, 42693.0], [4599.65, 26800.0], [4599.55, 27600.0], [4599.5, 50000.0], [4599.35, 200.0], [4599.25, 109.0], [4599.15, 22560.0], [4599.1, 15000.0], [4599.0, 60000.0], [4598.95, 11000.0], [4598.9, 21959.0], [4598.85, 15482.0], [4598.8, 7730.0], [4598.75, 125210.0], [4598.7, 181440.0], [4598.6, 614.0], [4598.5, 69022.0], [4598.45, 36507.0], [4598.4, 123623.0], [4598.1, 22720.0]], "asks": [[4600.05, 222237.0], [4600.1, 3000.0], [4600.2, 10000.0], [4600.25, 20627.0], [4600.35, 50000.0], [4600.5, 95282.0], [4600.55, 190461.0], [4600.6, 10000.0], [4600.8, 3000.0], [4600.85, 10000.0], [4601.0, 39405.0], [4601.05, 9281.0], [4601.1, 113382.0], [4601.2, 17785.0], [4601.25, 25556.0], [4601.4, 15451.0], [4601.45, 70100.0], [4601.5, 7693.0], [4601.55, 10196.0], [4601.75, 58227.0]]}}}
{"jsonrpc": "2.0", "method": "subscription", "params": {"channel": "book.ETH-PERPETUAL.none.20.100ms", "data": {"timestamp": 1756116648867, "change_id": 83417808640, "instrument_name": "ETH-PERPETUAL", "bids": [[4600.0, 42693.0], [4599.7, 31320.0], [4599.65, 26800.0], [4599.55, 27600.0], [4599.5, 50000.0], [4599.35, 200.0], [4599.25, 109.0], [4599.15, 22560.0], [4599.1, 15000.0], [4599.0, 69021.0], [4598.95, 11000.0], [4598.9, 21959.0], [4598.85, 15482.0], [4598.8, 7730.0], [4598.75, 125210.0], [4598.7, 181440.0], [4598.6, 614.0], [4598.5, 69022.0], [4598.45, 36507.0], [4598.4, 123623.0]], "asks": [[4600.05, 222391.0], [4600.1, 3000.0], [4600.2, 10000.0], [4600.25, 20627.0], [4600.35, 50000.0], [4600.5, 95282.0], [4600.55, 190461.0], [4600.6, 10000.0], [4600.8, 3000.0], [4600.85, 10000.0], [4601.0, 39405.0], [4601.05, 9281.0], [4601.1, 113382.0], [4601.2, 17785.0], [4601.25, 25556.0], [4601.4, 15451.0], [4601.45, 70100.0], [4601.5, 7693.0], [4601.55, 10196.0], [4601.75, 58227.0]]}}}
{"jsonrpc": "2.0", "method": "subscription", "params": {"channel": "book.ETH-PERPETUAL.none.20.100ms", "data": {"timestamp": 1756116649198, "change_id": 83417809578, "instrument_name": "ETH-PERPETUAL", "bids": [[4600.0, 61734.0], [4599.8, 8280.0], [4599.75, 27600.0], [4599.7, 23280.0], [4599.55, 27600.0], [4599.5, 50000.0], [4599.35, 200.0], [4599.25, 109.0], [4599.15, 22560.0], [4599.1, 15000.0], [4599.0, 59021.0], [4598.95, 11000.0], [4598.9, 21959.0], [4598.85, 15482.0], [4598.8, 17730.0], [4598.75, 125210.0], [4598.7, 181440.0], [4598.6, 614.0], [4598.5, 59022.0], [4598.45, 36507.0]], "asks": [[4600.05, 206693.0], [4600.1, 3000.0], [4600.2, 10000.0], [4600.25, 15000.0], [4600.35, 52000.0], [4600.5, 75274.0], [4600.55, 190461.0], [4600.6, 10000.0], [4600.65, 5000.0], [4600.75, 18002.0], [4601.0, 43933.0], [4601.05, 9281.0], [4601.1, 60470.0], [4601.15, 10000.0], [4601.25, 25556.0], [4601.4, 15451.0], [4601.45, 70100.0], [4601.5, 12067.0], [4601.55, 10196.0], [4601.7, 17785.0]]}}}
{"jsonrpc": "2.0", "method": "subscription", "params": {"channel": "book.ETH-PERPETUAL.none.20.100ms", "data": {"timestamp": 1756116649537, "change_id": 83417810288, "instrument_name": "ETH-PERPETUAL", "bids": [[4600.0, 61934.0], [4599.8, 8280.0], [4599.75, 27600.0], [4599.7, 23280.0], [4599.55, 27600.0], [4599.5, 57233.0], [4599.45, 15000.0], [4599.25, 9109.0], [4599.15, 22560.0], [4599.0, 72285.0], [4598.95, 2000.0], [4598.85, 15482.0], [4598.8, 17730.0], [4598.75, 72324.0], [4598.7, 181440.0], [4598.6, 614.0], [4598.5, 59022.0], [4598.45, 36507.0], [4598.4, 123623.0], [4598.1, 22720.0]], "asks": [[4600.05, 184860.0], [4600.2, 10000.0], [4600.25, 15000.0], [4600.35, 50000.0], [4600.5, 75274.0], [4600.55, 181440.0], [4600.6, 10000.0], [4600.75, 12000.0], [4600.95, 6002.0], [4601.0, 22792.0], [4601.05, 9281.0], [4601.25, 3855.0], [4601.4, 15451.0], [4601.5, 12067.0], [4601.55, 9281.0], [4601.7, 60470.0], [4601.75, 58227.0], [4601.8, 72500.0], [4601.85, 17785.0], [4601.9, 70100.0]]}}}
{"jsonrpc": "2.0", "method": "subscription", "params": {"channel": "book.ETH-PERPETUAL.none.20.100ms", "data": {"timestamp": 1756116649846, "change_id": 83417810628, "instrument_name": "ETH-PERPETUAL", "bids": [[4600.0, 48594.0], [4599.8, 8280.0], [4599.75, 27600.0], [4599.7, 23480.0], [4599.55, 27600.0], [4599.5, 57233.0], [4599.45, 15000.0], [4599.25, 9109.0], [4599.15, 22560.0], [4599.0, 125173.0], [4598.95, 2000.0], [4598.85, 15482.0], [4598.8, 18616.0], [4598.75, 72324.0], [4598.7, 181440.0], [4598.6, 614.0], [4598.5, 59978.0], [4598.45, 36507.0], [4598.4, 123623.0], [4598.1, 22720.0]], "asks": [[4600.05, 186575.0], [4600.15, 3000.0], [4600.2, 10000.0], [4600.25, 15000.0], [4600.35, 50000.0], [4600.5, 75274.0], [4600.55, 190738.0], [4600.6, 10000.0], [4600.95, 6002.0], [4601.0, 22792.0], [4601.05, 9281.0], [4601.25, 3855.0], [4601.4, 15451.0], [4601.5, 29852.0], [4601.55, 9281.0], [4601.7, 60470.0], [4601.75, 58227.0], [4601.8, 72500.0], [4601.9, 70100.0], [4602.0, 13734.0]]}}}
