{"jsonrpc": "2.0", "id": 1, "result": ["book.ETH-PERPETUAL.none.20.100ms"], "usIn": 1755634191303591, "usOut": 1755634191303798, "usDiff": 207, "testnet": false}
{"jsonrpc": "2.0", "method": "subscription", "params": {"channel": "book.ETH-PERPETUAL.none.20.100ms", "data": {"timestamp": 1755634191301, "change_id": 82359467515, "instrument_name": "ETH-PERPETUAL", "bids": [[4126.2, 351385.0], [4125.6, 360.0], [4125.55, 20279.0], [4125.5, 9825.0], [4125.25, 50000.0], [4125.2, 9818.0], [4125.15, 10800.0], [4125.05, 1138.0], [4125.0, 1062.0], [4124.95, 9825.0], [4124.85, 8654.0], [4124.75, 9831.0], [4124.5, 9833.0], [4124.45, 3074.0], [4124.4, 8654.0], [4124.15, 1.0], [4124.1, 9833.0], [4124.05, 50100.0], [4124.0, 53.0], [4123.95, 8654.0]], "asks": [[4126.25, 61092.0], [4126.3, 5000.0], [4126.35, 10000.0], [4126.75, 10000.0], [4127.05, 40.0], [4127.25, 32279.0], [4127.3, 50000.0], [4127.35, 9473.0], [4127.45, 4715.0], [4127.5, 58654.0], [4127.55, 200.0], [4127.6, 17779.0], [4127.65, 9473.0], [4127.9, 20006.0], [4127.95, 14976.0], [4128.0, 203467.0], [4128.05, 112436.0], [4128.15, 9478.0], [4128.45, 8654.0], [4128.65, 9478.0]]}}}
{"jsonrpc": "2.0", "method": "subscription", "params": {"channel": "book.ETH-PERPETUAL.none.20.100ms", "data": {"timestamp": 1755634191381, "change_id": 82359467664, "instrument_name": "ETH-PERPETUAL", "bids": [[4126.2, 351385.0], [4125.6, 360.0], [4125.55, 20279.0], [4125.5, 9825.0], [4125.45, 10800.0], [4125.25, 50000.0], [4125.2, 9818.0], [4125.05, 1138.0], [4125.0, 1062.0], [4124.95, 9825.0], [4124.85, 8654.0], [4124.75, 9831.0], [4124.5, 9833.0], [4124.45, 3074.0], [4124.4, 8654.0], [4124.15, 1.0], [4124.1, 9833.0], [4124.05, 50100.0], [4124.0, 53.0], [4123.95, 8654.0]], "asks": [[4126.25, 61092.0], [4126.3, 5000.0], [4126.35, 10000.0], [4126.75, 10000.0], [4127.05, 40.0], [4127.25, 32279.0], [4127.3, 50000.0], [4127.35, 9473.0], [4127.45, 4715.0], [4127.5, 58654.0], [4127.55, 200.0], [4127.6, 17779.0], [4127.65, 9473.0], [4127.9, 20006.0], [4127.95, 14976.0], [4128.0, 203467.0], [4128.05, 112436.0], [4128.15, 9478.0], [4128.45, 8654.0], [4128.65, 9478.0]]}}}
{"jsonrpc": "2.0", "method": "subscription", "params": {"channel": "book.ETH-PERPETUAL.none.20.100ms", "data": {"timestamp": 1755634191711, "change_id": 82359470055, "instrument_name": "ETH-PERPETUAL", "bids": [[4125.4, 38052.0], [4125.1, 181440.0], [4124.45, 3248.0], [4124.35, 10800.0], [4124.3, 9473.0], [4124.2, 813.0], [4124.05, 8654.0], [4124.0, 53.0], [4123.85, 9833.0], [4123.6, 58654.0], [4123.5, 9773.0], [4123.25, 59868.0], [4123.15, 8754.0], [4123.05, 9768.0], [4122.85, 9749.0], [4122.7, 8654.0], [4122.6, 1.0], [4122.55, 9745.0], [4122.45, 54697.0], [4122.25, 8654.0]], "asks": [[4125.45, 61092.0], [4126.2, 35255.0], [4126.25, 9891.0], [4126.35, 8654.0], [4126.65, 9473.0], [4126.8, 181440.0], [4126.85, 12000.0], [4126.9, 112571.0], [4127.0, 50000.0], [4127.05, 9473.0], [4127.2, 17779.0], [4127.35, 9473.0], [4127.4, 20006.0], [4127.5, 8654.0], [4127.55, 21000.0], [4127.65, 9673.0], [4128.0, 1027.0], [4128.15, 9478.0], [4128.45, 8654.0], [4128.65, 9478.0]]}}}
{"jsonrpc": "2.0", "method": "subscription", "params": {"channel": "book.ETH-PERPETUAL.none.20.100ms", "data": {"timestamp": 1755634192018, "change_id": 82359471209, "instrument_name": "ETH-PERPETUAL", "bids": [[4125.4, 114699.0], [4125.35, 10000.0], [4125.1, 181440.0], [4124.65, 10800.0], [4124.45, 3248.0], [4124.3, 9473.0], [4124.2, 50000.0], [4124.05, 8654.0], [4124.0, 53.0], [4123.85, 9833.0], [4123.6, 8754.0], [4123.55, 1138.0], [4123.5, 9773.0], [4123.25, 59868.0], [4123.15, 8654.0], [4123.05, 9768.0], [4122.85, 9749.0], [4122.7, 13154.0], [4122.6, 1.0], [4122.55, 9745.0]], "asks": [[4125.45, 66092.0], [4126.2, 35255.0], [4126.25, 22091.0], [4126.35, 8654.0], [4126.45, 25000.0], [4126.5, 50000.0], [4126.65, 9473.0], [4126.7, 17779.0], [4126.8, 181440.0], [4126.9, 112571.0], [4127.0, 50000.0], [4127.05, 10500.0], [4127.1, 21000.0], [4127.3, 20006.0], [4127.35, 9473.0], [4127.5, 8654.0], [4127.65, 9473.0], [4128.0, 1238.0], [4128.1, 1162.0], [4128.15, 9478.0]]}}}
{"jsonrpc": "2.0", "method": "subscription", "params": {"channel": "book.ETH-PERPETUAL.none.20.100ms", "data": {"timestamp": 1755634192343, "change_id": 82359471751, "instrument_name": "ETH-PERPETUAL", "bids": [[4125.4, 125097.0], [4125.35, 10000.0], [4125.15, 11900.0], [4125.1, 181440.0], [4125.0, 10800.0], [4124.5, 23055.0], [4124.45, 3248.0], [4124.35, 76635.0], [4124.3, 9473.0], [4124.05, 8654.0], [4124.0, 53.0], [4123.85, 9833.0], [4123.6, 8754.0], [4123.55, 1138.0], [4123.5, 9773.0], [4123.45, 812.0], [4123.25, 59868.0], [4123.15, 8654.0], [4123.05, 9768.0], [4122.85, 9749.0]], "asks": [[4125.45, 66092.0], [4126.0, 10000.0], [4126.1, 23055.0], [4126.2, 14976.0], [4126.25, 22091.0], [4126.3, 50000.0], [4126.35, 8654.0], [4126.45, 25000.0], [4126.65, 9473.0], [4126.7, 17779.0], [4126.8, 181440.0], [4126.9, 112571.0], [4126.95, 20006.0], [4127.0, 50000.0], [4127.05, 10500.0], [4127.1, 21000.0], [4127.35, 9473.0], [4127.5, 8654.0], [4127.65, 9473.0], [4128.0, 1238.0]]}}}
{"jsonrpc": "2.0", "method": "subscription", "params": {"channel": "book.ETH-PERPETUAL.none.20.100ms", "data": {"timestamp": 1755634192700, "change_id": 82359472523, "instrument_name": "ETH-PERPETUAL", "bids": [[4125.4, 126506.0], [4125.35, 10000.0], [4125.15, 11900.0], [4125.1, 181440.0], [4125.0, 10800.0], [4124.5, 31422.0], [4124.45, 3248.0], [4124.35, 76635.0], [4124.3, 9473.0], [4124.2, 100.0], [4124.05, 8654.0], [4124.0, 53.0], [4123.85, 9833.0], [4123.6, 8654.0], [4123.55, 1138.0], [4123.5, 9773.0], [4123.45, 812.0], [4123.3, 62167.0], [4123.25, 59868.0], [4123.15, 8654.0]], "asks": [[4125.45, 50492.0], [4125.7, 10000.0], [4126.1, 23055.0], [4126.2, 14976.0], [4126.25, 12200.0], [4126.3, 50000.0], [4126.45, 25000.0], [4126.5, 50000.0], [4126.65, 14182.0], [4126.7, 17779.0], [4126.8, 181440.0], [4126.9, 112571.0], [4127.05, 10500.0], [4127.1, 21000.0], [4127.3, 20006.0], [4127.35, 9473.0], [4127.5, 8654.0], [4127.65, 9473.0], [4127.8, 40.0], [4128.0, 1238.0]]}}}
{"jsonrpc": "2.0", "method": "subscription", "params": {"channel": "book.ETH-PERPETUAL.none.20.100ms", "data": {"timestamp": 1755634193026, "change_id": 82359473696, "instrument_name": "ETH-PERPETUAL", "bids": [[4125.4, 136498.0], [4125.35, 10000.0], [4125.15, 11900.0], [4125.1, 181440.0], [4124.75, 100.0], [4124.55, 50000.0], [4124.5, 31422.0], [4124.45, 3248.0], [4124.35, 26635.0], [4124.3, 9473.0], [4124.05, 8654.0], [4124.0, 53.0], [4123.85, 9833.0], [4123.6, 8654.0], [4123.55, 1138.0], [4123.5, 9773.0], [4123.45, 812.0], [4123.35, 1062.0], [4123.3, 62167.0], [4123.25, 59868.0]], "asks": [[4125.45, 50600.0], [4125.7, 5000.0], [4126.2, 14976.0], [4126.4, 23055.0], [4126.5, 50000.0], [4126.65, 64182.0], [4126.7, 12000.0], [4126.75, 182.0], [4126.8, 189807.0], [4126.9, 112571.0], [4127.0, 17779.0], [4127.05, 10500.0], [4127.1, 21000.0], [4127.3, 20006.0], [4127.35, 9473.0], [4127.5, 8654.0], [4127.65, 9473.0], [4127.8, 40.0], [4128.0, 1238.0], [4128.15, 9478.0]]}}}
{"jsonrpc": "2.0", "method": "subscription", "params": {"channel": "book.ETH-PERPETUAL.none.20.100ms", "data": {"timestamp": 1755634193356, "change_id": 82359474042, "instrument_name": "ETH-PERPETUAL", "bids": [[4125.4, 141145.0], [4125.35, 10000.0], [4125.15, 11900.0], [4125.1, 181440.0], [4125.0, 6.0], [4124.75, 100.0], [4124.55, 50000.0], [4124.5, 31422.0], [4124.45, 3248.0], [4124.3, 9473.0], [4124.05, 8654.0], [4124.0, 53.0], [4123.85, 9833.0], [4123.65, 63737.0], [4123.6, 8654.0], [4123.55, 1138.0], [4123.5, 9773.0], [4123.45, 812.0], [4123.35, 1062.0], [4123.25, 59868.0]], "asks": [[4125.45, 50600.0], [4125.75, 10000.0], [4126.2, 24976.0], [4126.4, 35055.0], [4126.5, 50000.0], [4126.65, 14182.0], [4126.75, 50182.0], [4126.8, 189807.0], [4126.85, 17779.0], [4126.9, 112571.0], [4127.05, 10500.0], [4127.1, 21000.0], [4127.3, 20006.0], [4127.35, 9473.0], [4127.5, 8654.0], [4127.65, 9473.0], [4127.8, 40.0], [4128.0, 1238.0], [4128.15, 9478.0], [4128.45, 73014.0]]}}}
{"jsonrpc": "2.0", "method": "subscription", "params": {"channel": "book.ETH-PERPETUAL.none.20.100ms", "data": {"timestamp": 1755634193692, "change_id": 82359474560, "instrument_name": "ETH-PERPETUAL", "bids": [[4125.4, 144495.0], [4125.35, 10000.0], [4125.15, 11900.0], [4125.1, 181440.0], [4125.0, 6.0], [4124.55, 97432.0], [4124.5, 31422.0], [4124.45, 3248.0], [4124.3, 9473.0], [4124.05, 8654.0], [4124.0, 53.0], [4123.85, 9833.0], [4123.65, 63737.0], [4123.6, 8654.0], [4123.55, 1138.0], [4123.5, 9773.0], [4123.45, 812.0], [4123.35, 1062.0], [4123.25, 59868.0], [4123.15, 8654.0]], "asks": [[4125.45, 40000.0], [4126.2, 14976.0], [4126.35, 25000.0], [4126.4, 35055.0], [4126.5, 50000.0], [4126.65, 14182.0], [4126.75, 182.0], [4126.8, 189807.0], [4126.9, 112571.0], [4126.95, 50000.0], [4127.0, 17779.0], [4127.05, 10500.0], [4127.1, 21000.0], [4127.35, 9473.0], [4127.45, 20006.0], [4127.5, 8654.0], [4127.65, 9473.0], [4127.8, 40.0], [4128.0, 1238.0], [4128.15, 9478.0]]}}}
{"jsonrpc": "2.0", "method": "subscription", "params": {"channel": "book.ETH-PERPETUAL.none.20.100ms", "data": {"timestamp": 1755634194025, "change_id": 82359475542, "instrument_name": "ETH-PERPETUAL", "bids": [[4125.4, 144942.0], [4125.35, 13000.0], [4125.15, 11900.0], [4125.1, 181440.0], [4125.0, 6.0], [4124.95, 8367.0], [4124.8, 50000.0], [4124.55, 47432.0], [4124.5, 31422.0], [4124.45, 3248.0], [4124.3, 9473.0], [4124.05, 58754.0], [4124.0, 53.0], [4123.85, 9833.0], [4123.65, 63737.0], [4123.6, 8654.0], [4123.55, 1138.0], [4123.5, 9773.0], [4123.45, 812.0], [4123.35, 1062.0]], "asks": [[4125.45, 40000.0], [4126.2, 14976.0], [4126.45, 5000.0], [4126.5, 50000.0], [4126.65, 14182.0], [4126.8, 193440.0], [4126.85, 23055.0], [4126.9, 112571.0], [4127.05, 10500.0], [4127.15, 50000.0], [4127.3, 17961.0], [4127.35, 9473.0], [4127.5, 8654.0], [4127.6, 21000.0], [4127.65, 9473.0], [4127.8, 40.0], [4128.0, 1238.0], [4128.1, 20006.0], [4128.15, 9478.0], [4128.45, 73014.0]]}}}
{"jsonrpc": "2.0", "method": "subscription", "params": {"channel": "book.ETH-PERPETUAL.none.20.100ms", "data": {"timestamp": 1755634194338, "change_id": 82359476108, "instrument_name": "ETH-PERPETUAL", "bids": [[4125.4, 178721.0], [4125.35, 13000.0], [4125.15, 11900.0], [4125.1, 181440.0], [4125.0, 6.0], [4124.95, 8367.0], [4124.8, 50000.0], [4124.55, 47432.0], [4124.5, 31422.0], [4124.45, 3248.0], [4124.3, 9473.0], [4124.25, 1138.0], [4124.05, 59816.0], [4124.0, 53.0], [4123.85, 9833.0], [4123.65, 63737.0], [4123.6, 8654.0], [4123.5, 9773.0], [4123.45, 5816.0], [4123.25, 59868.0]], "asks": [[4125.45, 40000.0], [4126.2, 14976.0], [4126.55, 9458.0], [4126.65, 4708.0], [4126.8, 181440.0], [4126.85, 182.0], [4127.0, 50000.0], [4127.05, 123339.0], [4127.2, 67779.0], [4127.25, 23055.0], [4127.35, 21473.0], [4127.6, 20006.0], [4127.65, 9473.0], [4127.8, 40.0], [4128.1, 21000.0], [4128.15, 9478.0], [4128.45, 8654.0], [4128.65, 9478.0], [4128.85, 9473.0], [4128.9, 8654.0]]}}}
{"jsonrpc": "2.0", "method": "subscription", "params": {"channel": "book.ETH-PERPETUAL.none.20.100ms", "data": {"timestamp": 1755634194687, "change_id": 82359476559, "instrument_name": "ETH-PERPETUAL", "bids": [[4125.4, 179767.0], [4125.35, 13000.0], [4125.15, 11900.0], [4125.1, 181440.0], [4125.0, 6.0], [4124.95, 8367.0], [4124.7, 50000.0], [4124.55, 47432.0], [4124.5, 31422.0], [4124.45, 3248.0], [4124.3, 9473.0], [4124.05, 59816.0], [4124.0, 53.0], [4123.85, 9833.0], [4123.65, 63737.0], [4123.6, 8654.0], [4123.5, 9773.0], [4123.45, 5816.0], [4123.25, 59868.0], [4123.15, 8654.0]], "asks": [[4125.45, 40000.0], [4126.2, 14976.0], [4126.55, 9458.0], [4126.65, 4708.0], [4126.7, 12000.0], [4126.8, 181440.0], [4126.85, 182.0], [4126.9, 10000.0], [4127.0, 50000.0], [4127.05, 123339.0], [4127.2, 67779.0], [4127.25, 23055.0], [4127.35, 9473.0], [4127.6, 20006.0], [4127.65, 30473.0], [4127.8, 40.0], [4128.15, 9478.0], [4128.45, 8654.0], [4128.65, 9478.0], [4128.85, 9473.0]]}}}
{"jsonrpc": "2.0", "method": "subscription", "params": {"channel": "book.ETH-PERPETUAL.none.20.100ms", "data": {"timestamp": 1755634194985, "change_id": 82359477326, "instrument_name": "ETH-PERPETUAL", "bids": [[4125.4, 178789.0], [4125.35, 13000.0], [4125.15, 11900.0], [4125.1, 231440.0], [4125.0, 6.0], [4124.95, 8367.0], [4124.55, 47432.0], [4124.5, 31422.0], [4124.45, 3248.0], [4124.3, 9473.0], [4124.05, 58754.0], [4124.0, 53.0], [4123.85, 9833.0], [4123.65, 63737.0], [4123.6, 9792.0], [4123.5, 9773.0], [4123.45, 5816.0], [4123.35, 1062.0], [4123.25, 59868.0], [4123.15, 8654.0]], "asks": [[4125.45, 40000.0], [4126.2, 14976.0], [4126.5, 50000.0], [4126.55, 9458.0], [4126.65, 4708.0], [4126.7, 12000.0], [4126.8, 204495.0], [4126.85, 182.0], [4126.9, 10000.0], [4127.05, 123339.0], [4127.2, 50000.0], [4127.3, 17779.0], [4127.35, 9473.0], [4127.65, 30473.0], [4127.8, 40.0], [4128.1, 20006.0], [4128.15, 9478.0], [4128.45, 8654.0], [4128.65, 9478.0], [4128.85, 9473.0]]}}}
{"jsonrpc": "2.0", "method": "subscription", "params": {"channel": "book.ETH-PERPETUAL.none.20.100ms", "data": {"timestamp": 1755634195310, "change_id": 82359477897, "instrument_name": "ETH-PERPETUAL", "bids": [[4125.4, 179312.0], [4125.35, 13000.0], [4125.3, 50000.0], [4125.15, 11900.0], [4125.1, 181440.0], [4125.0, 6.0], [4124.95, 8367.0], [4124.55, 47432.0], [4124.5, 31422.0], [4124.45, 3248.0], [4124.3, 9473.0], [4124.05, 58754.0], [4124.0, 53.0], [4123.85, 9833.0], [4123.65, 63737.0], [4123.6, 9792.0], [4123.5, 9773.0], [4123.45, 5816.0], [4123.35, 1062.0], [4123.25, 59868.0]], "asks": [[4125.45, 40000.0], [4126.2, 14976.0], [4126.5, 50000.0], [4126.55, 9458.0], [4126.65, 4708.0], [4126.8, 204495.0], [4126.85, 182.0], [4127.05, 10500.0], [4127.15, 12000.0], [4127.2, 112801.0], [4127.35, 9473.0], [4127.4, 50000.0], [4127.6, 17778.0], [4127.65, 30473.0], [4127.8, 40.0], [4128.1, 20006.0], [4128.15, 9478.0], [4128.45, 8654.0], [4128.65, 9478.0], [4128.85, 9473.0]]}}}
{"jsonrpc": "2.0", "method": "subscription", "params": {"channel": "book.ETH-PERPETUAL.none.20.100ms", "data": {"timestamp": 1755634195659, "change_id": 82359478861, "instrument_name": "ETH-PERPETUAL", "bids": [[4126.15, 144402.0], [4125.95, 193340.0], [4125.8, 8367.0], [4125.55, 11900.0], [4125.45, 11900.0], [4125.4, 17458.0], [4125.3, 50000.0], [4125.0, 6.0], [4124.95, 8367.0], [4124.85, 9456.0], [4124.65, 9456.0], [4124.5, 31422.0], [4124.45, 3248.0], [4124.3, 9473.0], [4124.05, 58754.0], [4124.0, 53.0], [4123.85, 9833.0], [4123.65, 63737.0], [4123.6, 9792.0], [4123.5, 9773.0]], "asks": [[4126.2, 14976.0], [4126.5, 50000.0], [4126.8, 181440.0], [4127.05, 9473.0], [4127.25, 112782.0], [4127.3, 23055.0], [4127.35, 9473.0], [4127.4, 4707.0], [4127.45, 50000.0], [4127.5, 182.0], [4127.55, 12000.0], [4127.6, 17778.0], [4127.65, 9473.0], [4127.8, 40.0], [4128.1, 20006.0], [4128.15, 9478.0], [4128.25, 21000.0], [4128.45, 8367.0], [4128.65, 9478.0], [4128.85, 9473.0]]}}}
{"jsonrpc": "2.0", "method": "subscription", "params": {"channel": "book.ETH-PERPETUAL.none.20.100ms", "data": {"timestamp": 1755634196007, "change_id": 82359480183, "instrument_name": "ETH-PERPETUAL", "bids": [[4126.1, 458.0], [4125.8, 112762.0], [4125.45, 11900.0], [4125.4, 138.0], [4125.35, 58367.0], [4125.3, 181440.0], [4125.05, 9600.0], [4125.0, 6.0], [4124.9, 23055.0], [4124.85, 9456.0], [4124.65, 9456.0], [4124.5, 8367.0], [4124.45, 3248.0], [4124.3, 10286.0], [4124.05, 58754.0], [4124.0, 53.0], [4123.95, 5220.0], [4123.85, 9833.0], [4123.65, 63737.0], [4123.6, 9792.0]], "asks": [[4126.15, 12312.0], [4126.2, 15577.0], [4126.5, 50000.0], [4126.95, 23055.0], [4127.05, 14360.0], [4127.15, 25000.0], [4127.2, 181440.0], [4127.25, 174782.0], [4127.3, 17778.0], [4127.35, 9473.0], [4127.65, 9473.0], [4127.8, 21040.0], [4127.85, 1027.0], [4127.95, 20006.0], [4128.0, 8367.0], [4128.15, 9478.0], [4128.25, 1238.0], [4128.45, 8367.0], [4128.65, 9478.0], [4128.85, 9473.0]]}}}
{"jsonrpc": "2.0", "method": "subscription", "params": {"channel": "book.ETH-PERPETUAL.none.20.100ms", "data": {"timestamp": 1755634196334, "change_id": 82359480755, "instrument_name": "ETH-PERPETUAL", "bids": [[4126.15, 9720.0], [4126.1, 123220.0], [4126.05, 95.0], [4125.9, 181440.0], [4125.45, 61900.0], [4125.4, 33.0], [4125.35, 8367.0], [4125.0, 6.0], [4124.9, 23055.0], [4124.85, 9456.0], [4124.75, 47434.0], [4124.65, 9456.0], [4124.5, 8367.0], [4124.45, 3248.0], [4124.3, 11424.0], [4124.05, 59816.0], [4124.0, 53.0], [4123.95, 5220.0], [4123.85, 9833.0], [4123.65, 63737.0]], "asks": [[4126.2, 25576.0], [4126.5, 50000.0], [4127.05, 14178.0], [4127.15, 48055.0], [4127.2, 181440.0], [4127.25, 12182.0], [4127.3, 112740.0], [4127.35, 59473.0], [4127.6, 17778.0], [4127.65, 9473.0], [4127.8, 21040.0], [4127.85, 1027.0], [4127.95, 20006.0], [4128.0, 8367.0], [4128.15, 9478.0], [4128.25, 1238.0], [4128.45, 8367.0], [4128.65, 9478.0], [4128.85, 9473.0], [4128.9, 8367.0]]}}}
{"jsonrpc": "2.0", "method": "subscription", "params": {"channel": "book.ETH-PERPETUAL.none.20.100ms", "data": {"timestamp": 1755634196646, "change_id": 82359481172, "instrument_name": "ETH-PERPETUAL", "bids": [[4126.15, 277.0], [4126.1, 123153.0], [4125.9, 181440.0], [4125.65, 9600.0], [4125.45, 11900.0], [4125.4, 14.0], [4125.35, 8367.0], [4125.2, 50000.0], [4125.0, 6.0], [4124.9, 23055.0], [4124.85, 9456.0], [4124.75, 47434.0], [4124.65, 9456.0], [4124.5, 8367.0], [4124.45, 3248.0], [4124.3, 10286.0], [4124.05, 58754.0], [4124.0, 53.0], [4123.95, 5220.0], [4123.85, 9833.0]], "asks": [[4126.2, 26177.0], [4126.5, 50000.0], [4126.95, 12000.0], [4127.05, 14178.0], [4127.15, 48055.0], [4127.2, 181440.0], [4127.25, 182.0], [4127.3, 130518.0], [4127.35, 59473.0], [4127.55, 8367.0], [4127.65, 9473.0], [4127.75, 20006.0], [4127.8, 21040.0], [4127.85, 1027.0], [4128.0, 8367.0], [4128.15, 9478.0], [4128.25, 1238.0], [4128.45, 8367.0], [4128.65, 9478.0], [4128.85, 9473.0]]}}}
{"jsonrpc": "2.0", "method": "subscription", "params": {"channel": "book.ETH-PERPETUAL.none.20.100ms", "data": {"timestamp": 1755634197000, "change_id": 82359482078, "instrument_name": "ETH-PERPETUAL", "bids": [[4126.15, 20477.0], [4126.1, 123153.0], [4125.9, 181440.0], [4125.45, 61900.0], [4125.4, 14.0], [4125.35, 8367.0], [4125.0, 6.0], [4124.9, 23055.0], [4124.85, 9456.0], [4124.75, 47434.0], [4124.65, 9456.0], [4124.5, 8367.0], [4124.45, 3248.0], [4124.3, 10286.0], [4124.05, 58754.0], [4124.0, 53.0], [4123.95, 5220.0], [4123.85, 9833.0], [4123.65, 63737.0], [4123.6, 8654.0]], "asks": [[4126.2, 26177.0], [4126.5, 50000.0], [4126.95, 12000.0], [4127.05, 14178.0], [4127.15, 48055.0], [4127.2, 181440.0], [4127.25, 182.0], [4127.3, 112740.0], [4127.35, 59473.0], [4127.55, 8367.0], [4127.6, 17778.0], [4127.65, 9473.0], [4127.8, 21040.0], [4127.85, 1027.0], [4127.95, 20006.0], [4128.0, 8367.0], [4128.15, 9478.0], [4128.25, 1238.0], [4128.45, 8367.0], [4128.65, 9478.0]]}}}
{"jsonrpc": "2.0", "method": "subscription", "params": {"channel": "book.ETH-PERPETUAL.none.20.100ms", "data": {"timestamp": 1755634197329, "change_id": 82359483469, "instrument_name": "ETH-PERPETUAL", "bids": [[4126.15, 12973.0], [4126.1, 300.0], [4125.45, 90582.0], [4125.4, 14.0], [4125.35, 91.0], [4125.3, 50000.0], [4125.25, 8367.0], [4125.15, 181440.0], [4125.05, 9444.0], [4125.0, 6.0], [4124.95, 23055.0], [4124.8, 8367.0], [4124.7, 9444.0], [4124.45, 12848.0], [4124.3, 10286.0], [4124.05, 58754.0], [4124.0, 53.0], [4123.85, 9833.0], [4123.6, 8654.0], [4123.5, 9773.0]], "asks": [[4126.2, 14976.0], [4126.5, 50000.0], [4126.7, 181440.0], [4127.05, 14178.0], [4127.25, 182.0], [4127.35, 9473.0], [4127.45, 23055.0], [4127.55, 8367.0], [4127.65, 9473.0], [4127.75, 17778.0], [4127.8, 21040.0], [4127.85, 1027.0], [4128.0, 8367.0], [4128.15, 9478.0], [4128.2, 50000.0], [4128.4, 20006.0], [4128.45, 8367.0], [4128.65, 9478.0], [4128.85, 9473.0], [4128.9, 8367.0]]}}}
{"jsonrpc": "2.0", "method": "subscription", "params": {"channel": "book.ETH-PERPETUAL.none.20.100ms", "data": {"timestamp": 1755634197662, "change_id": 82359484537, "instrument_name": "ETH-PERPETUAL", "bids": [[4126.15, 135497.0], [4126.1, 300.0], [4125.85, 181440.0], [4125.7, 8367.0], [4125.4, 14.0], [4125.3, 50000.0], [4125.25, 8367.0], [4125.05, 9444.0], [4125.0, 6.0], [4124.95, 23055.0], [4124.8, 8367.0], [4124.7, 9444.0], [4124.45, 4310.0], [4124.3, 11424.0], [4124.05, 58754.0], [4124.0, 53.0], [4123.85, 9833.0], [4123.6, 8654.0], [4123.5, 9773.0], [4123.35, 4500.0]], "asks": [[4126.2, 14976.0], [4126.5, 50000.0], [4126.55, 10000.0], [4127.05, 14178.0], [4127.15, 181440.0], [4127.2, 112713.0], [4127.25, 1420.0], [4127.3, 12000.0], [4127.35, 9473.0], [4127.45, 23055.0], [4127.5, 17778.0], [4127.6, 50000.0], [4127.65, 9473.0], [4127.8, 21040.0], [4127.85, 1027.0], [4127.95, 20006.0], [4128.0, 8367.0], [4128.15, 9478.0], [4128.45, 8367.0], [4128.65, 9478.0]]}}}
{"jsonrpc": "2.0", "method": "subscription", "params": {"channel": "book.ETH-PERPETUAL.none.20.100ms", "data": {"timestamp": 1755634197993, "change_id": 82359486519, "instrument_name": "ETH-PERPETUAL", "bids": [[4125.4, 135014.0], [4125.0, 6.0], [4124.95, 8367.0], [4124.7, 32499.0], [4124.5, 18039.0], [4124.45, 4310.0], [4124.3, 11424.0], [4124.25, 50000.0], [4124.05, 58754.0], [4124.0, 53.0], [4123.85, 9833.0], [4123.8, 5288.0], [4123.6, 8654.0], [4123.5, 9773.0], [4123.25, 59868.0], [4123.15, 8654.0], [4123.05, 9768.0], [4122.85, 9749.0], [4122.7, 8734.0], [4122.55, 9745.0]], "asks": [[4125.45, 9891.0], [4126.2, 15577.0], [4126.55, 9439.0], [4126.65, 4699.0], [4126.95, 25000.0], [4127.0, 67779.0], [4127.05, 59473.0], [4127.15, 181440.0], [4127.2, 112713.0], [4127.25, 182.0], [4127.3, 32006.0], [4127.35, 9473.0], [4127.45, 23055.0], [4127.65, 9473.0], [4127.8, 21040.0], [4127.85, 1027.0], [4128.0, 8367.0], [4128.15, 9478.0], [4128.45, 8367.0], [4128.65, 9478.0]]}}}
{"jsonrpc": "2.0", "method": "subscription", "params": {"channel": "book.ETH-PERPETUAL.none.20.100ms", "data": {"timestamp": 1755634198323, "change_id": 82359488993, "instrument_name": "ETH-PERPETUAL", "bids": [[4125.45, 164630.0], [4125.4, 4041.0], [4125.35, 181440.0], [4125.1, 9600.0], [4125.05, 10273.0], [4125.0, 8373.0], [4124.75, 50000.0], [4124.7, 32499.0], [4124.5, 8367.0], [4124.45, 3248.0], [4124.3, 9473.0], [4124.05, 58754.0], [4124.0, 53.0], [4123.85, 9833.0], [4123.8, 5288.0], [4123.7, 62992.0], [4123.6, 8654.0], [4123.5, 9773.0], [4123.25, 59868.0], [4123.15, 8654.0]], "asks": [[4125.5, 9891.0], [4125.85, 601.0], [4126.2, 14976.0], [4126.6, 190879.0], [4126.65, 12000.0], [4126.7, 4699.0], [4126.8, 182.0], [4126.85, 50000.0], [4126.95, 25000.0], [4127.0, 67779.0], [4127.05, 14172.0], [4127.2, 121080.0], [4127.35, 30473.0], [4127.4, 20006.0], [4127.45, 23055.0], [4127.65, 10711.0], [4127.8, 40.0], [4127.85, 1027.0], [4128.0, 8367.0], [4128.15, 9478.0]]}}}
{"jsonrpc": "2.0", "method": "subscription", "params": {"channel": "book.ETH-PERPETUAL.none.20.100ms", "data": {"timestamp": 1755634198649, "change_id": 82359490661, "instrument_name": "ETH-PERPETUAL", "bids": [[4125.45, 1612.0], [4125.4, 90.0], [4125.0, 6.0], [4124.55, 181440.0], [4124.45, 3248.0], [4124.0, 53.0], [4123.85, 9833.0], [4123.75, 50000.0], [4123.7, 813.0], [4123.6, 8654.0], [4123.55, 72.0], [4123.5, 9773.0], [4123.35, 9600.0], [4123.25, 59868.0], [4123.15, 8654.0], [4123.05, 9768.0], [4122.85, 9749.0], [4122.7, 8654.0], [4122.55, 9745.0], [4122.45, 50100.0]], "asks": [[4125.5, 54147.0], [4125.95, 8367.0], [4126.2, 14976.0], [4126.25, 50000.0], [4126.35, 12182.0], [4126.4, 8367.0], [4126.45, 112662.0], [4126.55, 17778.0], [4126.6, 190879.0], [4126.7, 4699.0], [4126.8, 20006.0], [4126.85, 8367.0], [4126.9, 24000.0], [4126.95, 25000.0], [4127.0, 50000.0], [4127.05, 9473.0], [4127.3, 8367.0], [4127.35, 9473.0], [4127.65, 10711.0], [4127.8, 40.0]]}}}
{"jsonrpc": "2.0", "method": "subscription", "params": {"channel": "book.ETH-PERPETUAL.none.20.100ms", "data": {"timestamp": 1755634198977, "change_id": 82359491696, "instrument_name": "ETH-PERPETUAL", "bids": [[4125.4, 38.0], [4125.0, 112756.0], [4124.55, 181440.0], [4124.45, 3248.0], [4124.1, 9433.0], [4124.05, 72.0], [4124.0, 53.0], [4123.95, 59600.0], [4123.85, 32888.0], [4123.5, 9773.0], [4123.25, 9768.0], [4123.05, 9768.0], [4122.85, 9749.0], [4122.7, 8367.0], [4122.55, 9745.0], [4122.45, 50100.0], [4122.25, 12867.0], [4122.2, 9645.0], [4122.15, 80.0], [4122.1, 5242.0]], "asks": [[4125.45, 43433.0], [4125.5, 38055.0], [4125.9, 50000.0], [4125.95, 8367.0], [4126.0, 50000.0], [4126.05, 181440.0], [4126.2, 14976.0], [4126.3, 17778.0], [4126.4, 8367.0], [4126.45, 136662.0], [4126.6, 9439.0], [4126.65, 20006.0], [4126.7, 4699.0], [4126.85, 8367.0], [4126.95, 26238.0], [4127.05, 10500.0], [4127.3, 8367.0], [4127.35, 9473.0], [4127.65, 9473.0], [4127.9, 1162.0]]}}}
{"jsonrpc": "2.0", "method": "subscription", "params": {"channel": "book.ETH-PERPETUAL.none.20.100ms", "data": {"timestamp": 1755634199317, "change_id": 82359492341, "instrument_name": "ETH-PERPETUAL", "bids": [[4125.4, 38.0], [4125.0, 112756.0], [4124.55, 191040.0], [4124.5, 72.0], [4124.45, 3248.0], [4124.1, 9433.0], [4124.0, 53.0], [4123.95, 50000.0], [4123.85, 32888.0], [4123.5, 9773.0], [4123.25, 9768.0], [4123.15, 8367.0], [4123.05, 9768.0], [4122.85, 9749.0], [4122.7, 8367.0], [4122.55, 9745.0], [4122.45, 50100.0], [4122.25, 12867.0], [4122.2, 9645.0], [4122.15, 80.0]], "asks": [[4125.45, 43433.0], [4125.5, 38055.0], [4125.9, 50000.0], [4125.95, 8367.0], [4126.0, 50000.0], [4126.05, 181440.0], [4126.2, 14976.0], [4126.3, 17778.0], [4126.4, 8367.0], [4126.45, 136662.0], [4126.6, 9439.0], [4126.65, 20006.0], [4126.7, 4699.0], [4126.85, 8367.0], [4126.95, 26238.0], [4127.05, 9473.0], [4127.3, 8367.0], [4127.35, 9473.0], [4127.65, 9473.0], [4127.75, 13.0]]}}}
{"jsonrpc": "2.0", "method": "subscription", "params": {"channel": "book.ETH-PERPETUAL.none.20.100ms", "data": {"timestamp": 1755634199569, "change_id": 82359492784, "instrument_name": "ETH-PERPETUAL", "bids": [[4125.4, 38.0], [4125.0, 112756.0], [4124.9, 10000.0], [4124.55, 191040.0], [4124.5, 72.0], [4124.45, 3248.0], [4124.1, 9433.0], [4124.0, 53.0], [4123.95, 50000.0], [4123.85, 32888.0], [4123.5, 9773.0], [4123.25, 9768.0], [4123.2, 61744.0], [4123.15, 8367.0], [4123.05, 9768.0], [4122.85, 9749.0], [4122.7, 8367.0], [4122.55, 9745.0], [4122.45, 50100.0], [4122.25, 12867.0]], "asks": [[4125.45, 43433.0], [4125.5, 38055.0], [4125.75, 10000.0], [4125.9, 50000.0], [4125.95, 8367.0], [4126.0, 50000.0], [4126.05, 181440.0], [4126.2, 14976.0], [4126.3, 18805.0], [4126.4, 8367.0], [4126.45, 136662.0], [4126.6, 9439.0], [4126.65, 20006.0], [4126.7, 4699.0], [4126.85, 8367.0], [4126.95, 26238.0], [4127.05, 9473.0], [4127.3, 8367.0], [4127.35, 9473.0], [4127.65, 9473.0]]}}}
{"jsonrpc": "2.0", "method": "subscription", "params": {"channel": "book.ETH-PERPETUAL.none.20.100ms", "data": {"timestamp": 1755634199952, "change_id": 82359494811, "instrument_name": "ETH-PERPETUAL", "bids": [[4125.0, 306.0], [4124.45, 3248.0], [4124.0, 53.0], [4123.7, 112954.0], [4123.65, 9428.0], [4123.55, 181440.0], [4123.3, 50000.0], [4123.25, 9428.0], [4123.2, 72.0], [4123.1, 9600.0], [4122.95, 23055.0], [4122.85, 9749.0], [4122.75, 8367.0], [4122.55, 9745.0], [4122.45, 50100.0], [4122.25, 8367.0], [4122.2, 9645.0], [4122.15, 80.0], [4122.0, 22.0], [4121.85, 9645.0]], "asks": [[4125.05, 55084.0], [4125.4, 50000.0], [4125.45, 25.0], [4125.5, 212862.0], [4125.7, 112745.0], [4125.85, 17779.0], [4125.95, 8367.0], [4126.0, 74000.0], [4126.15, 29434.0], [4126.25, 4694.0], [4126.3, 1027.0], [4126.4, 8367.0], [4126.6, 9439.0], [4126.85, 8367.0], [4126.95, 25000.0], [4127.05, 9473.0], [4127.3, 8367.0], [4127.35, 9473.0], [4127.65, 9473.0], [4127.75, 13.0]]}}}
{"jsonrpc": "2.0", "method": "subscription", "params": {"channel": "book.ETH-PERPETUAL.none.20.100ms", "data": {"timestamp": 1755634200305, "change_id": 82359495736, "instrument_name": "ETH-PERPETUAL", "bids": [[4125.0, 5878.0], [4124.3, 106028.0], [4124.15, 181440.0], [4124.1, 72.0], [4124.0, 53.0], [4123.85, 50000.0], [4123.7, 9600.0], [4123.65, 9428.0], [4123.25, 9428.0], [4123.2, 8367.0], [4123.05, 1137.0], [4122.95, 23055.0], [4122.85, 9749.0], [4122.75, 8367.0], [4122.55, 9745.0], [4122.45, 50100.0], [4122.25, 8367.0], [4122.2, 9645.0], [4122.15, 80.0], [4122.0, 5049.0]], "asks": [[4125.05, 31219.0], [4125.1, 5000.0], [4125.5, 181440.0], [4125.55, 1026.0], [4125.7, 23055.0], [4125.75, 112946.0], [4125.95, 8367.0], [4126.0, 50000.0], [4126.05, 182.0], [4126.1, 67779.0], [4126.15, 9428.0], [4126.25, 4694.0], [4126.4, 8367.0], [4126.55, 20006.0], [4126.6, 33439.0], [4126.75, 1237.0], [4126.85, 8367.0], [4126.95, 25000.0], [4127.05, 9473.0], [4127.25, 1162.0]]}}}
{"jsonrpc": "2.0", "method": "subscription", "params": {"channel": "book.ETH-PERPETUAL.none.20.100ms", "data": {"timestamp": 1755634200640, "change_id": 82359497176, "instrument_name": "ETH-PERPETUAL", "bids": [[4125.5, 23960.0], [4125.45, 112975.0], [4125.3, 181440.0], [4125.2, 10400.0], [4125.05, 11900.0], [4125.0, 48224.0], [4124.85, 61900.0], [4124.7, 23055.0], [4124.55, 8367.0], [4124.4, 9428.0], [4124.1, 8367.0], [4124.05, 50100.0], [4124.0, 53.0], [4123.9, 9428.0], [4123.65, 17795.0], [4123.25, 59528.0], [4123.2, 8367.0], [4123.05, 1137.0], [4122.95, 1062.0], [4122.9, 812.0]], "asks": [[4125.55, 1026.0], [4126.9, 181440.0], [4127.0, 73055.0], [4127.05, 9473.0], [4127.1, 50182.0], [4127.2, 17779.0], [4127.25, 4695.0], [4127.35, 9473.0], [4127.4, 80.0], [4127.6, 20006.0], [4127.65, 9473.0], [4127.75, 13.0], [4127.8, 8367.0], [4128.15, 9478.0], [4128.25, 8375.0], [4128.35, 9428.0], [4128.5, 7.0], [4128.65, 9478.0], [4128.85, 9473.0], [4128.9, 8367.0]]}}}
{"jsonrpc": "2.0", "method": "subscription", "params": {"channel": "book.ETH-PERPETUAL.none.20.100ms", "data": {"timestamp": 1755634200959, "change_id": 82359498598, "instrument_name": "ETH-PERPETUAL", "bids": [[4125.85, 173939.0], [4125.5, 1677.0], [4125.3, 181440.0], [4125.1, 23055.0], [4125.05, 11900.0], [4125.0, 856.0], [4124.85, 50000.0], [4124.75, 9422.0], [4124.65, 1138.0], [4124.55, 55799.0], [4124.4, 9428.0], [4124.1, 9429.0], [4124.05, 50100.0], [4124.0, 53.0], [4123.9, 71394.0], [4123.8, 813.0], [4123.65, 17795.0], [4123.25, 80331.0], [4123.2, 8367.0], [4123.0, 4500.0]], "asks": [[4125.9, 601.0], [4126.2, 21861.0], [4126.65, 182.0], [4126.9, 181440.0], [4127.0, 50000.0], [4127.05, 9473.0], [4127.1, 27750.0], [4127.15, 50000.0], [4127.2, 17779.0], [4127.25, 8367.0], [4127.3, 12000.0], [4127.35, 9473.0], [4127.4, 113049.0], [4127.6, 20006.0], [4127.65, 9473.0], [4127.75, 13.0], [4127.8, 8367.0], [4127.9, 9422.0], [4128.15, 33478.0], [4128.25, 8375.0]]}}}
{"jsonrpc": "2.0", "method": "subscription", "params": {"channel": "book.ETH-PERPETUAL.none.20.100ms", "data": {"timestamp": 1755634201301, "change_id": 82359499629, "instrument_name": "ETH-PERPETUAL", "bids": [[4125.85, 341.0], [4125.5, 340.0], [4125.3, 181440.0], [4125.05, 11900.0], [4125.0, 9425.0], [4124.75, 9422.0], [4124.55, 47498.0], [4124.45, 50000.0], [4124.4, 9428.0], [4124.3, 23055.0], [4124.15, 9422.0], [4124.1, 8367.0], [4124.05, 50100.0], [4124.0, 53.0], [4123.9, 71394.0], [4123.8, 813.0], [4123.65, 17795.0], [4123.25, 80331.0], [4123.2, 8367.0], [4123.0, 4500.0]], "asks": [[4126.15, 22804.0], [4126.2, 21861.0], [4126.6, 8367.0], [4126.8, 166.0], [4126.9, 231440.0], [4127.0, 62000.0], [4127.05, 17840.0], [4127.1, 27750.0], [4127.3, 17779.0], [4127.35, 9473.0], [4127.4, 112969.0], [4127.5, 20006.0], [4127.65, 10500.0], [4127.7, 24000.0], [4127.75, 13.0], [4127.8, 8367.0], [4127.9, 9422.0], [4128.15, 9478.0], [4128.25, 8375.0], [4128.35, 9428.0]]}}}
{"jsonrpc": "2.0", "method": "subscription", "params": {"channel": "book.ETH-PERPETUAL.none.20.100ms", "data": {"timestamp": 1755634201606, "change_id": 82359500345, "instrument_name": "ETH-PERPETUAL", "bids": [[4125.85, 15183.0], [4125.45, 112956.0], [4125.3, 181440.0], [4125.05, 11900.0], [4125.0, 9491.0], [4124.9, 9600.0], [4124.75, 9422.0], [4124.55, 47432.0], [4124.5, 8367.0], [4124.45, 50000.0], [4124.4, 32483.0], [4124.15, 9422.0], [4124.0, 53.0], [4123.9, 71394.0], [4123.8, 813.0], [4123.65, 17795.0], [4123.25, 80331.0], [4123.2, 8367.0], [4123.0, 4500.0], [4122.85, 9749.0]], "asks": [[4125.9, 23050.0], [4126.2, 16861.0], [4126.6, 8367.0], [4126.7, 12000.0], [4126.75, 50000.0], [4126.9, 181440.0], [4127.0, 67779.0], [4127.05, 17840.0], [4127.1, 27750.0], [4127.25, 24000.0], [4127.35, 29479.0], [4127.4, 112969.0], [4127.6, 1238.0], [4127.65, 10500.0], [4127.75, 13.0], [4127.8, 8367.0], [4127.9, 9422.0], [4128.15, 9478.0], [4128.25, 8375.0], [4128.35, 9428.0]]}}}
{"jsonrpc": "2.0", "method": "subscription", "params": {"channel": "book.ETH-PERPETUAL.none.20.100ms", "data": {"timestamp": 1755634201961, "change_id": 82359503230, "instrument_name": "ETH-PERPETUAL", "bids": [[4124.75, 31800.0], [4124.6, 11900.0], [4124.0, 53.0], [4123.85, 181440.0], [4123.8, 813.0], [4123.7, 8367.0], [4123.45, 9422.0], [4123.25, 50100.0], [4123.2, 8367.0], [4123.1, 66.0], [4123.05, 9422.0], [4122.8, 50000.0], [4122.75, 8367.0], [4122.65, 9422.0], [4122.45, 59522.0], [4122.3, 8367.0], [4122.2, 9645.0], [4122.0, 22.0], [4121.85, 9645.0], [4121.7, 8471.0]], "asks": [[4124.8, 1712.0], [4125.05, 601.0], [4125.65, 181440.0], [4126.0, 50000.0], [4126.2, 34640.0], [4126.25, 9422.0], [4126.3, 112956.0], [4126.35, 4694.0], [4126.4, 166.0], [4126.55, 37795.0], [4126.8, 25000.0], [4126.85, 4694.0], [4127.0, 50000.0], [4127.05, 21473.0], [4127.1, 8367.0], [4127.35, 30473.0], [4127.6, 1238.0], [4127.65, 10500.0], [4127.75, 13.0], [4127.8, 8367.0]]}}}
{"jsonrpc": "2.0", "method": "subscription", "params": {"channel": "book.ETH-PERPETUAL.none.20.100ms", "data": {"timestamp": 1755634202288, "change_id": 82359506098, "instrument_name": "ETH-PERPETUAL", "bids": [[4124.75, 9300.0], [4124.55, 750.0], [4124.0, 53.0], [4123.65, 9422.0], [4123.6, 113861.0], [4123.3, 181506.0], [4123.25, 9422.0], [4122.95, 50000.0], [4122.75, 8367.0], [4122.65, 32477.0], [4122.55, 9600.0], [4122.45, 59522.0], [4122.3, 8367.0], [4122.2, 9645.0], [4122.1, 64559.0], [4122.0, 22.0], [4121.85, 9645.0], [4121.7, 8471.0], [4121.65, 50100.0], [4121.45, 9645.0]], "asks": [[4124.8, 42020.0], [4125.0, 50000.0], [4125.1, 10000.0], [4125.15, 50000.0], [4125.25, 31422.0], [4125.6, 131353.0], [4125.65, 181440.0], [4125.7, 8367.0], [4125.85, 20006.0], [4125.9, 9422.0], [4126.0, 25694.0], [4126.25, 9422.0], [4126.3, 1237.0], [4126.55, 17789.0], [4126.7, 23146.0], [4126.95, 1027.0], [4127.05, 9473.0], [4127.1, 8367.0], [4127.25, 1162.0], [4127.35, 9473.0]]}}}
{"jsonrpc": "2.0", "method": "subscription", "params": {"channel": "book.ETH-PERPETUAL.none.20.100ms", "data": {"timestamp": 1755634202620, "change_id": 82359507935, "instrument_name": "ETH-PERPETUAL", "bids": [[4123.8, 40260.0], [4123.65, 11900.0], [4123.6, 50916.0], [4123.3, 181440.0], [4123.0, 58.0], [4122.9, 9422.0], [4122.85, 50000.0], [4122.75, 8367.0], [4122.65, 32477.0], [4122.45, 59522.0], [4122.35, 54.0], [4122.3, 8367.0], [4122.2, 9645.0], [4122.1, 64559.0], [4122.0, 22.0], [4121.85, 9645.0], [4121.7, 8471.0], [4121.65, 50100.0], [4121.45, 9645.0], [4121.25, 8590.0]], "asks": [[4123.85, 601.0], [4124.75, 12000.0], [4124.8, 17107.0], [4124.85, 9422.0], [4124.9, 4693.0], [4125.0, 50000.0], [4125.15, 231440.0], [4125.25, 32477.0], [4125.3, 17778.0], [4125.55, 21000.0], [4125.6, 113574.0], [4125.65, 9422.0], [4125.7, 8367.0], [4125.85, 20006.0], [4125.9, 9422.0], [4126.2, 2264.0], [4126.25, 9422.0], [4126.55, 17789.0], [4126.7, 23146.0], [4126.75, 9422.0]]}}}
{"jsonrpc": "2.0", "method": "subscription", "params": {"channel": "book.ETH-PERPETUAL.none.20.100ms", "data": {"timestamp": 1755634202951, "change_id": 82359509374, "instrument_name": "ETH-PERPETUAL", "bids": [[4124.3, 30660.0], [4123.8, 300.0], [4123.65, 113814.0], [4123.6, 1849.0], [4123.3, 223288.0], [4123.0, 58.0], [4122.95, 50000.0], [4122.9, 9422.0], [4122.75, 8367.0], [4122.65, 9422.0], [4122.45, 92177.0], [4122.3, 8367.0], [4122.2, 9645.0], [4122.0, 834.0], [4121.95, 1137.0], [4121.85, 9645.0], [4121.7, 8525.0], [4121.65, 50100.0], [4121.45, 9645.0], [4121.25, 8590.0]], "asks": [[4124.35, 12310.0], [4124.75, 601.0], [4124.8, 16861.0], [4124.95, 50000.0], [4125.0, 50000.0], [4125.15, 181440.0], [4125.35, 1026.0], [4125.5, 17778.0], [4125.55, 21182.0], [4125.6, 133580.0], [4125.65, 9422.0], [4125.7, 8367.0], [4125.9, 9422.0], [4126.0, 4693.0], [4126.2, 1237.0], [4126.25, 9422.0], [4126.55, 17789.0], [4126.75, 9422.0], [4127.05, 9473.0], [4127.1, 8367.0]]}}}
{"jsonrpc": "2.0", "method": "subscription", "params": {"channel": "book.ETH-PERPETUAL.none.20.100ms", "data": {"timestamp": 1755634203282, "change_id": 82359510469, "instrument_name": "ETH-PERPETUAL", "bids": [[4124.05, 14000.0], [4123.85, 181440.0], [4123.7, 300.0], [4123.65, 65052.0], [4123.35, 11900.0], [4123.3, 41848.0], [4123.2, 8504.0], [4123.0, 58.0], [4122.9, 9422.0], [4122.85, 73055.0], [4122.75, 8367.0], [4122.65, 9476.0], [4122.45, 9422.0], [4122.3, 8367.0], [4122.2, 9645.0], [4122.0, 1895.0], [4121.95, 1137.0], [4121.85, 9645.0], [4121.8, 62222.0], [4121.7, 8471.0]], "asks": [[4124.1, 12911.0], [4124.35, 12262.0], [4124.55, 23055.0], [4124.8, 16861.0], [4124.9, 50000.0], [4125.0, 50000.0], [4125.05, 9419.0], [4125.15, 186133.0], [4125.25, 9419.0], [4125.35, 1026.0], [4125.5, 17778.0], [4125.55, 21000.0], [4125.6, 113574.0], [4125.65, 29428.0], [4125.7, 8367.0], [4125.9, 9422.0], [4126.25, 9422.0], [4126.55, 17789.0], [4126.75, 9422.0], [4127.05, 9473.0]]}}}
{"jsonrpc": "2.0", "method": "subscription", "params": {"channel": "book.ETH-PERPETUAL.none.20.100ms", "data": {"timestamp": 1755634203615, "change_id": 82359511145, "instrument_name": "ETH-PERPETUAL", "bids": [[4124.05, 14000.0], [4123.85, 181440.0], [4123.7, 300.0], [4123.65, 20.0], [4123.5, 9600.0], [4123.35, 11900.0], [4123.2, 8504.0], [4123.15, 54.0], [4123.0, 58.0], [4122.9, 9422.0], [4122.85, 73055.0], [4122.75, 8367.0], [4122.65, 9422.0], [4122.45, 9422.0], [4122.3, 8367.0], [4122.2, 9645.0], [4122.0, 1895.0], [4121.95, 1137.0], [4121.85, 9645.0], [4121.8, 62222.0]], "asks": [[4124.1, 13256.0], [4124.15, 5000.0], [4124.35, 12262.0], [4124.55, 23055.0], [4124.75, 10000.0], [4124.8, 16861.0], [4124.9, 50000.0], [4125.0, 50000.0], [4125.05, 9419.0], [4125.15, 186133.0], [4125.25, 9419.0], [4125.35, 1026.0], [4125.5, 17778.0], [4125.55, 21000.0], [4125.6, 113574.0], [4125.65, 9422.0], [4125.7, 8367.0], [4125.85, 20006.0], [4125.9, 9422.0], [4126.25, 9422.0]]}}}
{"jsonrpc": "2.0", "method": "subscription", "params": {"channel": "book.ETH-PERPETUAL.none.20.100ms", "data": {"timestamp": 1755634203906, "change_id": 82359511874, "instrument_name": "ETH-PERPETUAL", "bids": [[4124.05, 26905.0], [4124.0, 113913.0], [4123.85, 181440.0], [4123.35, 11900.0], [4123.2, 8504.0], [4123.15, 54.0], [4123.0, 38629.0], [4122.9, 9422.0], [4122.85, 73055.0], [4122.75, 8367.0], [4122.65, 9422.0], [4122.45, 9422.0], [4122.3, 8367.0], [4122.2, 9645.0], [4122.0, 1895.0], [4121.95, 1137.0], [4121.85, 9645.0], [4121.8, 62222.0], [4121.7, 8471.0], [4121.65, 50100.0]], "asks": [[4124.1, 2656.0], [4124.35, 5000.0], [4124.55, 23055.0], [4124.75, 10000.0], [4124.8, 16861.0], [4124.9, 62000.0], [4125.0, 50000.0], [4125.05, 9601.0], [4125.15, 186133.0], [4125.25, 9419.0], [4125.35, 1026.0], [4125.5, 17778.0], [4125.55, 21000.0], [4125.6, 113574.0], [4125.65, 9422.0], [4125.7, 8367.0], [4125.85, 20006.0], [4125.9, 9422.0], [4126.25, 9422.0], [4126.55, 17789.0]]}}}
{"jsonrpc": "2.0", "method": "subscription", "params": {"channel": "book.ETH-PERPETUAL.none.20.100ms", "data": {"timestamp": 1755634204275, "change_id": 82359512891, "instrument_name": "ETH-PERPETUAL", "bids": [[4124.05, 39154.0], [4123.9, 11900.0], [4123.25, 50000.0], [4123.2, 122395.0], [4123.1, 181440.0], [4123.0, 38629.0], [4122.9, 9422.0], [4122.85, 23055.0], [4122.75, 8367.0], [4122.65, 9422.0], [4122.45, 59522.0], [4122.3, 8367.0], [4122.2, 9645.0], [4122.0, 1895.0], [4121.85, 9645.0], [4121.8, 62222.0], [4121.7, 8471.0], [4121.65, 50100.0], [4121.45, 9645.0], [4121.4, 80.0]], "asks": [[4124.1, 345.0], [4124.8, 16861.0], [4125.0, 50000.0], [4125.05, 32474.0], [4125.15, 186133.0], [4125.25, 9419.0], [4125.45, 50000.0], [4125.55, 114030.0], [4125.6, 29778.0], [4125.65, 9422.0], [4125.9, 9422.0], [4126.05, 20006.0], [4126.1, 21000.0], [4126.25, 9425.0], [4126.55, 17789.0], [4126.65, 80.0], [4126.75, 9422.0], [4127.05, 9473.0], [4127.1, 8367.0], [4127.25, 1162.0]]}}}
{"jsonrpc": "2.0", "method": "subscription", "params": {"channel": "book.ETH-PERPETUAL.none.20.100ms", "data": {"timestamp": 1755634204607, "change_id": 82359513518, "instrument_name": "ETH-PERPETUAL", "bids": [[4124.05, 51827.0], [4124.0, 113883.0], [4123.9, 193340.0], [4123.5, 50000.0], [4123.2, 8504.0], [4123.0, 58.0], [4122.9, 9422.0], [4122.85, 23055.0], [4122.75, 8367.0], [4122.7, 1137.0], [4122.65, 9422.0], [4122.45, 59522.0], [4122.3, 8367.0], [4122.2, 9645.0], [4122.1, 5044.0], [4122.0, 1895.0], [4121.85, 9645.0], [4121.8, 62222.0], [4121.7, 8471.0], [4121.65, 50100.0]], "asks": [[4124.1, 345.0], [4124.8, 16861.0], [4125.05, 23055.0], [4125.55, 166.0], [4125.6, 199218.0], [4125.65, 14112.0], [4125.75, 5.0], [4125.9, 9422.0], [4125.95, 1027.0], [4126.0, 50000.0], [4126.05, 32006.0], [4126.25, 9425.0], [4126.5, 50000.0], [4126.55, 9422.0], [4126.65, 80.0], [4126.75, 9426.0], [4126.8, 21000.0], [4127.05, 9473.0], [4127.35, 9473.0], [4127.5, 6.0]]}}}
{"jsonrpc": "2.0", "method": "subscription", "params": {"channel": "book.ETH-PERPETUAL.none.20.100ms", "data": {"timestamp": 1755634204937, "change_id": 82359514843, "instrument_name": "ETH-PERPETUAL", "bids": [[4124.05, 24790.0], [4123.9, 11900.0], [4123.85, 114003.0], [4123.6, 181440.0], [4123.2, 8504.0], [4123.0, 58.0], [4122.95, 50000.0], [4122.9, 9422.0], [4122.85, 23055.0], [4122.8, 9649.0], [4122.75, 8367.0], [4122.65, 9422.0], [4122.45, 9422.0], [4122.3, 8367.0], [4122.2, 9645.0], [4122.0, 834.0], [4121.9, 4973.0], [4121.85, 9645.0], [4121.8, 62222.0], [4121.7, 8471.0]], "asks": [[4124.1, 345.0], [4124.35, 5000.0], [4124.8, 16861.0], [4125.05, 73055.0], [4125.1, 181606.0], [4125.2, 9417.0], [4125.3, 4690.0], [4125.35, 12000.0], [4125.55, 17778.0], [4125.65, 9422.0], [4125.75, 5.0], [4125.85, 113897.0], [4125.9, 38926.0], [4125.95, 1027.0], [4126.2, 20006.0], [4126.25, 9425.0], [4126.35, 8504.0], [4126.5, 50000.0], [4126.55, 9422.0], [4126.65, 80.0]]}}}
{"jsonrpc": "2.0", "method": "subscription", "params": {"channel": "book.ETH-PERPETUAL.none.20.100ms", "data": {"timestamp": 1755634205266, "change_id": 82359515746, "instrument_name": "ETH-PERPETUAL", "bids": [[4124.05, 47714.0], [4123.9, 11900.0], [4123.85, 114003.0], [4123.65, 11900.0], [4123.6, 181440.0], [4123.2, 8504.0], [4123.05, 97415.0], [4123.0, 58.0], [4122.9, 9422.0], [4122.85, 23055.0], [4122.75, 8367.0], [4122.65, 9422.0], [4122.45, 9422.0], [4122.3, 8367.0], [4122.2, 9645.0], [4122.05, 1137.0], [4122.0, 834.0], [4121.9, 4973.0], [4121.85, 9645.0], [4121.7, 8471.0]], "asks": [[4124.1, 946.0], [4124.35, 5000.0], [4124.8, 16861.0], [4125.0, 62000.0], [4125.05, 23055.0], [4125.1, 181606.0], [4125.15, 50000.0], [4125.2, 9417.0], [4125.25, 17778.0], [4125.3, 4690.0], [4125.65, 9422.0], [4125.75, 5.0], [4125.85, 133903.0], [4125.9, 38926.0], [4125.95, 1027.0], [4126.25, 9425.0], [4126.35, 8504.0], [4126.55, 9422.0], [4126.65, 80.0], [4126.75, 9426.0]]}}}
{"jsonrpc": "2.0", "method": "subscription", "params": {"channel": "book.ETH-PERPETUAL.none.20.100ms", "data": {"timestamp": 1755634205598, "change_id": 82359516863, "instrument_name": "ETH-PERPETUAL", "bids": [[4124.75, 33153.0], [4124.5, 114069.0], [4124.25, 181440.0], [4124.1, 11900.0], [4124.05, 59599.0], [4123.9, 61900.0], [4123.5, 9417.0], [4123.2, 8504.0], [4123.05, 47415.0], [4123.0, 58.0], [4122.9, 9422.0], [4122.85, 23055.0], [4122.75, 8367.0], [4122.65, 9422.0], [4122.6, 65266.0], [4122.45, 59522.0], [4122.3, 8367.0], [4122.2, 9645.0], [4122.1, 1061.0], [4122.0, 834.0]], "asks": [[4124.8, 16861.0], [4125.4, 9417.0], [4125.65, 9422.0], [4125.75, 5.0], [4125.9, 9422.0], [4125.95, 1027.0], [4126.0, 4689.0], [4126.2, 17944.0], [4126.25, 9425.0], [4126.3, 50000.0], [4126.5, 50000.0], [4126.55, 9422.0], [4126.65, 80.0], [4126.7, 20006.0], [4126.75, 9426.0], [4127.05, 9473.0], [4127.35, 9473.0], [4127.5, 6.0], [4127.65, 9473.0], [4127.75, 13.0]]}}}
{"jsonrpc": "2.0", "method": "subscription", "params": {"channel": "book.ETH-PERPETUAL.none.20.100ms", "data": {"timestamp": 1755634205925, "change_id": 82359518330, "instrument_name": "ETH-PERPETUAL", "bids": [[4124.75, 230098.0], [4124.7, 711.0], [4124.6, 1246.0], [4124.55, 23055.0], [4124.5, 115252.0], [4124.45, 50000.0], [4124.1, 11900.0], [4124.05, 23288.0], [4123.5, 9417.0], [4123.25, 59517.0], [4123.2, 8504.0], [4123.0, 58.0], [4122.9, 9422.0], [4122.85, 1137.0], [4122.75, 8367.0], [4122.65, 9422.0], [4122.6, 65266.0], [4122.45, 59522.0], [4122.3, 8367.0], [4122.2, 9645.0]], "asks": [[4124.8, 8430.0], [4125.75, 5.0], [4125.9, 9422.0], [4125.95, 1027.0], [4126.0, 54689.0], [4126.2, 23055.0], [4126.25, 9425.0], [4126.35, 114053.0], [4126.4, 17778.0], [4126.45, 181440.0], [4126.5, 50000.0], [4126.55, 9422.0], [4126.65, 80.0], [4126.7, 166.0], [4126.75, 21426.0], [4127.0, 20006.0], [4127.05, 9473.0], [4127.35, 9473.0], [4127.45, 21000.0], [4127.5, 6.0]]}}}
{"jsonrpc": "2.0", "method": "subscription", "params": {"channel": "book.ETH-PERPETUAL.none.20.100ms", "data": {"timestamp": 1755634206261, "change_id": 82359519584, "instrument_name": "ETH-PERPETUAL", "bids": [[4125.65, 14129.0], [4125.3, 114048.0], [4125.25, 16800.0], [4124.85, 8504.0], [4124.8, 11900.0], [4124.75, 186879.0], [4124.55, 32467.0], [4124.45, 50000.0], [4124.15, 9412.0], [4124.1, 11900.0], [4124.05, 8504.0], [4123.75, 9412.0], [4123.5, 9417.0], [4123.25, 59517.0], [4123.2, 8504.0], [4123.0, 58.0], [4122.95, 1062.0], [4122.9, 9422.0], [4122.85, 1137.0], [4122.75, 8367.0]], "asks": [[4125.7, 52911.0], [4125.75, 5.0], [4126.0, 50000.0], [4126.2, 23055.0], [4126.25, 3.0], [4126.35, 164053.0], [4126.45, 193440.0], [4126.5, 17778.0], [4126.55, 9422.0], [4126.65, 80.0], [4126.7, 166.0], [4126.75, 9426.0], [4126.9, 4689.0], [4127.0, 41006.0], [4127.05, 17977.0], [4127.35, 9473.0], [4127.5, 6.0], [4127.55, 8504.0], [4127.65, 9473.0], [4127.75, 13.0]]}}}
{"jsonrpc": "2.0", "method": "subscription", "params": {"channel": "book.ETH-PERPETUAL.none.20.100ms", "data": {"timestamp": 1755634206591, "change_id": 82359520437, "instrument_name": "ETH-PERPETUAL", "bids": [[4125.3, 164055.0], [4125.25, 181440.0], [4124.8, 11900.0], [4124.75, 47580.0], [4124.55, 9412.0], [4124.45, 50000.0], [4124.15, 32467.0], [4124.1, 11900.0], [4124.05, 8504.0], [4123.75, 9412.0], [4123.5, 9417.0], [4123.25, 59517.0], [4123.2, 8504.0], [4123.0, 58.0], [4122.95, 1062.0], [4122.9, 9422.0], [4122.85, 1137.0], [4122.75, 8367.0], [4122.7, 812.0], [4122.65, 9422.0]], "asks": [[4125.35, 51201.0], [4125.7, 10080.0], [4125.75, 5.0], [4126.0, 50000.0], [4126.15, 12000.0], [4126.2, 23055.0], [4126.25, 169.0], [4126.35, 164053.0], [4126.45, 181440.0], [4126.5, 17778.0], [4126.55, 14110.0], [4126.6, 8504.0], [4126.75, 9426.0], [4126.85, 20006.0], [4127.0, 21000.0], [4127.05, 17977.0], [4127.35, 9473.0], [4127.5, 6.0], [4127.55, 8504.0], [4127.65, 9473.0]]}}}
{"jsonrpc": "2.0", "method": "subscription", "params": {"channel": "book.ETH-PERPETUAL.none.20.100ms", "data": {"timestamp": 1755634206922, "change_id": 82359521467, "instrument_name": "ETH-PERPETUAL", "bids": [[4125.3, 60845.0], [4125.25, 181440.0], [4125.15, 114026.0], [4124.65, 47433.0], [4124.4, 50000.0], [4124.15, 9412.0], [4124.1, 11900.0], [4124.05, 8504.0], [4123.95, 23055.0], [4123.75, 9412.0], [4123.5, 73761.0], [4123.25, 59517.0], [4123.2, 8504.0], [4123.0, 58.0], [4122.9, 9422.0], [4122.75, 8367.0], [4122.7, 812.0], [4122.65, 14668.0], [4122.55, 4497.0], [4122.45, 59522.0]], "asks": [[4125.35, 40000.0], [4125.75, 5.0], [4126.0, 50000.0], [4126.1, 23055.0], [4126.25, 169.0], [4126.35, 114053.0], [4126.45, 181440.0], [4126.5, 12000.0], [4126.55, 14110.0], [4126.6, 50000.0], [4126.65, 17778.0], [4126.75, 9426.0], [4127.0, 42033.0], [4127.05, 17977.0], [4127.1, 1238.0], [4127.35, 9473.0], [4127.5, 6.0], [4127.55, 8504.0], [4127.65, 9473.0], [4127.75, 13.0]]}}}
{"jsonrpc": "2.0", "method": "subscription", "params": {"channel": "book.ETH-PERPETUAL.none.20.100ms", "data": {"timestamp": 1755634207248, "change_id": 82359521900, "instrument_name": "ETH-PERPETUAL", "bids": [[4125.3, 72648.0], [4125.25, 191440.0], [4125.15, 114026.0], [4124.85, 8504.0], [4124.65, 47433.0], [4124.4, 50000.0], [4124.15, 9412.0], [4124.1, 11900.0], [4124.05, 8504.0], [4123.95, 23055.0], [4123.75, 9412.0], [4123.6, 1138.0], [4123.5, 73761.0], [4123.25, 59517.0], [4123.2, 8504.0], [4123.0, 58.0], [4122.9, 9422.0], [4122.75, 8367.0], [4122.7, 812.0], [4122.65, 14668.0]], "asks": [[4125.35, 40000.0], [4125.75, 5.0], [4126.0, 50000.0], [4126.1, 33055.0], [4126.25, 169.0], [4126.35, 114053.0], [4126.45, 181440.0], [4126.5, 12000.0], [4126.55, 14110.0], [4126.75, 59426.0], [4126.95, 17778.0], [4127.0, 22027.0], [4127.05, 9473.0], [4127.3, 20006.0], [4127.35, 9473.0], [4127.5, 6.0], [4127.55, 8504.0], [4127.65, 9473.0], [4127.75, 13.0], [4127.85, 80.0]]}}}
{"jsonrpc": "2.0", "method": "subscription", "params": {"channel": "book.ETH-PERPETUAL.none.20.100ms", "data": {"timestamp": 1755634207579, "change_id": 82359522759, "instrument_name": "ETH-PERPETUAL", "bids": [[4125.3, 80111.0], [4125.25, 191440.0], [4125.15, 114026.0], [4125.05, 50000.0], [4124.85, 8504.0], [4124.65, 47433.0], [4124.15, 9412.0], [4124.1, 11900.0], [4124.05, 58604.0], [4123.95, 23055.0], [4123.75, 9412.0], [4123.6, 1138.0], [4123.5, 73761.0], [4123.45, 812.0], [4123.4, 1062.0], [4123.25, 59517.0], [4123.2, 8504.0], [4123.0, 58.0], [4122.9, 13919.0], [4122.75, 8367.0]], "asks": [[4125.35, 31875.0], [4125.75, 5.0], [4126.25, 3.0], [4126.3, 13156.0], [4126.55, 14111.0], [4126.6, 23055.0], [4126.75, 9592.0], [4126.8, 114004.0], [4126.85, 181440.0], [4126.95, 17778.0], [4127.0, 51027.0], [4127.05, 9473.0], [4127.1, 50000.0], [4127.35, 9473.0], [4127.5, 12006.0], [4127.55, 20006.0], [4127.65, 9473.0], [4127.75, 13.0], [4127.85, 80.0], [4127.9, 9422.0]]}}}
{"jsonrpc": "2.0", "method": "subscription", "params": {"channel": "book.ETH-PERPETUAL.none.20.100ms", "data": {"timestamp": 1755634207915, "change_id": 82359523490, "instrument_name": "ETH-PERPETUAL", "bids": [[4125.3, 194263.0], [4125.25, 191440.0], [4124.9, 50000.0], [4124.85, 8504.0], [4124.15, 9412.0], [4124.1, 11900.0], [4124.05, 8504.0], [4123.95, 23055.0], [4123.75, 9412.0], [4123.6, 1138.0], [4123.5, 73761.0], [4123.45, 812.0], [4123.4, 1062.0], [4123.25, 59517.0], [4123.2, 8504.0], [4123.0, 58.0], [4122.9, 13919.0], [4122.75, 8367.0], [4122.65, 14668.0], [4122.45, 59522.0]], "asks": [[4125.35, 31875.0], [4125.75, 5.0], [4126.25, 3.0], [4126.3, 13156.0], [4126.55, 14111.0], [4126.6, 23055.0], [4126.75, 21592.0], [4126.8, 114004.0], [4126.85, 181440.0], [4127.0, 50000.0], [4127.05, 9473.0], [4127.15, 50000.0], [4127.3, 17778.0], [4127.35, 9473.0], [4127.5, 6.0], [4127.65, 29479.0], [4127.7, 18000.0], [4127.75, 13.0], [4127.85, 80.0], [4127.9, 9422.0]]}}}
{"jsonrpc": "2.0", "method": "subscription", "params": {"channel": "book.ETH-PERPETUAL.none.20.100ms", "data": {"timestamp": 1755634208246, "change_id": 82359524018, "instrument_name": "ETH-PERPETUAL", "bids": [[4125.3, 194409.0], [4125.25, 238880.0], [4124.85, 8504.0], [4124.7, 50000.0], [4124.15, 9412.0], [4124.1, 11900.0], [4124.05, 8504.0], [4123.95, 23055.0], [4123.75, 9412.0], [4123.6, 1138.0], [4123.5, 73761.0], [4123.45, 812.0], [4123.4, 1062.0], [4123.25, 59517.0], [4123.2, 8504.0], [4123.0, 58.0], [4122.9, 9422.0], [4122.75, 8367.0], [4122.65, 14668.0], [4122.6, 4497.0]], "asks": [[4125.35, 31875.0], [4125.75, 5.0], [4126.25, 3.0], [4126.3, 13156.0], [4126.5, 10000.0], [4126.55, 14111.0], [4126.6, 23055.0], [4126.75, 9426.0], [4126.8, 114004.0], [4126.85, 181440.0], [4127.0, 100000.0], [4127.05, 9473.0], [4127.1, 166.0], [4127.3, 17778.0], [4127.35, 21473.0], [4127.5, 6.0], [4127.65, 29479.0], [4127.75, 13.0], [4127.85, 80.0], [4127.9, 9422.0]]}}}
{"jsonrpc": "2.0", "method": "subscription", "params": {"channel": "book.ETH-PERPETUAL.none.20.100ms", "data": {"timestamp": 1755634208575, "change_id": 82359525412, "instrument_name": "ETH-PERPETUAL", "bids": [[4125.7, 26745.0], [4125.35, 11900.0], [4125.3, 23914.0], [4124.9, 11900.0], [4124.85, 8504.0], [4124.75, 181440.0], [4124.2, 9403.0], [4124.1, 11900.0], [4124.05, 8504.0], [4123.75, 9412.0], [4123.5, 9516.0], [4123.45, 812.0], [4123.25, 59517.0], [4123.2, 8504.0], [4123.0, 58.0], [4122.9, 9422.0], [4122.75, 8367.0], [4122.65, 9422.0], [4122.45, 59522.0], [4122.35, 5194.0]], "asks": [[4125.75, 5.0], [4126.25, 3.0], [4126.3, 13156.0], [4126.45, 9403.0], [4126.55, 4688.0], [4126.75, 9426.0], [4126.85, 181440.0], [4127.05, 9473.0], [4127.1, 166.0], [4127.2, 4689.0], [4127.3, 1027.0], [4127.35, 21473.0], [4127.5, 50006.0], [4127.65, 9473.0], [4127.75, 13.0], [4127.85, 80.0], [4127.9, 9422.0], [4128.15, 27478.0], [4128.25, 8.0], [4128.35, 9428.0]]}}}
{"jsonrpc": "2.0", "method": "subscription", "params": {"channel": "book.ETH-PERPETUAL.none.20.100ms", "data": {"timestamp": 1755634208901, "change_id": 82359528146, "instrument_name": "ETH-PERPETUAL", "bids": [[4126.7, 141271.0], [4126.25, 190024.0], [4125.85, 9600.0], [4125.7, 34235.0], [4125.6, 9397.0], [4125.35, 11900.0], [4125.3, 20524.0], [4125.1, 9397.0], [4124.9, 82391.0], [4124.85, 58604.0], [4124.6, 9403.0], [4124.45, 5074.0], [4124.2, 9403.0], [4124.05, 58604.0], [4124.0, 9397.0], [4123.95, 61839.0], [4123.9, 1138.0], [4123.75, 9412.0], [4123.5, 13914.0], [4123.45, 812.0]], "asks": [[4126.75, 4.0], [4127.15, 1238.0], [4127.5, 50006.0], [4127.75, 13.0], [4128.2, 190837.0], [4128.25, 8.0], [4128.3, 22466.0], [4128.5, 7.0], [4128.65, 9478.0], [4128.8, 20006.0], [4128.85, 9473.0], [4128.95, 25000.0], [4129.1, 9496.0], [4129.45, 166.0], [4129.5, 9515.0], [4129.6, 4605.0], [4129.65, 18000.0], [4129.75, 9478.0], [4129.9, 399.0], [4130.0, 9580.0]]}}}
{"jsonrpc": "2.0", "method": "subscription", "params": {"channel": "book.ETH-PERPETUAL.none.20.100ms", "data": {"timestamp": 1755634209237, "change_id": 82359530031, "instrument_name": "ETH-PERPETUAL", "bids": [[4127.45, 18631.0], [4126.9, 601.0], [4126.7, 41953.0], [4126.65, 23055.0], [4126.35, 9397.0], [4126.3, 9600.0], [4126.25, 12701.0], [4126.2, 1547.0], [4126.15, 672.0], [4126.0, 9397.0], [4125.95, 3894.0], [4125.7, 8791.0], [4125.65, 50100.0], [4125.6, 9397.0], [4125.3, 8504.0], [4125.1, 9397.0], [4124.9, 47436.0], [4124.85, 58604.0], [4124.7, 58.0], [4124.6, 9403.0]], "asks": [[4127.5, 38803.0], [4127.75, 13.0], [4128.25, 8.0], [4128.5, 7.0], [4129.0, 9397.0], [4129.2, 181440.0], [4129.45, 17778.0], [4129.5, 9697.0], [4129.75, 9478.0], [4129.9, 399.0], [4129.95, 20006.0], [4130.0, 9580.0], [4130.2, 9439.0], [4130.25, 23.0], [4130.4, 4500.0], [4130.45, 9516.0], [4130.7, 9500.0], [4131.0, 9514.0], [4131.05, 10.0], [4131.1, 25000.0]]}}}
{"jsonrpc": "2.0", "method": "subscription", "params": {"channel": "book.ETH-PERPETUAL.none.20.100ms", "data": {"timestamp": 1755634209569, "change_id": 82359533149, "instrument_name": "ETH-PERPETUAL", "bids": [[4127.45, 355746.0], [4127.3, 23055.0], [4127.15, 50000.0], [4127.1, 158.0], [4126.9, 180.0], [4126.7, 10175.0], [4126.35, 9397.0], [4126.25, 8504.0], [4126.2, 39.0], [4126.0, 9397.0], [4125.95, 62472.0], [4125.7, 9687.0], [4125.65, 50100.0], [4125.6, 14480.0], [4125.3, 8504.0], [4125.25, 1062.0], [4125.2, 813.0], [4125.1, 9397.0], [4124.9, 4497.0], [4124.85, 58604.0]], "asks": [[4127.5, 38803.0], [4127.75, 13.0], [4128.25, 8.0], [4128.5, 7.0], [4128.9, 4688.0], [4129.0, 59397.0], [4129.05, 182.0], [4129.15, 17778.0], [4129.2, 181440.0], [4129.45, 110948.0], [4129.5, 21515.0], [4129.7, 20006.0], [4129.75, 9478.0], [4129.9, 399.0], [4130.0, 9580.0], [4130.2, 9439.0], [4130.25, 18023.0], [4130.4, 4500.0], [4130.45, 9516.0], [4130.7, 9500.0]]}}}
{"jsonrpc": "2.0", "method": "subscription", "params": {"channel": "book.ETH-PERPETUAL.none.20.100ms", "data": {"timestamp": 1755634209894, "change_id": 82359536714, "instrument_name": "ETH-PERPETUAL", "bids": [[4127.65, 601.0], [4127.45, 187057.0], [4127.1, 158.0], [4127.05, 47570.0], [4126.9, 61.0], [4126.75, 23055.0], [4126.7, 8666.0], [4126.6, 9387.0], [4126.35, 59397.0], [4126.25, 8504.0], [4126.2, 39.0], [4126.0, 9397.0], [4125.95, 62472.0], [4125.7, 8549.0], [4125.65, 50100.0], [4125.6, 14480.0], [4125.4, 9387.0], [4125.3, 8504.0], [4125.25, 1062.0], [4125.2, 813.0]], "asks": [[4127.7, 12311.0], [4127.75, 614.0], [4128.25, 8.0], [4128.5, 7.0], [4128.6, 182.0], [4128.65, 50000.0], [4128.7, 4682.0], [4128.75, 42778.0], [4128.8, 23055.0], [4128.9, 12000.0], [4129.0, 59397.0], [4129.2, 181440.0], [4129.25, 9387.0], [4129.35, 18000.0], [4129.4, 20006.0], [4129.45, 110948.0], [4129.5, 9515.0], [4129.55, 8504.0], [4129.6, 1027.0], [4129.75, 9478.0]]}}}
{"jsonrpc": "2.0", "method": "subscription", "params": {"channel": "book.ETH-PERPETUAL.none.20.100ms", "data": {"timestamp": 1755634210233, "change_id": 82359537923, "instrument_name": "ETH-PERPETUAL", "bids": [[4127.65, 163466.0], [4127.45, 183179.0], [4127.2, 8504.0], [4127.05, 47461.0], [4127.0, 109.0], [4126.95, 9600.0], [4126.9, 61.0], [4126.75, 23055.0], [4126.7, 8504.0], [4126.6, 9387.0], [4126.35, 59397.0], [4126.25, 8504.0], [4126.2, 39.0], [4126.0, 9397.0], [4125.95, 62472.0], [4125.7, 8504.0], [4125.65, 50100.0], [4125.6, 14480.0], [4125.4, 9387.0], [4125.3, 8504.0]], "asks": [[4127.7, 601.0], [4127.75, 13.0], [4128.25, 8.0], [4128.3, 12182.0], [4128.45, 50000.0], [4128.5, 7.0], [4128.65, 181440.0], [4128.7, 4682.0], [4128.75, 42778.0], [4128.8, 23055.0], [4129.0, 59397.0], [4129.2, 20006.0], [4129.25, 9387.0], [4129.35, 18000.0], [4129.45, 110948.0], [4129.5, 9515.0], [4129.6, 1027.0], [4129.75, 9478.0], [4129.85, 40.0], [4129.9, 399.0]]}}}
{"jsonrpc": "2.0", "method": "subscription", "params": {"channel": "book.ETH-PERPETUAL.none.20.100ms", "data": {"timestamp": 1755634210554, "change_id": 82359538633, "instrument_name": "ETH-PERPETUAL", "bids": [[4127.65, 166919.0], [4127.5, 10000.0], [4127.45, 181519.0], [4127.2, 8504.0], [4127.05, 47461.0], [4126.9, 61.0], [4126.75, 23055.0], [4126.7, 8504.0], [4126.6, 9387.0], [4126.4, 50000.0], [4126.35, 9397.0], [4126.25, 8504.0], [4126.0, 9397.0], [4125.95, 62472.0], [4125.7, 8504.0], [4125.65, 50100.0], [4125.6, 14480.0], [4125.4, 9387.0], [4125.3, 8504.0], [4125.25, 1062.0]], "asks": [[4127.7, 11241.0], [4127.75, 13.0], [4128.0, 50000.0], [4128.25, 8.0], [4128.3, 12182.0], [4128.45, 50000.0], [4128.5, 7.0], [4128.65, 199218.0], [4128.7, 4682.0], [4128.75, 25000.0], [4128.8, 23055.0], [4129.0, 9397.0], [4129.2, 20006.0], [4129.25, 9387.0], [4129.35, 18000.0], [4129.45, 110948.0], [4129.5, 18019.0], [4129.6, 1027.0], [4129.75, 9478.0], [4129.9, 399.0]]}}}
{"jsonrpc": "2.0", "method": "subscription", "params": {"channel": "book.ETH-PERPETUAL.none.20.100ms", "data": {"timestamp": 1755634210889, "change_id": 82359539160, "instrument_name": "ETH-PERPETUAL", "bids": [[4127.65, 156352.0], [4127.45, 181440.0], [4127.3, 9600.0], [4127.2, 8504.0], [4127.05, 47461.0], [4126.75, 23055.0], [4126.7, 8504.0], [4126.6, 9387.0], [4126.35, 59397.0], [4126.25, 8504.0], [4126.0, 9397.0], [4125.95, 62472.0], [4125.7, 8504.0], [4125.6, 14480.0], [4125.4, 9507.0], [4125.3, 8504.0], [4125.25, 1062.0], [4125.2, 813.0], [4125.1, 9397.0], [4124.85, 67991.0]], "asks": [[4127.7, 11241.0], [4127.75, 15013.0], [4128.0, 50000.0], [4128.15, 10000.0], [4128.25, 8.0], [4128.3, 12182.0], [4128.45, 50000.0], [4128.5, 7.0], [4128.65, 181440.0], [4128.7, 4682.0], [4128.75, 42778.0], [4128.8, 23055.0], [4129.0, 9397.0], [4129.2, 20006.0], [4129.25, 9387.0], [4129.35, 18000.0], [4129.45, 110948.0], [4129.5, 18019.0], [4129.6, 1027.0], [4129.75, 9478.0]]}}}
{"jsonrpc": "2.0", "method": "subscription", "params": {"channel": "book.ETH-PERPETUAL.none.20.100ms", "data": {"timestamp": 1755634211225, "change_id": 82359540677, "instrument_name": "ETH-PERPETUAL", "bids": [[4126.5, 91.0], [4125.9, 9600.0], [4125.6, 9397.0], [4125.4, 9507.0], [4125.2, 813.0], [4125.1, 9397.0], [4124.85, 59487.0], [4124.7, 58.0], [4124.6, 9403.0], [4124.2, 9403.0], [4124.05, 58604.0], [4124.0, 9397.0], [4123.75, 9412.0], [4123.7, 4477.0], [4123.6, 20800.0], [4123.5, 9417.0], [4123.3, 5165.0], [4123.25, 59517.0], [4123.2, 8504.0], [4122.9, 9422.0]], "asks": [[4126.55, 1711.0], [4127.25, 8504.0], [4127.5, 10600.0], [4127.6, 50000.0], [4127.65, 5766.0], [4127.7, 21327.0], [4127.75, 10013.0], [4128.0, 231440.0], [4128.15, 18504.0], [4128.25, 17786.0], [4128.45, 18000.0], [4128.5, 7.0], [4128.6, 122721.0], [4128.65, 20006.0], [4128.7, 4682.0], [4128.75, 25000.0], [4128.8, 23055.0], [4129.0, 9397.0], [4129.05, 8504.0], [4129.25, 9387.0]]}}}
{"jsonrpc": "2.0", "method": "subscription", "params": {"channel": "book.ETH-PERPETUAL.none.20.100ms", "data": {"timestamp": 1755634211554, "change_id": 82359543089, "instrument_name": "ETH-PERPETUAL", "bids": [[4126.0, 16964.0], [4125.55, 114277.0], [4125.35, 181440.0], [4125.3, 601.0], [4125.1, 91.0], [4124.9, 9382.0], [4124.7, 8852.0], [4124.6, 9403.0], [4124.45, 23055.0], [4124.25, 120.0], [4124.2, 9403.0], [4124.05, 58604.0], [4124.0, 9397.0], [4123.75, 9412.0], [4123.6, 2.0], [4123.5, 9417.0], [4123.45, 117777.0], [4123.3, 5165.0], [4123.25, 59517.0], [4123.2, 8504.0]], "asks": [[4126.05, 22202.0], [4126.1, 23055.0], [4126.75, 62000.0], [4126.9, 181440.0], [4126.95, 17778.0], [4127.05, 182.0], [4127.15, 9382.0], [4127.25, 4679.0], [4127.4, 26504.0], [4127.45, 20006.0], [4127.5, 50000.0], [4127.6, 114253.0], [4127.65, 15148.0], [4127.7, 40.0], [4127.75, 13.0], [4127.9, 8504.0], [4128.05, 9382.0], [4128.25, 8.0], [4128.35, 17886.0], [4128.5, 7.0]]}}}
{"jsonrpc": "2.0", "method": "subscription", "params": {"channel": "book.ETH-PERPETUAL.none.20.100ms", "data": {"timestamp": 1755634211858, "change_id": 82359544493, "instrument_name": "ETH-PERPETUAL", "bids": [[4125.35, 184744.0], [4125.05, 18820.0], [4124.9, 8504.0], [4124.8, 91.0], [4124.7, 348.0], [4124.6, 9403.0], [4124.45, 23055.0], [4124.25, 9720.0], [4124.2, 9403.0], [4124.15, 50000.0], [4124.1, 1165.0], [4124.05, 8504.0], [4124.0, 9397.0], [4123.75, 9412.0], [4123.6, 2.0], [4123.5, 9417.0], [4123.25, 59517.0], [4123.2, 8504.0], [4122.9, 9422.0], [4122.85, 4497.0]], "asks": [[4125.4, 11602.0], [4126.05, 12000.0], [4126.1, 23055.0], [4126.5, 59375.0], [4126.55, 67778.0], [4126.6, 4676.0], [4126.75, 182.0], [4126.9, 190815.0], [4126.95, 18000.0], [4127.15, 9382.0], [4127.2, 20006.0], [4127.25, 4679.0], [4127.4, 8504.0], [4127.6, 114253.0], [4127.65, 15148.0], [4127.7, 40.0], [4127.75, 13.0], [4127.9, 8504.0], [4128.05, 9382.0], [4128.25, 8.0]]}}}
{"jsonrpc": "2.0", "method": "subscription", "params": {"channel": "book.ETH-PERPETUAL.none.20.100ms", "data": {"timestamp": 1755634212214, "change_id": 82359546352, "instrument_name": "ETH-PERPETUAL", "bids": [[4125.7, 114407.0], [4125.65, 701.0], [4125.6, 11900.0], [4125.55, 23101.0], [4125.4, 11900.0], [4125.35, 182941.0], [4124.95, 9600.0], [4124.9, 8504.0], [4124.7, 348.0], [4124.6, 59403.0], [4124.45, 23055.0], [4124.2, 9403.0], [4124.1, 1165.0], [4124.05, 8504.0], [4124.0, 10535.0], [4123.75, 9412.0], [4123.6, 2.0], [4123.5, 9417.0], [4123.3, 65350.0], [4123.25, 59517.0]], "asks": [[4126.5, 50000.0], [4126.55, 23055.0], [4126.9, 181440.0], [4126.95, 50000.0], [4127.1, 17778.0], [4127.15, 9382.0], [4127.25, 200.0], [4127.3, 1027.0], [4127.55, 38006.0], [4127.65, 9382.0], [4127.7, 4676.0], [4127.75, 13.0], [4127.85, 8504.0], [4128.05, 9382.0], [4128.35, 17886.0], [4128.5, 7.0], [4128.75, 34382.0], [4128.95, 1162.0], [4129.0, 9397.0], [4129.05, 8504.0]]}}}
{"jsonrpc": "2.0", "method": "subscription", "params": {"channel": "book.ETH-PERPETUAL.none.20.100ms", "data": {"timestamp": 1755634212535, "change_id": 82359547608, "instrument_name": "ETH-PERPETUAL", "bids": [[4125.8, 5557.0], [4125.7, 114287.0], [4125.6, 11900.0], [4125.55, 13099.0], [4125.4, 11900.0], [4125.35, 181815.0], [4125.25, 100.0], [4124.95, 9600.0], [4124.9, 8504.0], [4124.85, 47436.0], [4124.7, 1486.0], [4124.6, 9403.0], [4124.45, 23055.0], [4124.2, 9403.0], [4124.15, 50000.0], [4124.1, 1165.0], [4124.05, 8504.0], [4124.0, 9397.0], [4123.75, 9412.0], [4123.7, 813.0]], "asks": [[4125.85, 22351.0], [4126.35, 200.0], [4126.5, 100000.0], [4126.55, 35055.0], [4126.75, 17778.0], [4126.9, 181440.0], [4127.1, 156969.0], [4127.15, 9382.0], [4127.2, 8504.0], [4127.3, 1027.0], [4127.4, 9375.0], [4127.65, 9382.0], [4127.85, 8504.0], [4128.05, 9382.0], [4128.35, 17886.0], [4128.75, 34382.0], [4129.0, 9397.0], [4129.05, 8504.0], [4129.25, 9387.0], [4129.5, 18004.0]]}}}
{"jsonrpc": "2.0", "method": "subscription", "params": {"channel": "book.ETH-PERPETUAL.none.20.100ms", "data": {"timestamp": 1755634212844, "change_id": 82359548235, "instrument_name": "ETH-PERPETUAL", "bids": [[4125.8, 6506.0], [4125.7, 114287.0], [4125.6, 11900.0], [4125.55, 11900.0], [4125.4, 11900.0], [4125.35, 181440.0], [4125.25, 100.0], [4124.9, 8504.0], [4124.85, 47436.0], [4124.7, 348.0], [4124.6, 9403.0], [4124.45, 23055.0], [4124.2, 19003.0], [4124.05, 8504.0], [4124.0, 9397.0], [4123.9, 50000.0], [4123.75, 9412.0], [4123.7, 813.0], [4123.6, 2.0], [4123.55, 120.0]], "asks": [[4125.85, 34551.0], [4126.5, 117778.0], [4126.55, 23055.0], [4126.9, 181440.0], [4127.1, 156969.0], [4127.15, 9382.0], [4127.2, 8504.0], [4127.3, 1027.0], [4127.4, 9375.0], [4127.65, 9382.0], [4127.85, 8504.0], [4128.05, 9382.0], [4128.35, 17886.0], [4128.5, 7.0], [4128.75, 34382.0], [4129.0, 9397.0], [4129.05, 8504.0], [4129.25, 9387.0], [4129.5, 18004.0], [4129.55, 63076.0]]}}}
{"jsonrpc": "2.0", "method": "subscription", "params": {"channel": "book.ETH-PERPETUAL.none.20.100ms", "data": {"timestamp": 1755634213202, "change_id": 82359549287, "instrument_name": "ETH-PERPETUAL", "bids": [[4125.8, 5062.0], [4125.65, 11900.0], [4125.4, 11900.0], [4125.35, 181440.0], [4125.25, 100.0], [4124.85, 47436.0], [4124.7, 348.0], [4124.6, 9403.0], [4124.45, 23055.0], [4124.2, 9403.0], [4124.05, 8504.0], [4124.0, 9397.0], [4123.9, 50000.0], [4123.75, 9412.0], [4123.7, 813.0], [4123.6, 2.0], [4123.55, 120.0], [4123.5, 9417.0], [4123.3, 65350.0], [4123.25, 59517.0]], "asks": [[4125.85, 39551.0], [4126.25, 10000.0], [4126.5, 117778.0], [4126.55, 23055.0], [4126.75, 8707.0], [4126.9, 181440.0], [4127.0, 54.0], [4127.1, 156969.0], [4127.15, 9382.0], [4127.2, 8504.0], [4127.3, 1027.0], [4127.4, 9375.0], [4127.65, 9382.0], [4127.75, 15.0], [4127.85, 8504.0], [4128.05, 9382.0], [4128.25, 8.0], [4128.35, 17886.0], [4128.5, 7.0], [4128.75, 34382.0]]}}}
{"jsonrpc": "2.0", "method": "subscription", "params": {"channel": "book.ETH-PERPETUAL.none.20.100ms", "data": {"timestamp": 1755634213523, "change_id": 82359549893, "instrument_name": "ETH-PERPETUAL", "bids": [[4125.8, 6911.0], [4125.75, 10000.0], [4125.65, 11900.0], [4125.45, 114262.0], [4125.4, 11900.0], [4125.35, 181440.0], [4124.95, 9600.0], [4124.9, 8707.0], [4124.85, 47436.0], [4124.7, 348.0], [4124.6, 59403.0], [4124.45, 23055.0], [4124.2, 9403.0], [4124.05, 8504.0], [4124.0, 9397.0], [4123.85, 1138.0], [4123.8, 1165.0], [4123.75, 9412.0], [4123.7, 813.0], [4123.6, 2.0]], "asks": [[4125.85, 16711.0], [4126.25, 10000.0], [4126.5, 112000.0], [4126.55, 23055.0], [4126.7, 17978.0], [4126.9, 181440.0], [4127.0, 54.0], [4127.1, 136963.0], [4127.15, 9382.0], [4127.3, 1027.0], [4127.35, 20006.0], [4127.4, 9375.0], [4127.65, 9382.0], [4127.75, 15.0], [4127.85, 8504.0], [4128.05, 9382.0], [4128.25, 48.0], [4128.35, 17886.0], [4128.5, 7.0], [4128.75, 34382.0]]}}}
{"jsonrpc": "2.0", "method": "subscription", "params": {"channel": "book.ETH-PERPETUAL.none.20.100ms", "data": {"timestamp": 1755634213847, "change_id": 82359551009, "instrument_name": "ETH-PERPETUAL", "bids": [[4125.8, 4939.0], [4125.75, 10000.0], [4125.45, 114262.0], [4125.4, 11900.0], [4125.35, 181440.0], [4124.95, 9600.0], [4124.85, 47436.0], [4124.7, 348.0], [4124.6, 9403.0], [4124.45, 23055.0], [4124.2, 9403.0], [4124.15, 50000.0], [4124.05, 8504.0], [4124.0, 9397.0], [4123.85, 1138.0], [4123.8, 1165.0], [4123.75, 9412.0], [4123.7, 813.0], [4123.6, 2.0], [4123.55, 120.0]], "asks": [[4125.85, 39551.0], [4126.25, 10000.0], [4126.5, 117778.0], [4126.55, 23055.0], [4126.75, 8707.0], [4126.9, 181440.0], [4127.0, 54.0], [4127.1, 156969.0], [4127.15, 9382.0], [4127.2, 8707.0], [4127.3, 1027.0], [4127.4, 9375.0], [4127.65, 9382.0], [4127.75, 15.0], [4127.85, 8504.0], [4128.05, 9382.0], [4128.25, 8.0], [4128.35, 17886.0], [4128.5, 7.0], [4128.75, 34382.0]]}}}
{"jsonrpc": "2.0", "method": "subscription", "params": {"channel": "book.ETH-PERPETUAL.none.20.100ms", "data": {"timestamp": 1755634214146, "change_id": 82359552023, "instrument_name": "ETH-PERPETUAL", "bids": [[4125.8, 16866.0], [4125.75, 10000.0], [4125.5, 11900.0], [4125.45, 114262.0], [4125.4, 11900.0], [4125.35, 181440.0], [4124.85, 47436.0], [4124.7, 348.0], [4124.65, 9600.0], [4124.6, 9403.0], [4124.45, 23055.0], [4124.2, 9403.0], [4124.15, 50000.0], [4124.05, 8504.0], [4124.0, 9397.0], [4123.85, 1138.0], [4123.8, 1165.0], [4123.75, 9412.0], [4123.7, 813.0], [4123.6, 2.0]], "asks": [[4125.85, 39551.0], [4126.25, 10000.0], [4126.5, 117778.0], [4126.55, 23055.0], [4126.75, 8707.0], [4126.9, 181440.0], [4127.0, 54.0], [4127.1, 156969.0], [4127.15, 9382.0], [4127.2, 8707.0], [4127.3, 1027.0], [4127.4, 9375.0], [4127.65, 9382.0], [4127.75, 15.0], [4127.85, 8504.0], [4128.05, 9382.0], [4128.25, 8.0], [4128.35, 17886.0], [4128.5, 7.0], [4128.75, 34382.0]]}}}
{"jsonrpc": "2.0", "method": "subscription", "params": {"channel": "book.ETH-PERPETUAL.none.20.100ms", "data": {"timestamp": 1755634214527, "change_id": 82359552483, "instrument_name": "ETH-PERPETUAL", "bids": [[4125.8, 5660.0], [4125.75, 10000.0], [4125.5, 11900.0], [4125.45, 114262.0], [4125.4, 11900.0], [4125.35, 181440.0], [4124.95, 9600.0], [4124.9, 8707.0], [4124.85, 47436.0], [4124.7, 348.0], [4124.6, 9403.0], [4124.5, 50000.0], [4124.45, 23055.0], [4124.2, 9403.0], [4124.05, 8504.0], [4124.0, 9397.0], [4123.85, 1138.0], [4123.8, 1165.0], [4123.75, 9412.0], [4123.7, 813.0]], "asks": [[4125.85, 12351.0], [4125.95, 17448.0], [4126.25, 12000.0], [4126.35, 182.0], [4126.5, 110000.0], [4126.55, 23055.0], [4126.7, 17778.0], [4126.9, 181440.0], [4127.0, 54.0], [4127.1, 136963.0], [4127.15, 29388.0], [4127.2, 8707.0], [4127.3, 1027.0], [4127.4, 9375.0], [4127.65, 9382.0], [4127.75, 15.0], [4127.85, 8504.0], [4128.05, 9382.0], [4128.25, 8.0], [4128.35, 17886.0]]}}}
{"jsonrpc": "2.0", "method": "subscription", "params": {"channel": "book.ETH-PERPETUAL.none.20.100ms", "data": {"timestamp": 1755634214854, "change_id": 82359553002, "instrument_name": "ETH-PERPETUAL", "bids": [[4125.8, 5562.0], [4125.75, 10000.0], [4125.5, 11900.0], [4125.45, 114262.0], [4125.4, 11900.0], [4125.35, 181440.0], [4124.9, 8707.0], [4124.85, 47436.0], [4124.7, 348.0], [4124.6, 9403.0], [4124.5, 9600.0], [4124.45, 23055.0], [4124.3, 50000.0], [4124.2, 9403.0], [4124.05, 8504.0], [4124.0, 9397.0], [4123.85, 1138.0], [4123.8, 1165.0], [4123.75, 9412.0], [4123.7, 813.0]], "asks": [[4125.85, 12351.0], [4125.95, 12448.0], [4126.0, 10000.0], [4126.25, 12000.0], [4126.45, 182.0], [4126.5, 127778.0], [4126.55, 23055.0], [4126.9, 181440.0], [4127.0, 54.0], [4127.05, 20006.0], [4127.1, 136963.0], [4127.15, 9382.0], [4127.2, 8707.0], [4127.3, 1027.0], [4127.4, 9375.0], [4127.65, 9382.0], [4127.75, 15.0], [4127.85, 8504.0], [4128.05, 9382.0], [4128.25, 8.0]]}}}
{"jsonrpc": "2.0", "method": "subscription", "params": {"channel": "book.ETH-PERPETUAL.none.20.100ms", "data": {"timestamp": 1755634215185, "change_id": 82359553681, "instrument_name": "ETH-PERPETUAL", "bids": [[4125.8, 33645.0], [4125.5, 11900.0], [4125.45, 114262.0], [4125.4, 21500.0], [4125.35, 190147.0], [4124.9, 8707.0], [4124.7, 348.0], [4124.6, 59403.0], [4124.45, 23055.0], [4124.2, 9403.0], [4124.05, 8504.0], [4124.0, 9397.0], [4123.85, 1138.0], [4123.8, 1165.0], [4123.75, 9412.0], [4123.7, 813.0], [4123.6, 2.0], [4123.5, 9417.0], [4123.3, 65350.0], [4123.25, 59517.0]], "asks": [[4125.85, 1711.0], [4125.95, 12448.0], [4126.35, 182.0], [4126.5, 50000.0], [4126.55, 23055.0], [4126.75, 10000.0], [4126.8, 12000.0], [4126.85, 50000.0], [4126.9, 181440.0], [4127.0, 54.0], [4127.05, 17778.0], [4127.1, 156969.0], [4127.15, 9382.0], [4127.3, 1027.0], [4127.4, 9375.0], [4127.65, 9382.0], [4127.75, 15.0], [4127.85, 8504.0], [4128.05, 9382.0], [4128.1, 40.0]]}}}
{"jsonrpc": "2.0", "method": "subscription", "params": {"channel": "book.ETH-PERPETUAL.none.20.100ms", "data": {"timestamp": 1755634215518, "change_id": 82359554423, "instrument_name": "ETH-PERPETUAL", "bids": [[4125.8, 38698.0], [4125.65, 114174.0], [4125.5, 11900.0], [4125.4, 11900.0], [4125.35, 190147.0], [4124.9, 8707.0], [4124.7, 348.0], [4124.6, 59403.0], [4124.45, 23055.0], [4124.2, 9403.0], [4124.05, 8504.0], [4124.0, 9397.0], [4123.85, 1138.0], [4123.8, 1165.0], [4123.75, 9412.0], [4123.7, 813.0], [4123.6, 2.0], [4123.5, 9417.0], [4123.3, 65350.0], [4123.25, 59517.0]], "asks": [[4125.85, 1711.0], [4125.95, 12448.0], [4126.5, 50000.0], [4126.55, 23055.0], [4126.65, 50000.0], [4126.75, 17778.0], [4126.8, 12000.0], [4126.9, 181622.0], [4127.0, 54.0], [4127.1, 118963.0], [4127.15, 9382.0], [4127.3, 1027.0], [4127.35, 20006.0], [4127.4, 9375.0], [4127.6, 18000.0], [4127.65, 9382.0], [4127.75, 15.0], [4128.05, 9382.0], [4128.1, 40.0], [4128.25, 8.0]]}}}
{"jsonrpc": "2.0", "method": "subscription", "params": {"channel": "book.ETH-PERPETUAL.none.20.100ms", "data": {"timestamp": 1755634215824, "change_id": 82359554843, "instrument_name": "ETH-PERPETUAL", "bids": [[4125.8, 35199.0], [4125.65, 114174.0], [4125.5, 11900.0], [4125.4, 11900.0], [4125.35, 190147.0], [4124.9, 8707.0], [4124.7, 348.0], [4124.6, 106836.0], [4124.45, 23055.0], [4124.2, 9403.0], [4124.05, 8504.0], [4124.0, 9397.0], [4123.85, 1138.0], [4123.8, 1165.0], [4123.75, 9412.0], [4123.7, 813.0], [4123.5, 9417.0], [4123.3, 65350.0], [4123.25, 59517.0], [4123.2, 8504.0]], "asks": [[4125.85, 9891.0], [4125.95, 12448.0], [4126.1, 10000.0], [4126.5, 62000.0], [4126.55, 23055.0], [4126.6, 50000.0], [4126.75, 17778.0], [4126.9, 181622.0], [4127.0, 54.0], [4127.1, 118963.0], [4127.15, 9382.0], [4127.3, 1027.0], [4127.35, 20006.0], [4127.4, 9375.0], [4127.6, 18000.0], [4127.65, 18089.0], [4127.75, 15.0], [4128.05, 9382.0], [4128.1, 40.0], [4128.25, 8.0]]}}}
{"jsonrpc": "2.0", "method": "subscription", "params": {"channel": "book.ETH-PERPETUAL.none.20.100ms", "data": {"timestamp": 1755634216184, "change_id": 82359555753, "instrument_name": "ETH-PERPETUAL", "bids": [[4125.9, 39208.0], [4125.85, 11900.0], [4125.8, 566.0], [4125.7, 11900.0], [4125.65, 114174.0], [4125.45, 10800.0], [4125.4, 11900.0], [4125.35, 190147.0], [4124.9, 8707.0], [4124.7, 348.0], [4124.6, 106836.0], [4124.45, 23055.0], [4124.2, 9403.0], [4124.05, 8504.0], [4124.0, 9397.0], [4123.85, 1138.0], [4123.8, 1165.0], [4123.75, 9412.0], [4123.7, 813.0], [4123.55, 120.0]], "asks": [[4125.95, 12448.0], [4126.5, 50000.0], [4126.55, 23055.0], [4126.65, 50000.0], [4126.85, 12000.0], [4126.9, 181622.0], [4127.0, 54.0], [4127.05, 17778.0], [4127.1, 4676.0], [4127.15, 27382.0], [4127.3, 1027.0], [4127.4, 9375.0], [4127.6, 20006.0], [4127.65, 9382.0], [4127.75, 8722.0], [4128.05, 9382.0], [4128.1, 40.0], [4128.25, 8.0], [4128.35, 17886.0], [4128.5, 7.0]]}}}
{"jsonrpc": "2.0", "method": "subscription", "params": {"channel": "book.ETH-PERPETUAL.none.20.100ms", "data": {"timestamp": 1755634216509, "change_id": 82359556308, "instrument_name": "ETH-PERPETUAL", "bids": [[4125.95, 32450.0], [4125.9, 22494.0], [4125.85, 11900.0], [4125.8, 9042.0], [4125.75, 3.0], [4125.65, 114174.0], [4125.45, 10800.0], [4125.4, 11900.0], [4125.35, 190147.0], [4125.0, 6.0], [4124.9, 8707.0], [4124.85, 9362.0], [4124.7, 348.0], [4124.6, 56836.0], [4124.55, 50000.0], [4124.45, 23055.0], [4124.2, 9403.0], [4124.05, 8504.0], [4124.0, 9397.0], [4123.85, 1138.0]], "asks": [[4126.0, 10000.0], [4126.45, 182.0], [4126.5, 50000.0], [4126.55, 35055.0], [4126.65, 50000.0], [4126.8, 17778.0], [4126.9, 295579.0], [4127.0, 54.0], [4127.1, 4676.0], [4127.15, 27382.0], [4127.3, 1027.0], [4127.35, 20006.0], [4127.4, 9375.0], [4127.65, 9382.0], [4127.75, 8722.0], [4128.05, 9382.0], [4128.2, 40.0], [4128.25, 8.0], [4128.35, 17886.0], [4128.5, 7.0]]}}}
{"jsonrpc": "2.0", "method": "subscription", "params": {"channel": "book.ETH-PERPETUAL.none.20.100ms", "data": {"timestamp": 1755634216808, "change_id": 82359556980, "instrument_name": "ETH-PERPETUAL", "bids": [[4125.95, 20519.0], [4125.9, 504.0], [4125.8, 42.0], [4125.75, 3.0], [4125.65, 114174.0], [4125.45, 109.0], [4125.4, 11900.0], [4125.35, 181440.0], [4125.0, 6.0], [4124.9, 8707.0], [4124.85, 9362.0], [4124.7, 348.0], [4124.6, 106836.0], [4124.45, 23055.0], [4124.2, 9403.0], [4124.05, 8504.0], [4124.0, 9397.0], [4123.85, 1138.0], [4123.8, 1165.0], [4123.75, 9412.0]], "asks": [[4126.0, 22424.0], [4126.45, 12000.0], [4126.5, 50000.0], [4126.55, 23055.0], [4126.6, 50000.0], [4126.85, 17778.0], [4126.9, 295579.0], [4127.0, 54.0], [4127.1, 4676.0], [4127.15, 27382.0], [4127.3, 1027.0], [4127.35, 20006.0], [4127.4, 9375.0], [4127.65, 9382.0], [4127.75, 8722.0], [4128.05, 9382.0], [4128.25, 8.0], [4128.35, 17886.0], [4128.5, 7.0], [4128.75, 34382.0]]}}}
{"jsonrpc": "2.0", "method": "subscription", "params": {"channel": "book.ETH-PERPETUAL.none.20.100ms", "data": {"timestamp": 1755634217171, "change_id": 82359557836, "instrument_name": "ETH-PERPETUAL", "bids": [[4125.95, 10978.0], [4125.9, 9.0], [4125.85, 10000.0], [4125.8, 42.0], [4125.75, 3.0], [4125.45, 109.0], [4125.4, 11900.0], [4125.35, 181440.0], [4125.25, 10800.0], [4125.0, 6.0], [4124.85, 9362.0], [4124.7, 348.0], [4124.6, 56836.0], [4124.45, 23055.0], [4124.4, 50000.0], [4124.2, 9403.0], [4124.05, 8504.0], [4124.0, 9397.0], [4123.85, 1138.0], [4123.8, 1165.0]], "asks": [[4126.0, 32424.0], [4126.05, 5000.0], [4126.45, 10000.0], [4126.5, 50000.0], [4126.55, 73055.0], [4126.85, 17778.0], [4126.9, 304286.0], [4127.0, 54.0], [4127.1, 4676.0], [4127.15, 27382.0], [4127.3, 1027.0], [4127.35, 20006.0], [4127.4, 9375.0], [4127.65, 9382.0], [4127.75, 8722.0], [4128.05, 9382.0], [4128.25, 8.0], [4128.35, 17886.0], [4128.5, 7.0], [4128.75, 34382.0]]}}}
{"jsonrpc": "2.0", "method": "subscription", "params": {"channel": "book.ETH-PERPETUAL.none.20.100ms", "data": {"timestamp": 1755634217508, "change_id": 82359558484, "instrument_name": "ETH-PERPETUAL", "bids": [[4125.95, 9607.0], [4125.9, 9.0], [4125.8, 42.0], [4125.75, 3.0], [4125.45, 109.0], [4125.4, 11900.0], [4125.35, 295546.0], [4125.0, 6.0], [4124.85, 9362.0], [4124.7, 348.0], [4124.6, 67636.0], [4124.5, 23055.0], [4124.4, 50000.0], [4124.2, 9403.0], [4124.05, 8504.0], [4124.0, 9397.0], [4123.85, 1138.0], [4123.8, 1165.0], [4123.75, 9412.0], [4123.7, 813.0]], "asks": [[4126.0, 44424.0], [4126.05, 5000.0], [4126.4, 181440.0], [4126.45, 10000.0], [4126.5, 50000.0], [4126.55, 73055.0], [4126.85, 17778.0], [4126.9, 122846.0], [4127.0, 54.0], [4127.1, 4676.0], [4127.15, 27382.0], [4127.3, 1027.0], [4127.35, 20006.0], [4127.4, 9375.0], [4127.65, 9382.0], [4127.75, 8722.0], [4128.05, 9382.0], [4128.25, 8.0], [4128.35, 17886.0], [4128.5, 7.0]]}}}
{"jsonrpc": "2.0", "method": "subscription", "params": {"channel": "book.ETH-PERPETUAL.none.20.100ms", "data": {"timestamp": 1755634217833, "change_id": 82359558937, "instrument_name": "ETH-PERPETUAL", "bids": [[4125.9, 14421.0], [4125.8, 42.0], [4125.75, 3.0], [4125.4, 11900.0], [4125.35, 295546.0], [4125.2, 10800.0], [4125.0, 6.0], [4124.85, 9362.0], [4124.7, 348.0], [4124.6, 106836.0], [4124.55, 8707.0], [4124.5, 23055.0], [4124.2, 9403.0], [4124.05, 8504.0], [4124.0, 9397.0], [4123.85, 1138.0], [4123.8, 1165.0], [4123.75, 9412.0], [4123.7, 813.0], [4123.55, 120.0]], "asks": [[4125.95, 22424.0], [4126.0, 15000.0], [4126.4, 193440.0], [4126.45, 10000.0], [4126.5, 50000.0], [4126.55, 73055.0], [4126.85, 17778.0], [4126.9, 122846.0], [4127.0, 54.0], [4127.1, 4676.0], [4127.15, 27382.0], [4127.3, 1027.0], [4127.35, 20006.0], [4127.4, 9375.0], [4127.65, 9382.0], [4127.75, 8722.0], [4128.05, 9382.0], [4128.25, 8.0], [4128.35, 17886.0], [4128.5, 7.0]]}}}
{"jsonrpc": "2.0", "method": "subscription", "params": {"channel": "book.ETH-PERPETUAL.none.20.100ms", "data": {"timestamp": 1755634218152, "change_id": 82359559679, "instrument_name": "ETH-PERPETUAL", "bids": [[4125.9, 4896.0], [4125.8, 10042.0], [4125.75, 3.0], [4125.5, 114122.0], [4125.4, 11900.0], [4125.35, 181440.0], [4125.2, 10800.0], [4125.0, 6.0], [4124.85, 9362.0], [4124.7, 348.0], [4124.6, 56836.0], [4124.55, 8707.0], [4124.5, 23055.0], [4124.35, 50000.0], [4124.2, 9403.0], [4124.05, 8504.0], [4124.0, 9397.0], [4123.85, 1138.0], [4123.8, 1165.0], [4123.75, 9412.0]], "asks": [[4125.95, 34424.0], [4126.0, 15000.0], [4126.4, 181440.0], [4126.45, 60000.0], [4126.5, 67778.0], [4126.55, 23055.0], [4126.9, 122846.0], [4127.0, 54.0], [4127.05, 20006.0], [4127.1, 4676.0], [4127.15, 27382.0], [4127.3, 1027.0], [4127.4, 9375.0], [4127.65, 9382.0], [4127.75, 8722.0], [4128.05, 9382.0], [4128.25, 8.0], [4128.35, 17886.0], [4128.5, 7.0], [4128.75, 34382.0]]}}}
{"jsonrpc": "2.0", "method": "subscription", "params": {"channel": "book.ETH-PERPETUAL.none.20.100ms", "data": {"timestamp": 1755634218499, "change_id": 82359560065, "instrument_name": "ETH-PERPETUAL", "bids": [[4125.9, 4896.0], [4125.8, 42.0], [4125.75, 3.0], [4125.55, 114113.0], [4125.4, 11900.0], [4125.35, 181440.0], [4125.2, 10800.0], [4125.0, 6.0], [4124.85, 9362.0], [4124.7, 348.0], [4124.6, 56836.0], [4124.55, 8707.0], [4124.5, 73055.0], [4124.2, 9403.0], [4124.05, 8504.0], [4124.0, 9397.0], [4123.85, 1138.0], [4123.8, 1165.0], [4123.75, 9412.0], [4123.7, 813.0]], "asks": [[4125.95, 34424.0], [4126.0, 15000.0], [4126.4, 181440.0], [4126.45, 60000.0], [4126.5, 67778.0], [4126.55, 23055.0], [4126.9, 122846.0], [4127.0, 54.0], [4127.05, 20006.0], [4127.1, 4676.0], [4127.15, 27382.0], [4127.3, 1027.0], [4127.4, 9375.0], [4127.65, 9382.0], [4127.75, 8722.0], [4128.05, 9382.0], [4128.25, 8.0], [4128.35, 17886.0], [4128.5, 7.0], [4128.75, 34382.0]]}}}
{"jsonrpc": "2.0", "method": "subscription", "params": {"channel": "book.ETH-PERPETUAL.none.20.100ms", "data": {"timestamp": 1755634218805, "change_id": 82359560487, "instrument_name": "ETH-PERPETUAL", "bids": [[4125.9, 4920.0], [4125.8, 42.0], [4125.75, 3.0], [4125.55, 114113.0], [4125.4, 11900.0], [4125.35, 181440.0], [4125.2, 10800.0], [4125.0, 6.0], [4124.85, 9362.0], [4124.7, 348.0], [4124.6, 56836.0], [4124.55, 58707.0], [4124.5, 23055.0], [4124.2, 9403.0], [4124.05, 8504.0], [4124.0, 9397.0], [4123.85, 1138.0], [4123.8, 1165.0], [4123.75, 9412.0], [4123.7, 813.0]], "asks": [[4125.95, 34424.0], [4126.0, 15000.0], [4126.4, 181440.0], [4126.45, 60000.0], [4126.5, 50000.0], [4126.55, 23055.0], [4126.85, 17778.0], [4126.9, 122846.0], [4127.0, 54.0], [4127.1, 4676.0], [4127.15, 27382.0], [4127.3, 1027.0], [4127.35, 20006.0], [4127.4, 9375.0], [4127.65, 9382.0], [4127.75, 8722.0], [4128.05, 9382.0], [4128.25, 8.0], [4128.35, 17886.0], [4128.5, 7.0]]}}}
{"jsonrpc": "2.0", "method": "subscription", "params": {"channel": "book.ETH-PERPETUAL.none.20.100ms", "data": {"timestamp": 1755634219152, "change_id": 82359561198, "instrument_name": "ETH-PERPETUAL", "bids": [[4125.9, 16813.0], [4125.8, 42.0], [4125.75, 3.0], [4125.6, 11900.0], [4125.55, 114113.0], [4125.4, 11900.0], [4125.35, 181440.0], [4125.0, 6.0], [4124.85, 9362.0], [4124.75, 10800.0], [4124.7, 348.0], [4124.6, 56836.0], [4124.55, 8707.0], [4124.5, 73055.0], [4124.2, 9403.0], [4124.05, 8504.0], [4124.0, 9397.0], [4123.85, 1138.0], [4123.8, 1165.0], [4123.75, 9412.0]], "asks": [[4125.95, 34424.0], [4126.0, 5000.0], [4126.4, 181440.0], [4126.45, 60000.0], [4126.5, 50000.0], [4126.55, 23055.0], [4126.85, 17778.0], [4126.9, 122846.0], [4127.0, 54.0], [4127.1, 4676.0], [4127.15, 27382.0], [4127.3, 1027.0], [4127.35, 20006.0], [4127.4, 9375.0], [4127.65, 9382.0], [4127.75, 8722.0], [4128.05, 9382.0], [4128.25, 8.0], [4128.35, 17886.0], [4128.5, 7.0]]}}}
{"jsonrpc": "2.0", "method": "subscription", "params": {"channel": "book.ETH-PERPETUAL.none.20.100ms", "data": {"timestamp": 1755634219488, "change_id": 82359562105, "instrument_name": "ETH-PERPETUAL", "bids": [[4126.25, 2039.0], [4126.1, 11900.0], [4125.95, 125935.0], [4125.9, 632.0], [4125.8, 10800.0], [4125.75, 3.0], [4125.6, 11900.0], [4125.45, 8707.0], [4125.35, 181440.0], [4125.25, 50000.0], [4125.15, 9347.0], [4125.0, 8713.0], [4124.85, 9362.0], [4124.7, 2088.0], [4124.6, 56836.0], [4124.55, 8707.0], [4124.5, 23055.0], [4124.2, 9403.0], [4124.05, 58604.0], [4124.0, 9397.0]], "asks": [[4126.3, 22202.0], [4126.65, 181440.0], [4127.0, 50054.0], [4127.1, 73055.0], [4127.2, 114035.0], [4127.3, 17778.0], [4127.4, 9375.0], [4127.45, 182.0], [4127.5, 4658.0], [4127.65, 18089.0], [4127.75, 15.0], [4128.0, 32006.0], [4128.05, 9382.0], [4128.1, 40.0], [4128.25, 8.0], [4128.35, 17886.0], [4128.5, 7.0], [4128.55, 18000.0], [4128.75, 34382.0], [4129.0, 9397.0]]}}}
{"jsonrpc": "2.0", "method": "subscription", "params": {"channel": "book.ETH-PERPETUAL.none.20.100ms", "data": {"timestamp": 1755634219822, "change_id": 82359562819, "instrument_name": "ETH-PERPETUAL", "bids": [[4126.25, 1670.0], [4126.15, 61.0], [4125.95, 11900.0], [4125.9, 584.0], [4125.85, 181440.0], [4125.75, 3.0], [4125.6, 11900.0], [4125.2, 109.0], [4125.15, 9347.0], [4125.0, 6.0], [4124.85, 9362.0], [4124.7, 2088.0], [4124.6, 59403.0], [4124.55, 8707.0], [4124.5, 23055.0], [4124.2, 9403.0], [4124.1, 120.0], [4124.05, 58604.0], [4124.0, 9397.0], [4123.8, 5107.0]], "asks": [[4126.3, 27424.0], [4126.65, 181440.0], [4126.75, 8707.0], [4126.9, 12000.0], [4127.0, 50054.0], [4127.05, 17778.0], [4127.1, 23055.0], [4127.2, 122742.0], [4127.4, 9375.0], [4127.45, 20006.0], [4127.5, 54658.0], [4127.65, 36089.0], [4127.75, 15.0], [4128.05, 9382.0], [4128.1, 1027.0], [4128.25, 8.0], [4128.35, 17886.0], [4128.5, 7.0], [4128.75, 34382.0], [4129.0, 9397.0]]}}}
{"jsonrpc": "2.0", "method": "subscription", "params": {"channel": "book.ETH-PERPETUAL.none.20.100ms", "data": {"timestamp": 1755634220094, "change_id": 82359563593, "instrument_name": "ETH-PERPETUAL", "bids": [[4126.25, 12146.0], [4125.95, 11900.0], [4125.9, 9.0], [4125.85, 181440.0], [4125.75, 3.0], [4125.7, 114026.0], [4125.35, 10800.0], [4125.15, 9347.0], [4125.0, 6.0], [4124.9, 50000.0], [4124.85, 9362.0], [4124.7, 2088.0], [4124.6, 9403.0], [4124.55, 8707.0], [4124.5, 23055.0], [4124.2, 9403.0], [4124.15, 1138.0], [4124.1, 120.0], [4124.05, 58604.0], [4124.0, 9397.0]], "asks": [[4126.3, 32242.0], [4126.5, 23055.0], [4126.65, 181440.0], [4126.85, 182.0], [4126.9, 12000.0], [4126.95, 50000.0], [4127.0, 54.0], [4127.15, 17778.0], [4127.2, 122742.0], [4127.4, 9375.0], [4127.5, 54658.0], [4127.6, 20006.0], [4127.65, 36089.0], [4127.75, 15.0], [4128.05, 9382.0], [4128.1, 1027.0], [4128.25, 8.0], [4128.35, 17886.0], [4128.5, 7.0], [4128.75, 34382.0]]}}}
{"jsonrpc": "2.0", "method": "subscription", "params": {"channel": "book.ETH-PERPETUAL.none.20.100ms", "data": {"timestamp": 1755634220468, "change_id": 82359564000, "instrument_name": "ETH-PERPETUAL", "bids": [[4126.05, 14293.0], [4125.95, 11900.0], [4125.9, 9.0], [4125.85, 181440.0], [4125.75, 3.0], [4125.65, 109.0], [4125.25, 10800.0], [4125.15, 9347.0], [4125.0, 6.0], [4124.85, 9362.0], [4124.7, 2088.0], [4124.6, 9403.0], [4124.5, 73055.0], [4124.2, 9403.0], [4124.15, 1138.0], [4124.1, 120.0], [4124.05, 8504.0], [4124.0, 9397.0], [4123.9, 64229.0], [4123.8, 5107.0]], "asks": [[4126.1, 32424.0], [4126.5, 23055.0], [4126.65, 181440.0], [4126.75, 8707.0], [4126.8, 50000.0], [4126.9, 17778.0], [4127.0, 62054.0], [4127.2, 122742.0], [4127.3, 4656.0], [4127.4, 9375.0], [4127.45, 20006.0], [4127.5, 4658.0], [4127.65, 18089.0], [4127.75, 15.0], [4127.8, 18000.0], [4128.05, 9382.0], [4128.1, 1027.0], [4128.25, 8.0], [4128.35, 17886.0], [4128.5, 7.0]]}}}
{"jsonrpc": "2.0", "method": "subscription", "params": {"channel": "book.ETH-PERPETUAL.none.20.100ms", "data": {"timestamp": 1755634220808, "change_id": 82359564633, "instrument_name": "ETH-PERPETUAL", "bids": [[4126.15, 27330.0], [4125.95, 11900.0], [4125.9, 9.0], [4125.85, 181440.0], [4125.75, 3.0], [4125.65, 114009.0], [4125.55, 10800.0], [4125.15, 18054.0], [4125.0, 6.0], [4124.85, 59362.0], [4124.7, 10795.0], [4124.6, 9403.0], [4124.5, 23055.0], [4124.2, 9403.0], [4124.15, 1138.0], [4124.05, 58604.0], [4124.0, 9397.0], [4123.9, 64229.0], [4123.8, 5107.0], [4123.75, 9412.0]], "asks": [[4126.2, 1711.0], [4126.3, 10000.0], [4126.65, 181662.0], [4126.7, 23055.0], [4126.9, 50000.0], [4127.0, 50054.0], [4127.15, 29778.0], [4127.2, 114035.0], [4127.3, 4656.0], [4127.4, 9375.0], [4127.6, 20006.0], [4127.65, 9382.0], [4127.75, 15.0], [4127.8, 18000.0], [4128.05, 9382.0], [4128.1, 1027.0], [4128.25, 8.0], [4128.35, 17886.0], [4128.5, 7.0], [4128.75, 34382.0]]}}}
{"jsonrpc": "2.0", "method": "subscription", "params": {"channel": "book.ETH-PERPETUAL.none.20.100ms", "data": {"timestamp": 1755634221134, "change_id": 82359565838, "instrument_name": "ETH-PERPETUAL", "bids": [[4126.5, 15513.0], [4126.15, 61.0], [4126.05, 113994.0], [4125.95, 11900.0], [4125.9, 10809.0], [4125.85, 181440.0], [4125.75, 3.0], [4125.4, 9337.0], [4125.15, 18054.0], [4125.1, 50000.0], [4125.0, 6.0], [4124.95, 47437.0], [4124.85, 9362.0], [4124.7, 10795.0], [4124.6, 9403.0], [4124.5, 23055.0], [4124.2, 9403.0], [4124.15, 1285.0], [4124.05, 58604.0], [4124.0, 9397.0]], "asks": [[4126.55, 12311.0], [4127.0, 50054.0], [4127.05, 181440.0], [4127.15, 23055.0], [4127.25, 131772.0], [4127.3, 4656.0], [4127.35, 12182.0], [4127.4, 59375.0], [4127.65, 9382.0], [4127.75, 15.0], [4127.85, 20006.0], [4127.9, 8707.0], [4128.05, 9382.0], [4128.1, 1027.0], [4128.25, 8.0], [4128.35, 35886.0], [4128.5, 7.0], [4128.75, 34382.0], [4128.9, 40.0], [4129.0, 9397.0]]}}}
{"jsonrpc": "2.0", "method": "subscription", "params": {"channel": "book.ETH-PERPETUAL.none.20.100ms", "data": {"timestamp": 1755634221469, "change_id": 82359566147, "instrument_name": "ETH-PERPETUAL", "bids": [[4126.5, 16388.0], [4126.15, 61.0], [4126.05, 113994.0], [4125.95, 11900.0], [4125.9, 10809.0], [4125.85, 181440.0], [4125.75, 3.0], [4125.6, 8707.0], [4125.4, 9337.0], [4125.15, 18054.0], [4125.1, 50000.0], [4125.0, 6.0], [4124.95, 47437.0], [4124.85, 10500.0], [4124.7, 10795.0], [4124.6, 9403.0], [4124.5, 23055.0], [4124.2, 9403.0], [4124.15, 1285.0], [4124.05, 58604.0]], "asks": [[4126.55, 20531.0], [4127.0, 50054.0], [4127.05, 193440.0], [4127.15, 23055.0], [4127.25, 113994.0], [4127.3, 4656.0], [4127.35, 182.0], [4127.4, 59375.0], [4127.5, 17778.0], [4127.65, 9382.0], [4127.75, 15.0], [4127.85, 20006.0], [4127.9, 26707.0], [4128.05, 9382.0], [4128.1, 1027.0], [4128.25, 8.0], [4128.35, 17886.0], [4128.5, 7.0], [4128.75, 34382.0], [4129.0, 9397.0]]}}}
{"jsonrpc": "2.0", "method": "subscription", "params": {"channel": "book.ETH-PERPETUAL.none.20.100ms", "data": {"timestamp": 1755634221807, "change_id": 82359566690, "instrument_name": "ETH-PERPETUAL", "bids": [[4126.5, 22285.0], [4126.05, 113994.0], [4125.95, 11900.0], [4125.9, 10809.0], [4125.85, 181440.0], [4125.75, 3.0], [4125.6, 8707.0], [4125.4, 9337.0], [4125.15, 18054.0], [4125.1, 50000.0], [4125.0, 6.0], [4124.95, 47437.0], [4124.85, 10500.0], [4124.7, 10795.0], [4124.6, 9403.0], [4124.5, 23055.0], [4124.2, 9403.0], [4124.15, 1285.0], [4124.05, 58604.0], [4124.0, 9397.0]], "asks": [[4126.55, 10113.0], [4127.0, 50054.0], [4127.05, 193440.0], [4127.15, 23055.0], [4127.25, 113994.0], [4127.3, 4656.0], [4127.4, 59375.0], [4127.5, 17778.0], [4127.65, 9382.0], [4127.75, 15.0], [4127.9, 26707.0], [4128.0, 20006.0], [4128.05, 9382.0], [4128.1, 1027.0], [4128.25, 8.0], [4128.35, 17886.0], [4128.5, 7.0], [4128.75, 34382.0], [4129.0, 9397.0], [4129.05, 8504.0]]}}}
{"jsonrpc": "2.0", "method": "subscription", "params": {"channel": "book.ETH-PERPETUAL.none.20.100ms", "data": {"timestamp": 1755634222130, "change_id": 82359567426, "instrument_name": "ETH-PERPETUAL", "bids": [[4126.5, 5610.0], [4126.4, 10000.0], [4126.1, 11900.0], [4125.95, 12009.0], [4125.9, 9.0], [4125.85, 181440.0], [4125.75, 3.0], [4125.4, 18937.0], [4125.15, 18054.0], [4125.0, 6.0], [4124.95, 97437.0], [4124.85, 9362.0], [4124.7, 10795.0], [4124.6, 9403.0], [4124.5, 23055.0], [4124.35, 120.0], [4124.2, 9403.0], [4124.15, 1165.0], [4124.05, 58604.0], [4124.0, 9397.0]], "asks": [[4126.55, 12533.0], [4126.6, 15000.0], [4126.9, 10000.0], [4127.0, 50054.0], [4127.05, 193440.0], [4127.15, 23055.0], [4127.25, 113994.0], [4127.3, 4656.0], [4127.4, 59375.0], [4127.5, 17778.0], [4127.65, 9382.0], [4127.75, 15.0], [4127.85, 20006.0], [4127.9, 26707.0], [4128.05, 9382.0], [4128.1, 1027.0], [4128.25, 8.0], [4128.35, 17886.0], [4128.5, 7.0], [4128.75, 34382.0]]}}}
{"jsonrpc": "2.0", "method": "subscription", "params": {"channel": "book.ETH-PERPETUAL.none.20.100ms", "data": {"timestamp": 1755634222427, "change_id": 82359567661, "instrument_name": "ETH-PERPETUAL", "bids": [[4126.5, 4925.0], [4126.4, 10000.0], [4126.1, 125823.0], [4125.95, 12009.0], [4125.9, 9.0], [4125.85, 181440.0], [4125.75, 3.0], [4125.4, 18937.0], [4125.15, 18054.0], [4125.0, 6.0], [4124.95, 47437.0], [4124.85, 59362.0], [4124.7, 10795.0], [4124.6, 9403.0], [4124.5, 23055.0], [4124.35, 120.0], [4124.2, 9403.0], [4124.15, 1165.0], [4124.05, 58604.0], [4124.0, 9397.0]], "asks": [[4126.55, 24533.0], [4126.6, 15000.0], [4126.9, 10000.0], [4127.0, 50054.0], [4127.05, 181440.0], [4127.1, 17778.0], [4127.15, 23055.0], [4127.25, 163994.0], [4127.3, 4656.0], [4127.4, 9375.0], [4127.45, 18000.0], [4127.65, 9382.0], [4127.75, 15.0], [4127.85, 20006.0], [4127.9, 8707.0], [4128.05, 9382.0], [4128.1, 1027.0], [4128.25, 8.0], [4128.35, 17886.0], [4128.5, 7.0]]}}}
{"jsonrpc": "2.0", "method": "subscription", "params": {"channel": "book.ETH-PERPETUAL.none.20.100ms", "data": {"timestamp": 1755634222795, "change_id": 82359568486, "instrument_name": "ETH-PERPETUAL", "bids": [[4126.5, 4862.0], [4125.9, 9.0], [4125.75, 3.0], [4125.45, 181440.0], [4125.4, 9444.0], [4125.0, 6.0], [4124.85, 59362.0], [4124.75, 9600.0], [4124.7, 10580.0], [4124.6, 9403.0], [4124.5, 23055.0], [4124.35, 120.0], [4124.2, 9403.0], [4124.05, 8504.0], [4124.0, 9397.0], [4123.8, 5107.0], [4123.75, 9412.0], [4123.5, 9417.0], [4123.3, 4497.0], [4123.25, 59517.0]], "asks": [[4126.55, 24533.0], [4126.6, 15000.0], [4126.8, 50000.0], [4126.9, 10000.0], [4126.95, 17778.0], [4127.0, 58761.0], [4127.05, 181440.0], [4127.25, 113994.0], [4127.3, 4656.0], [4127.4, 9375.0], [4127.45, 26707.0], [4127.6, 20006.0], [4127.65, 9382.0], [4127.75, 15.0], [4127.9, 8707.0], [4128.05, 9382.0], [4128.1, 1027.0], [4128.25, 8.0], [4128.35, 17886.0], [4128.5, 1169.0]]}}}
{"jsonrpc": "2.0", "method": "subscription", "params": {"channel": "book.ETH-PERPETUAL.none.20.100ms", "data": {"timestamp": 1755634223124, "change_id": 82359569561, "instrument_name": "ETH-PERPETUAL", "bids": [[4125.95, 4300.0], [4125.9, 9.0], [4125.75, 3.0], [4125.55, 113928.0], [4125.45, 181440.0], [4125.4, 9335.0], [4125.35, 109.0], [4125.0, 6.0], [4124.85, 9362.0], [4124.75, 23055.0], [4124.7, 2088.0], [4124.6, 27495.0], [4124.35, 50120.0], [4124.2, 9403.0], [4124.05, 8504.0], [4124.0, 9397.0], [4123.8, 5107.0], [4123.75, 9412.0], [4123.55, 66024.0], [4123.5, 9417.0]], "asks": [[4126.0, 32424.0], [4126.05, 5000.0], [4126.5, 60000.0], [4126.55, 35055.0], [4126.8, 50000.0], [4126.95, 17778.0], [4127.0, 8761.0], [4127.05, 181440.0], [4127.1, 9328.0], [4127.25, 113994.0], [4127.3, 4656.0], [4127.4, 29381.0], [4127.45, 26707.0], [4127.65, 9382.0], [4127.75, 15.0], [4127.9, 8707.0], [4128.05, 9382.0], [4128.1, 1027.0], [4128.25, 8.0], [4128.35, 17886.0]]}}}
{"jsonrpc": "2.0", "method": "subscription", "params": {"channel": "book.ETH-PERPETUAL.none.20.100ms", "data": {"timestamp": 1755634223459, "change_id": 82359570592, "instrument_name": "ETH-PERPETUAL", "bids": [[4125.0, 439.0], [4124.8, 181440.0], [4124.7, 2088.0], [4124.35, 120.0], [4123.75, 9412.0], [4123.6, 50000.0], [4123.5, 9417.0], [4123.25, 59517.0], [4123.2, 8492.0], [4122.9, 9422.0], [4122.75, 8492.0], [4122.65, 9422.0], [4122.45, 59522.0], [4122.2, 9645.0], [4122.0, 23.0], [4121.85, 9645.0], [4121.8, 1240.0], [4121.75, 20787.0], [4121.7, 8471.0], [4121.65, 50100.0]], "asks": [[4125.05, 22202.0], [4125.8, 1711.0], [4125.85, 240.0], [4126.0, 27778.0], [4126.15, 9328.0], [4126.2, 50000.0], [4126.3, 25000.0], [4126.35, 181440.0], [4126.45, 8492.0], [4126.5, 163928.0], [4126.55, 44383.0], [4126.75, 20006.0], [4127.0, 26761.0], [4127.1, 9328.0], [4127.3, 4656.0], [4127.4, 9375.0], [4127.45, 8707.0], [4127.65, 9382.0], [4127.75, 15.0], [4127.9, 8707.0]]}}}
{"jsonrpc": "2.0", "method": "subscription", "params": {"channel": "book.ETH-PERPETUAL.none.20.100ms", "data": {"timestamp": 1755634223789, "change_id": 82359572123, "instrument_name": "ETH-PERPETUAL", "bids": [[4125.0, 11970.0], [4124.5, 113944.0], [4124.4, 181440.0], [4124.1, 8492.0], [4123.9, 59600.0], [4123.75, 32467.0], [4123.65, 8492.0], [4123.5, 9417.0], [4123.25, 59517.0], [4123.2, 8492.0], [4123.15, 2088.0], [4122.9, 9422.0], [4122.75, 8492.0], [4122.65, 9422.0], [4122.45, 59522.0], [4122.3, 8492.0], [4122.2, 9645.0], [4122.05, 4497.0], [4122.0, 23.0], [4121.85, 9645.0]], "asks": [[4125.05, 22202.0], [4125.8, 193680.0], [4125.85, 17778.0], [4125.9, 113908.0], [4126.0, 100000.0], [4126.25, 9328.0], [4126.3, 25000.0], [4126.35, 4645.0], [4126.5, 20006.0], [4126.55, 50383.0], [4126.85, 9328.0], [4127.0, 8761.0], [4127.1, 9328.0], [4127.4, 10402.0], [4127.45, 8707.0], [4127.65, 9382.0], [4127.75, 15.0], [4127.9, 8707.0], [4127.95, 1162.0], [4128.05, 9382.0]]}}}
{"jsonrpc": "2.0", "method": "subscription", "params": {"channel": "book.ETH-PERPETUAL.none.20.100ms", "data": {"timestamp": 1755634224118, "change_id": 82359573052, "instrument_name": "ETH-PERPETUAL", "bids": [[4125.0, 23380.0], [4124.8, 113939.0], [4124.55, 11900.0], [4124.5, 9600.0], [4124.4, 181440.0], [4124.1, 8492.0], [4123.9, 50000.0], [4123.8, 47423.0], [4123.75, 32467.0], [4123.65, 8492.0], [4123.5, 9417.0], [4123.4, 1137.0], [4123.25, 60682.0], [4123.2, 8492.0], [4123.15, 2088.0], [4122.95, 812.0], [4122.9, 9422.0], [4122.75, 8492.0], [4122.65, 9422.0], [4122.45, 59522.0]], "asks": [[4125.05, 20491.0], [4125.5, 12000.0], [4125.8, 181680.0], [4125.85, 10000.0], [4125.9, 113908.0], [4125.95, 67778.0], [4126.0, 50000.0], [4126.25, 9328.0], [4126.3, 25000.0], [4126.35, 4645.0], [4126.4, 8492.0], [4126.5, 20006.0], [4126.55, 50383.0], [4126.85, 9328.0], [4127.0, 8761.0], [4127.1, 9328.0], [4127.4, 10402.0], [4127.45, 8707.0], [4127.65, 9382.0], [4127.75, 15.0]]}}}
{"jsonrpc": "2.0", "method": "subscription", "params": {"channel": "book.ETH-PERPETUAL.none.20.100ms", "data": {"timestamp": 1755634224433, "change_id": 82359573358, "instrument_name": "ETH-PERPETUAL", "bids": [[4125.0, 34100.0], [4124.75, 113917.0], [4124.55, 11900.0], [4124.5, 9600.0], [4124.4, 181440.0], [4124.1, 8492.0], [4123.9, 50000.0], [4123.8, 47423.0], [4123.75, 32467.0], [4123.65, 8492.0], [4123.5, 9417.0], [4123.4, 1137.0], [4123.25, 60682.0], [4123.2, 8492.0], [4123.15, 3248.0], [4122.95, 812.0], [4122.9, 9422.0], [4122.85, 65740.0], [4122.75, 8492.0], [4122.65, 9422.0]], "asks": [[4125.05, 20491.0], [4125.5, 12000.0], [4125.8, 181680.0], [4125.9, 113908.0], [4125.95, 50000.0], [4126.0, 50000.0], [4126.2, 17778.0], [4126.25, 9328.0], [4126.3, 25000.0], [4126.35, 4645.0], [4126.55, 50383.0], [4126.8, 20006.0], [4126.85, 9328.0], [4127.0, 8761.0], [4127.1, 9328.0], [4127.4, 10402.0], [4127.45, 8707.0], [4127.65, 9382.0], [4127.75, 15.0], [4127.9, 8707.0]]}}}
