{"jsonrpc": "2.0", "id": 1, "result": ["book.ETH-PERPETUAL.none.20.100ms"], "usIn": 1771411716489125, "usOut": 1771411716489368, "usDiff": 243, "testnet": false}
{"jsonrpc": "2.0", "method": "subscription", "params": {"channel": "book.ETH-PERPETUAL.none.20.100ms", "data": {"timestamp": 1771411716473, "change_id": 109870484609, "instrument_name": "ETH-PERPETUAL", "bids": [[1998.25, 6647.0], [1998.15, 2000.0], [1998.05, 4100.0], [1998.0, 2288.0], [1997.95, 209.0], [1997.8, 1456.0], [1997.75, 2000.0], [1997.7, 4427.0], [1997.65, 2000.0], [1997.6, 36018.0], [1997.55, 4489.0], [1997.5, 100000.0], [1997.4, 2489.0], [1997.25, 2489.0], [1997.2, 1066.0], [1997.15, 2489.0], [1997.1, 8392.0], [1997.05, 30290.0], [1997.0, 3361.0], [1996.95, 9493.0]], "asks": [[1998.3, 4909.0], [1998.35, 2000.0], [1998.4, 3188.0], [1998.45, 6005.0], [1998.5, 11209.0], [1998.55, 5800.0], [1998.6, 9289.0], [1998.65, 4469.0], [1998.7, 27778.0], [1998.75, 6276.0], [1998.8, 19145.0], [1998.85, 4576.0], [1998.9, 2180.0], [1998.95, 2826.0], [1999.0, 4476.0], [1999.05, 3001.0], [1999.1, 967.0], [1999.15, 4476.0], [1999.2, 1338.0], [1999.25, 8316.0]]}}}
{"jsonrpc": "2.0", "method": "subscription", "params": {"channel": "book.ETH-PERPETUAL.none.20.100ms", "data": {"timestamp": 1771411716809, "change_id": 109870485179, "instrument_name": "ETH-PERPETUAL", "bids": [[1998.25, 2048.0], [1998.15, 2000.0], [1998.05, 100.0], [1998.0, 2288.0], [1997.8, 409.0], [1997.75, 3000.0], [1997.7, 5468.0], [1997.65, 6000.0], [1997.6, 33019.0], [1997.55, 4489.0], [1997.5, 100000.0], [1997.4, 2489.0], [1997.3, 2999.0], [1997.25, 2489.0], [1997.2, 1066.0], [1997.15, 2489.0], [1997.1, 8392.0], [1997.05, 22493.0], [1997.0, 3361.0], [1996.95, 4493.0]], "asks": [[1998.3, 9254.0], [1998.35, 2000.0], [1998.4, 13348.0], [1998.45, 25805.0], [1998.5, 24988.0], [1998.55, 5800.0], [1998.6, 3511.0], [1998.65, 4469.0], [1998.7, 2466.0], [1998.75, 6276.0], [1998.8, 3580.0], [1998.85, 7577.0], [1998.9, 7180.0], [1998.95, 2826.0], [1999.0, 4476.0], [1999.1, 967.0], [1999.15, 4476.0], [1999.2, 1338.0], [1999.25, 3316.0], [1999.3, 3338.0]]}}}
{"jsonrpc": "2.0", "method": "subscription", "params": {"channel": "book.ETH-PERPETUAL.none.20.100ms", "data": {"timestamp": 1771411717143, "change_id": 109870485715, "instrument_name": "ETH-PERPETUAL", "bids": [[1998.05, 100.0], [1998.0, 4060.0], [1997.85, 1000.0], [1997.8, 200.0], [1997.75, 2000.0], [1997.7, 5468.0], [1997.65, 6209.0], [1997.6, 33019.0], [1997.55, 4489.0], [1997.5, 100000.0], [1997.45, 2999.0], [1997.4, 2489.0], [1997.25, 2489.0], [1997.2, 1066.0], [1997.15, 2489.0], [1997.1, 8392.0], [1997.05, 29790.0], [1997.0, 3361.0], [1996.95, 4493.0], [1996.9, 3341.0]], "asks": [[1998.1, 10333.0], [1998.25, 1237.0], [1998.3, 3940.0], [1998.35, 2000.0], [1998.4, 9160.0], [1998.45, 25805.0], [1998.5, 14052.0], [1998.55, 23579.0], [1998.6, 11347.0], [1998.65, 4469.0], [1998.7, 4393.0], [1998.75, 2476.0], [1998.8, 3580.0], [1998.85, 7577.0], [1998.9, 7180.0], [1998.95, 2826.0], [1999.0, 4476.0], [1999.1, 967.0], [1999.15, 4476.0], [1999.2, 1338.0]]}}}
{"jsonrpc": "2.0", "method": "subscription", "params": {"channel": "book.ETH-PERPETUAL.none.20.100ms", "data": {"timestamp": 1771411717473, "change_id": 109870486156, "instrument_name": "ETH-PERPETUAL", "bids": [[1998.05, 100.0], [1998.0, 2060.0], [1997.8, 200.0], [1997.75, 2000.0], [1997.7, 4427.0], [1997.65, 2209.0], [1997.6, 34019.0], [1997.55, 4489.0], [1997.5, 100000.0], [1997.45, 6999.0], [1997.4, 2489.0], [1997.25, 2489.0], [1997.2, 1066.0], [1997.15, 2489.0], [1997.1, 8392.0], [1997.05, 29790.0], [1997.0, 3361.0], [1996.95, 4493.0], [1996.9, 3341.0], [1996.85, 2493.0]], "asks": [[1998.1, 10503.0], [1998.15, 2000.0], [1998.25, 1237.0], [1998.3, 3800.0], [1998.35, 2000.0], [1998.4, 9160.0], [1998.45, 25805.0], [1998.5, 14052.0], [1998.55, 23579.0], [1998.6, 11347.0], [1998.65, 4469.0], [1998.7, 4393.0], [1998.75, 2476.0], [1998.8, 3580.0], [1998.85, 7577.0], [1998.9, 7180.0], [1998.95, 2826.0], [1999.0, 4476.0], [1999.1, 967.0], [1999.15, 4476.0]]}}}
{"jsonrpc": "2.0", "method": "subscription", "params": {"channel": "book.ETH-PERPETUAL.none.20.100ms", "data": {"timestamp": 1771411717750, "change_id": 109870486811, "instrument_name": "ETH-PERPETUAL", "bids": [[1998.05, 100.0], [1998.0, 60.0], [1997.8, 200.0], [1997.75, 2000.0], [1997.7, 3000.0], [1997.65, 2000.0], [1997.6, 6000.0], [1997.55, 29520.0], [1997.5, 100209.0], [1997.45, 1111.0], [1997.4, 3721.0], [1997.3, 1638.0], [1997.25, 2489.0], [1997.2, 4065.0], [1997.15, 2489.0], [1997.1, 8392.0], [1997.05, 29790.0], [1997.0, 3361.0], [1996.95, 4493.0], [1996.9, 3341.0]], "asks": [[1998.1, 21620.0], [1998.15, 2000.0], [1998.2, 1134.0], [1998.3, 14836.0], [1998.35, 22005.0], [1998.4, 20967.0], [1998.45, 5800.0], [1998.5, 8186.0], [1998.55, 5800.0], [1998.6, 11347.0], [1998.65, 4469.0], [1998.7, 9626.0], [1998.75, 2476.0], [1998.8, 6366.0], [1998.85, 4576.0], [1998.9, 2180.0], [1998.95, 2826.0], [1999.0, 4476.0], [1999.1, 967.0], [1999.15, 4476.0]]}}}
{"jsonrpc": "2.0", "method": "subscription", "params": {"channel": "book.ETH-PERPETUAL.none.20.100ms", "data": {"timestamp": 1771411718104, "change_id": 109870487280, "instrument_name": "ETH-PERPETUAL", "bids": [[1998.05, 100.0], [1998.0, 60.0], [1997.8, 200.0], [1997.75, 2000.0], [1997.7, 3000.0], [1997.65, 2000.0], [1997.6, 6000.0], [1997.55, 29520.0], [1997.5, 100209.0], [1997.45, 1111.0], [1997.4, 3721.0], [1997.25, 5488.0], [1997.2, 1066.0], [1997.15, 2489.0], [1997.1, 8392.0], [1997.05, 29790.0], [1997.0, 3361.0], [1996.95, 4493.0], [1996.9, 3341.0], [1996.85, 2493.0]], "asks": [[1998.1, 25420.0], [1998.15, 2000.0], [1998.2, 1134.0], [1998.3, 14836.0], [1998.35, 22005.0], [1998.4, 24767.0], [1998.45, 5800.0], [1998.5, 1194.0], [1998.55, 2000.0], [1998.6, 4452.0], [1998.65, 7470.0], [1998.7, 2825.0], [1998.75, 2476.0], [1998.8, 6366.0], [1998.85, 4576.0], [1998.9, 2180.0], [1998.95, 2826.0], [1999.0, 4476.0], [1999.1, 967.0], [1999.15, 4476.0]]}}}
{"jsonrpc": "2.0", "method": "subscription", "params": {"channel": "book.ETH-PERPETUAL.none.20.100ms", "data": {"timestamp": 1771411718452, "change_id": 109870487673, "instrument_name": "ETH-PERPETUAL", "bids": [[1998.0, 60.0], [1997.8, 200.0], [1997.75, 2000.0], [1997.7, 3000.0], [1997.65, 2000.0], [1997.6, 6000.0], [1997.55, 29520.0], [1997.5, 100209.0], [1997.45, 1111.0], [1997.4, 3721.0], [1997.25, 5488.0], [1997.2, 1066.0], [1997.15, 2489.0], [1997.1, 8392.0], [1997.05, 22493.0], [1997.0, 3361.0], [1996.95, 4493.0], [1996.9, 3341.0], [1996.85, 2493.0], [1996.8, 2000.0]], "asks": [[1998.05, 29675.0], [1998.1, 4881.0], [1998.15, 2000.0], [1998.2, 1134.0], [1998.3, 15970.0], [1998.35, 22005.0], [1998.4, 27483.0], [1998.45, 5800.0], [1998.5, 1194.0], [1998.55, 2000.0], [1998.6, 5976.0], [1998.65, 5001.0], [1998.7, 2825.0], [1998.75, 2476.0], [1998.8, 6366.0], [1998.85, 4576.0], [1998.9, 2180.0], [1998.95, 2826.0], [1999.0, 4476.0], [1999.1, 967.0]]}}}
{"jsonrpc": "2.0", "method": "subscription", "params": {"channel": "book.ETH-PERPETUAL.none.20.100ms", "data": {"timestamp": 1771411718718, "change_id": 109870488033, "instrument_name": "ETH-PERPETUAL", "bids": [[1998.0, 60.0], [1997.8, 200.0], [1997.75, 2000.0], [1997.7, 3000.0], [1997.65, 2000.0], [1997.6, 6000.0], [1997.55, 29520.0], [1997.5, 100209.0], [1997.45, 1111.0], [1997.4, 3721.0], [1997.3, 1638.0], [1997.25, 5488.0], [1997.2, 1066.0], [1997.15, 2489.0], [1997.1, 8392.0], [1997.05, 22493.0], [1997.0, 3361.0], [1996.95, 4493.0], [1996.9, 3341.0], [1996.85, 2493.0]], "asks": [[1998.05, 29675.0], [1998.1, 4881.0], [1998.15, 2000.0], [1998.2, 6961.0], [1998.25, 20005.0], [1998.3, 10368.0], [1998.35, 5800.0], [1998.4, 27483.0], [1998.45, 2000.0], [1998.5, 1194.0], [1998.55, 2000.0], [1998.6, 5976.0], [1998.65, 5001.0], [1998.7, 2825.0], [1998.75, 2476.0], [1998.8, 6366.0], [1998.85, 4576.0], [1998.9, 2180.0], [1998.95, 2826.0], [1999.0, 4476.0]]}}}
{"jsonrpc": "2.0", "method": "subscription", "params": {"channel": "book.ETH-PERPETUAL.none.20.100ms", "data": {"timestamp": 1771411719109, "change_id": 109870488496, "instrument_name": "ETH-PERPETUAL", "bids": [[1998.0, 60.0], [1997.8, 200.0], [1997.75, 2000.0], [1997.7, 3000.0], [1997.65, 2000.0], [1997.6, 6000.0], [1997.55, 29520.0], [1997.5, 100209.0], [1997.45, 1111.0], [1997.4, 3721.0], [1997.3, 1638.0], [1997.25, 5488.0], [1997.2, 1066.0], [1997.15, 2489.0], [1997.1, 8392.0], [1997.05, 22493.0], [1997.0, 3361.0], [1996.95, 4493.0], [1996.9, 3341.0], [1996.85, 2493.0]], "asks": [[1998.05, 29675.0], [1998.1, 4881.0], [1998.15, 2000.0], [1998.2, 12413.0], [1998.25, 20005.0], [1998.3, 24121.0], [1998.35, 5800.0], [1998.4, 4447.0], [1998.45, 5800.0], [1998.5, 3270.0], [1998.55, 2000.0], [1998.6, 10976.0], [1998.65, 5001.0], [1998.7, 593.0], [1998.75, 2476.0], [1998.8, 1366.0], [1998.85, 4576.0], [1998.9, 2180.0], [1998.95, 2826.0], [1999.0, 4476.0]]}}}
{"jsonrpc": "2.0", "method": "subscription", "params": {"channel": "book.ETH-PERPETUAL.none.20.100ms", "data": {"timestamp": 1771411719432, "change_id": 109870488804, "instrument_name": "ETH-PERPETUAL", "bids": [[1998.0, 61.0], [1997.8, 200.0], [1997.75, 2000.0], [1997.7, 3000.0], [1997.65, 2000.0], [1997.6, 6000.0], [1997.55, 29520.0], [1997.5, 100209.0], [1997.45, 1111.0], [1997.4, 3721.0], [1997.35, 895.0], [1997.3, 2999.0], [1997.25, 2489.0], [1997.2, 1066.0], [1997.15, 2489.0], [1997.1, 8392.0], [1997.05, 22493.0], [1997.0, 3361.0], [1996.95, 4493.0], [1996.9, 3341.0]], "asks": [[1998.05, 29675.0], [1998.1, 4881.0], [1998.15, 2000.0], [1998.2, 7106.0], [1998.25, 20005.0], [1998.3, 11324.0], [1998.35, 23579.0], [1998.4, 4447.0], [1998.45, 5800.0], [1998.5, 1194.0], [1998.55, 2000.0], [1998.6, 5976.0], [1998.65, 2000.0], [1998.7, 3594.0], [1998.75, 7476.0], [1998.8, 1366.0], [1998.85, 4576.0], [1998.9, 2180.0], [1998.95, 2826.0], [1999.0, 4476.0]]}}}
{"jsonrpc": "2.0", "method": "subscription", "params": {"channel": "book.ETH-PERPETUAL.none.20.100ms", "data": {"timestamp": 1771411719661, "change_id": 109870489096, "instrument_name": "ETH-PERPETUAL", "bids": [[1998.0, 61.0], [1997.8, 200.0], [1997.75, 2000.0], [1997.7, 3000.0], [1997.65, 2000.0], [1997.6, 6000.0], [1997.55, 29520.0], [1997.5, 100209.0], [1997.45, 1111.0], [1997.4, 3721.0], [1997.3, 1638.0], [1997.25, 5488.0], [1997.2, 1066.0], [1997.15, 2489.0], [1997.1, 8392.0], [1997.05, 22493.0], [1997.0, 3361.0], [1996.95, 4493.0], [1996.9, 3341.0], [1996.85, 2493.0]], "asks": [[1998.05, 29675.0], [1998.1, 4881.0], [1998.15, 2000.0], [1998.2, 7106.0], [1998.25, 20005.0], [1998.3, 11324.0], [1998.35, 23579.0], [1998.4, 4447.0], [1998.45, 5800.0], [1998.5, 1194.0], [1998.55, 2000.0], [1998.6, 5976.0], [1998.65, 5001.0], [1998.7, 2825.0], [1998.75, 7476.0], [1998.8, 1366.0], [1998.85, 4576.0], [1998.9, 2180.0], [1998.95, 2826.0], [1999.0, 4476.0]]}}}
{"jsonrpc": "2.0", "method": "subscription", "params": {"channel": "book.ETH-PERPETUAL.none.20.100ms", "data": {"timestamp": 1771411720117, "change_id": 109870489525, "instrument_name": "ETH-PERPETUAL", "bids": [[1998.0, 2885.0], [1997.8, 200.0], [1997.75, 2000.0], [1997.7, 3000.0], [1997.65, 2000.0], [1997.6, 6000.0], [1997.55, 29520.0], [1997.5, 101320.0], [1997.45, 1233.0], [1997.4, 2489.0], [1997.25, 5488.0], [1997.2, 1066.0], [1997.15, 2489.0], [1997.1, 8392.0], [1997.05, 22493.0], [1997.0, 3361.0], [1996.95, 4493.0], [1996.9, 3341.0], [1996.85, 2493.0], [1996.8, 2000.0]], "asks": [[1998.05, 29675.0], [1998.1, 4881.0], [1998.15, 2000.0], [1998.2, 7106.0], [1998.25, 20005.0], [1998.3, 11324.0], [1998.35, 23579.0], [1998.4, 6516.0], [1998.45, 2000.0], [1998.5, 1194.0], [1998.55, 2000.0], [1998.6, 5976.0], [1998.65, 5001.0], [1998.7, 2825.0], [1998.75, 7476.0], [1998.8, 1366.0], [1998.85, 4576.0], [1998.9, 2180.0], [1998.95, 2826.0], [1999.0, 4476.0]]}}}
{"jsonrpc": "2.0", "method": "subscription", "params": {"channel": "book.ETH-PERPETUAL.none.20.100ms", "data": {"timestamp": 1771411720341, "change_id": 109870489830, "instrument_name": "ETH-PERPETUAL", "bids": [[1998.0, 2885.0], [1997.8, 200.0], [1997.75, 2000.0], [1997.7, 3000.0], [1997.65, 2000.0], [1997.6, 6000.0], [1997.55, 29520.0], [1997.5, 101320.0], [1997.45, 1233.0], [1997.4, 2489.0], [1997.25, 2489.0], [1997.2, 4065.0], [1997.15, 2489.0], [1997.1, 8392.0], [1997.05, 22493.0], [1997.0, 3361.0], [1996.95, 4493.0], [1996.9, 3341.0], [1996.85, 2493.0], [1996.8, 2000.0]], "asks": [[1998.05, 29675.0], [1998.1, 4881.0], [1998.15, 2000.0], [1998.2, 7106.0], [1998.3, 31329.0], [1998.35, 23579.0], [1998.4, 6516.0], [1998.45, 2000.0], [1998.5, 2673.0], [1998.55, 2000.0], [1998.6, 7466.0], [1998.65, 2000.0], [1998.7, 2825.0], [1998.75, 7476.0], [1998.8, 1366.0], [1998.85, 4576.0], [1998.9, 2180.0], [1998.95, 2826.0], [1999.0, 4476.0], [1999.1, 16137.0]]}}}
{"jsonrpc": "2.0", "method": "subscription", "params": {"channel": "book.ETH-PERPETUAL.none.20.100ms", "data": {"timestamp": 1771411720768, "change_id": 109870490212, "instrument_name": "ETH-PERPETUAL", "bids": [[1998.0, 2885.0], [1997.8, 200.0], [1997.75, 2000.0], [1997.7, 3000.0], [1997.65, 2000.0], [1997.6, 6000.0], [1997.55, 29520.0], [1997.5, 101320.0], [1997.45, 1233.0], [1997.4, 2489.0], [1997.3, 1638.0], [1997.25, 5488.0], [1997.2, 1066.0], [1997.15, 2489.0], [1997.1, 8392.0], [1997.05, 22493.0], [1997.0, 3361.0], [1996.95, 4493.0], [1996.9, 3341.0], [1996.85, 2493.0]], "asks": [[1998.05, 29675.0], [1998.1, 4881.0], [1998.15, 2000.0], [1998.2, 7106.0], [1998.3, 31329.0], [1998.35, 23579.0], [1998.4, 6516.0], [1998.45, 2000.0], [1998.5, 2673.0], [1998.55, 2000.0], [1998.6, 7466.0], [1998.65, 2000.0], [1998.7, 2825.0], [1998.75, 7476.0], [1998.8, 1366.0], [1998.85, 4576.0], [1998.9, 2180.0], [1998.95, 2826.0], [1999.0, 4476.0], [1999.1, 16137.0]]}}}
{"jsonrpc": "2.0", "method": "subscription", "params": {"channel": "book.ETH-PERPETUAL.none.20.100ms", "data": {"timestamp": 1771411721069, "change_id": 109870490609, "instrument_name": "ETH-PERPETUAL", "bids": [[1998.0, 885.0], [1997.8, 200.0], [1997.75, 2000.0], [1997.7, 3000.0], [1997.65, 2000.0], [1997.6, 6000.0], [1997.55, 29520.0], [1997.5, 101320.0], [1997.45, 1233.0], [1997.4, 2489.0], [1997.25, 5488.0], [1997.2, 1066.0], [1997.15, 2489.0], [1997.1, 8392.0], [1997.05, 22493.0], [1997.0, 3361.0], [1996.95, 4493.0], [1996.9, 3341.0], [1996.85, 2493.0], [1996.8, 2000.0]], "asks": [[1998.05, 29675.0], [1998.1, 4881.0], [1998.15, 2000.0], [1998.2, 7106.0], [1998.3, 31329.0], [1998.35, 23579.0], [1998.4, 8247.0], [1998.45, 5800.0], [1998.5, 2673.0], [1998.55, 2000.0], [1998.6, 7466.0], [1998.65, 2000.0], [1998.7, 2825.0], [1998.75, 7476.0], [1998.8, 1366.0], [1998.85, 4576.0], [1998.9, 2180.0], [1998.95, 2826.0], [1999.0, 4476.0], [1999.1, 16137.0]]}}}
{"jsonrpc": "2.0", "method": "subscription", "params": {"channel": "book.ETH-PERPETUAL.none.20.100ms", "data": {"timestamp": 1771411721280, "change_id": 109870490779, "instrument_name": "ETH-PERPETUAL", "bids": [[1998.0, 885.0], [1997.8, 200.0], [1997.75, 2000.0], [1997.7, 3000.0], [1997.65, 2000.0], [1997.6, 6000.0], [1997.55, 29520.0], [1997.5, 101320.0], [1997.45, 1233.0], [1997.4, 2489.0], [1997.25, 5488.0], [1997.2, 1066.0], [1997.15, 2489.0], [1997.1, 8392.0], [1997.05, 22493.0], [1997.0, 3361.0], [1996.95, 4493.0], [1996.9, 3341.0], [1996.85, 2493.0], [1996.8, 2000.0]], "asks": [[1998.05, 29675.0], [1998.1, 4881.0], [1998.15, 2000.0], [1998.2, 7106.0], [1998.3, 31329.0], [1998.35, 23579.0], [1998.4, 6516.0], [1998.45, 2000.0], [1998.5, 2673.0], [1998.55, 2000.0], [1998.6, 7466.0], [1998.65, 2000.0], [1998.7, 593.0], [1998.75, 2476.0], [1998.8, 1366.0], [1998.85, 9576.0], [1998.9, 2180.0], [1998.95, 2826.0], [1999.0, 4476.0], [1999.1, 16137.0]]}}}
{"jsonrpc": "2.0", "method": "subscription", "params": {"channel": "book.ETH-PERPETUAL.none.20.100ms", "data": {"timestamp": 1771411721745, "change_id": 109870491226, "instrument_name": "ETH-PERPETUAL", "bids": [[1998.0, 885.0], [1997.8, 200.0], [1997.75, 2000.0], [1997.7, 3000.0], [1997.65, 2000.0], [1997.6, 6000.0], [1997.55, 29520.0], [1997.5, 101320.0], [1997.45, 1233.0], [1997.4, 2489.0], [1997.3, 1638.0], [1997.25, 5488.0], [1997.2, 1066.0], [1997.15, 2489.0], [1997.1, 8392.0], [1997.05, 22493.0], [1997.0, 3361.0], [1996.95, 4493.0], [1996.9, 3341.0], [1996.85, 2493.0]], "asks": [[1998.05, 29675.0], [1998.1, 4881.0], [1998.15, 2000.0], [1998.2, 7106.0], [1998.3, 31328.0], [1998.35, 5800.0], [1998.4, 24295.0], [1998.45, 2000.0], [1998.5, 1194.0], [1998.55, 2000.0], [1998.6, 4465.0], [1998.65, 5001.0], [1998.7, 593.0], [1998.75, 2476.0], [1998.8, 2684.0], [1998.85, 9576.0], [1998.9, 2180.0], [1998.95, 2826.0], [1999.0, 4476.0], [1999.1, 967.0]]}}}
{"jsonrpc": "2.0", "method": "subscription", "params": {"channel": "book.ETH-PERPETUAL.none.20.100ms", "data": {"timestamp": 1771411722048, "change_id": 109870491487, "instrument_name": "ETH-PERPETUAL", "bids": [[1998.0, 885.0], [1997.8, 200.0], [1997.75, 2000.0], [1997.7, 3000.0], [1997.65, 2000.0], [1997.6, 6000.0], [1997.55, 29520.0], [1997.5, 101320.0], [1997.45, 1233.0], [1997.4, 2489.0], [1997.3, 1638.0], [1997.25, 2489.0], [1997.2, 4065.0], [1997.15, 2489.0], [1997.1, 8392.0], [1997.05, 22493.0], [1997.0, 3361.0], [1996.95, 4493.0], [1996.9, 3341.0], [1996.85, 2493.0]], "asks": [[1998.05, 29856.0], [1998.1, 4881.0], [1998.15, 2000.0], [1998.2, 7106.0], [1998.25, 20004.0], [1998.3, 11324.0], [1998.35, 5800.0], [1998.4, 26026.0], [1998.45, 2000.0], [1998.5, 6473.0], [1998.55, 2000.0], [1998.6, 7466.0], [1998.65, 2000.0], [1998.7, 593.0], [1998.75, 2476.0], [1998.8, 2684.0], [1998.85, 9576.0], [1998.9, 2180.0], [1998.95, 2826.0], [1999.0, 4476.0]]}}}
{"jsonrpc": "2.0", "method": "subscription", "params": {"channel": "book.ETH-PERPETUAL.none.20.100ms", "data": {"timestamp": 1771411722340, "change_id": 109870491864, "instrument_name": "ETH-PERPETUAL", "bids": [[1998.0, 885.0], [1997.8, 200.0], [1997.75, 2000.0], [1997.7, 3000.0], [1997.65, 2000.0], [1997.6, 6000.0], [1997.55, 29520.0], [1997.5, 101320.0], [1997.45, 1233.0], [1997.4, 2489.0], [1997.3, 1638.0], [1997.25, 2489.0], [1997.2, 4065.0], [1997.15, 2489.0], [1997.1, 8392.0], [1997.05, 22493.0], [1997.0, 3361.0], [1996.95, 4493.0], [1996.9, 3341.0], [1996.85, 2493.0]], "asks": [[1998.05, 29856.0], [1998.1, 4881.0], [1998.15, 2000.0], [1998.2, 11504.0], [1998.25, 37783.0], [1998.3, 6342.0], [1998.35, 5800.0], [1998.4, 8247.0], [1998.45, 2000.0], [1998.5, 6473.0], [1998.55, 5001.0], [1998.6, 4465.0], [1998.65, 2000.0], [1998.7, 593.0], [1998.75, 2476.0], [1998.8, 2684.0], [1998.85, 9576.0], [1998.9, 2180.0], [1998.95, 2826.0], [1999.0, 4476.0]]}}}
{"jsonrpc": "2.0", "method": "subscription", "params": {"channel": "book.ETH-PERPETUAL.none.20.100ms", "data": {"timestamp": 1771411722723, "change_id": 109870492229, "instrument_name": "ETH-PERPETUAL", "bids": [[1998.0, 885.0], [1997.8, 200.0], [1997.75, 2000.0], [1997.7, 3000.0], [1997.65, 2000.0], [1997.6, 6000.0], [1997.55, 29520.0], [1997.5, 101320.0], [1997.45, 1233.0], [1997.4, 2489.0], [1997.3, 1638.0], [1997.25, 2489.0], [1997.2, 4065.0], [1997.15, 2489.0], [1997.1, 8392.0], [1997.05, 22493.0], [1997.0, 3361.0], [1996.95, 4493.0], [1996.9, 3341.0], [1996.85, 2493.0]], "asks": [[1998.05, 29675.0], [1998.1, 5777.0], [1998.15, 3000.0], [1998.2, 7106.0], [1998.3, 32462.0], [1998.35, 23579.0], [1998.4, 8247.0], [1998.45, 2000.0], [1998.5, 6473.0], [1998.55, 2000.0], [1998.6, 7466.0], [1998.65, 2000.0], [1998.7, 593.0], [1998.75, 2476.0], [1998.8, 2684.0], [1998.85, 9576.0], [1998.9, 3015.0], [1998.95, 2826.0], [1999.0, 4476.0], [1999.1, 967.0]]}}}
{"jsonrpc": "2.0", "method": "subscription", "params": {"channel": "book.ETH-PERPETUAL.none.20.100ms", "data": {"timestamp": 1771411722952, "change_id": 109870492333, "instrument_name": "ETH-PERPETUAL", "bids": [[1998.0, 885.0], [1997.8, 200.0], [1997.75, 2000.0], [1997.7, 3000.0], [1997.65, 2000.0], [1997.6, 6000.0], [1997.55, 29520.0], [1997.5, 101320.0], [1997.45, 1233.0], [1997.4, 2489.0], [1997.3, 1638.0], [1997.25, 2489.0], [1997.2, 4065.0], [1997.15, 2489.0], [1997.1, 8392.0], [1997.05, 22493.0], [1997.0, 3361.0], [1996.95, 4493.0], [1996.9, 3341.0], [1996.85, 2493.0]], "asks": [[1998.05, 29856.0], [1998.1, 4881.0], [1998.15, 2000.0], [1998.2, 7106.0], [1998.25, 20004.0], [1998.3, 12458.0], [1998.35, 23579.0], [1998.4, 2716.0], [1998.45, 2000.0], [1998.5, 2673.0], [1998.55, 2000.0], [1998.6, 7466.0], [1998.65, 2000.0], [1998.7, 593.0], [1998.75, 2476.0], [1998.8, 2684.0], [1998.85, 9576.0], [1998.9, 2180.0], [1998.95, 2826.0], [1999.0, 4476.0]]}}}
{"jsonrpc": "2.0", "method": "subscription", "params": {"channel": "book.ETH-PERPETUAL.none.20.100ms", "data": {"timestamp": 1771411723423, "change_id": 109870493063, "instrument_name": "ETH-PERPETUAL", "bids": [[1998.0, 2885.0], [1997.8, 200.0], [1997.75, 2000.0], [1997.7, 2000.0], [1997.65, 2000.0], [1997.6, 2000.0], [1997.55, 3000.0], [1997.5, 101320.0], [1997.45, 1233.0], [1997.4, 6489.0], [1997.25, 2489.0], [1997.2, 1066.0], [1997.15, 5488.0], [1997.1, 8392.0], [1997.05, 22493.0], [1997.0, 3361.0], [1996.95, 4493.0], [1996.9, 3341.0], [1996.85, 2493.0], [1996.8, 2000.0]], "asks": [[1998.05, 14327.0], [1998.1, 4881.0], [1998.15, 2000.0], [1998.2, 1134.0], [1998.3, 16513.0], [1998.35, 25804.0], [1998.4, 21988.0], [1998.45, 2000.0], [1998.5, 4195.0], [1998.55, 2000.0], [1998.6, 4465.0], [1998.65, 2000.0], [1998.7, 593.0], [1998.75, 2476.0], [1998.8, 2684.0], [1998.85, 9576.0], [1998.9, 2180.0], [1998.95, 2826.0], [1999.0, 4476.0], [1999.1, 967.0]]}}}
{"jsonrpc": "2.0", "method": "subscription", "params": {"channel": "book.ETH-PERPETUAL.none.20.100ms", "data": {"timestamp": 1771411723618, "change_id": 109870493153, "instrument_name": "ETH-PERPETUAL", "bids": [[1998.0, 885.0], [1997.8, 200.0], [1997.75, 2000.0], [1997.7, 2000.0], [1997.65, 3000.0], [1997.6, 2000.0], [1997.55, 31912.0], [1997.5, 102372.0], [1997.45, 1233.0], [1997.4, 6489.0], [1997.25, 2489.0], [1997.2, 4065.0], [1997.15, 2489.0], [1997.1, 8392.0], [1997.05, 22493.0], [1997.0, 3361.0], [1996.95, 4493.0], [1996.9, 3341.0], [1996.85, 2493.0], [1996.8, 2000.0]], "asks": [[1998.05, 14327.0], [1998.1, 4881.0], [1998.15, 2000.0], [1998.2, 6961.0], [1998.25, 20004.0], [1998.3, 11649.0], [1998.35, 5800.0], [1998.4, 20495.0], [1998.45, 2000.0], [1998.5, 2673.0], [1998.55, 5001.0], [1998.6, 4465.0], [1998.65, 2000.0], [1998.7, 593.0], [1998.75, 2476.0], [1998.8, 2684.0], [1998.85, 9576.0], [1998.9, 2180.0], [1998.95, 2826.0], [1999.0, 4476.0]]}}}
{"jsonrpc": "2.0", "method": "subscription", "params": {"channel": "book.ETH-PERPETUAL.none.20.100ms", "data": {"timestamp": 1771411724037, "change_id": 109870493774, "instrument_name": "ETH-PERPETUAL", "bids": [[1998.0, 885.0], [1997.8, 200.0], [1997.75, 2000.0], [1997.7, 2000.0], [1997.65, 3000.0], [1997.6, 2000.0], [1997.55, 31912.0], [1997.5, 105320.0], [1997.45, 1233.0], [1997.4, 2489.0], [1997.25, 2489.0], [1997.2, 4065.0], [1997.15, 2489.0], [1997.1, 8392.0], [1997.05, 22493.0], [1997.0, 3361.0], [1996.95, 4493.0], [1996.9, 3341.0], [1996.85, 2493.0], [1996.8, 2000.0]], "asks": [[1998.05, 14327.0], [1998.1, 4881.0], [1998.15, 2000.0], [1998.2, 6961.0], [1998.25, 20004.0], [1998.3, 11649.0], [1998.35, 5800.0], [1998.4, 22226.0], [1998.45, 5800.0], [1998.5, 2673.0], [1998.55, 5001.0], [1998.6, 4465.0], [1998.65, 2000.0], [1998.7, 593.0], [1998.75, 2476.0], [1998.8, 2684.0], [1998.85, 9576.0], [1998.9, 2180.0], [1998.95, 2826.0], [1999.0, 4476.0]]}}}
{"jsonrpc": "2.0", "method": "subscription", "params": {"channel": "book.ETH-PERPETUAL.none.20.100ms", "data": {"timestamp": 1771411724419, "change_id": 109870494217, "instrument_name": "ETH-PERPETUAL", "bids": [[1998.0, 885.0], [1997.8, 200.0], [1997.75, 2000.0], [1997.7, 2000.0], [1997.65, 3000.0], [1997.6, 2000.0], [1997.55, 31912.0], [1997.5, 105320.0], [1997.45, 1233.0], [1997.4, 2489.0], [1997.25, 2489.0], [1997.2, 1066.0], [1997.15, 5488.0], [1997.1, 8392.0], [1997.05, 22493.0], [1997.0, 3361.0], [1996.95, 4493.0], [1996.9, 3341.0], [1996.85, 2493.0], [1996.8, 2000.0]], "asks": [[1998.05, 14327.0], [1998.1, 4881.0], [1998.15, 2000.0], [1998.2, 6961.0], [1998.25, 20004.0], [1998.3, 11649.0], [1998.35, 5800.0], [1998.4, 22226.0], [1998.45, 5800.0], [1998.5, 4195.0], [1998.55, 2000.0], [1998.6, 4465.0], [1998.65, 2000.0], [1998.7, 593.0], [1998.75, 2476.0], [1998.8, 2684.0], [1998.85, 9576.0], [1998.9, 2180.0], [1998.95, 2826.0], [1999.0, 4476.0]]}}}
{"jsonrpc": "2.0", "method": "subscription", "params": {"channel": "book.ETH-PERPETUAL.none.20.100ms", "data": {"timestamp": 1771411724710, "change_id": 109870494559, "instrument_name": "ETH-PERPETUAL", "bids": [[1998.0, 885.0], [1997.8, 200.0], [1997.75, 2000.0], [1997.7, 2000.0], [1997.65, 3000.0], [1997.6, 2000.0], [1997.55, 31912.0], [1997.5, 105320.0], [1997.45, 1233.0], [1997.4, 2489.0], [1997.25, 2489.0], [1997.2, 4065.0], [1997.15, 2489.0], [1997.1, 8392.0], [1997.05, 22493.0], [1997.0, 3361.0], [1996.95, 4493.0], [1996.9, 3341.0], [1996.85, 2493.0], [1996.8, 2000.0]], "asks": [[1998.05, 14327.0], [1998.1, 11449.0], [1998.15, 22004.0], [1998.2, 6441.0], [1998.25, 17779.0], [1998.3, 6342.0], [1998.35, 5800.0], [1998.4, 4447.0], [1998.45, 5800.0], [1998.5, 2673.0], [1998.55, 5001.0], [1998.6, 4465.0], [1998.65, 2000.0], [1998.7, 593.0], [1998.75, 2476.0], [1998.8, 2684.0], [1998.85, 9576.0], [1998.9, 2180.0], [1998.95, 2826.0], [1999.0, 4476.0]]}}}
{"jsonrpc": "2.0", "method": "subscription", "params": {"channel": "book.ETH-PERPETUAL.none.20.100ms", "data": {"timestamp": 1771411725051, "change_id": 109870494920, "instrument_name": "ETH-PERPETUAL", "bids": [[1998.0, 885.0], [1997.8, 200.0], [1997.75, 2000.0], [1997.7, 2000.0], [1997.65, 3000.0], [1997.6, 2209.0], [1997.55, 31912.0], [1997.5, 105111.0], [1997.45, 1233.0], [1997.4, 2489.0], [1997.25, 5488.0], [1997.2, 1066.0], [1997.15, 2489.0], [1997.1, 8392.0], [1997.05, 22493.0], [1997.0, 3361.0], [1996.95, 4493.0], [1996.9, 3341.0], [1996.85, 2493.0], [1996.8, 2000.0]], "asks": [[1998.05, 14327.0], [1998.1, 4881.0], [1998.15, 2000.0], [1998.2, 11589.0], [1998.3, 44125.0], [1998.35, 5800.0], [1998.4, 6516.0], [1998.45, 2000.0], [1998.5, 2673.0], [1998.55, 2000.0], [1998.6, 7466.0], [1998.65, 2000.0], [1998.7, 593.0], [1998.75, 2476.0], [1998.8, 2684.0], [1998.85, 9576.0], [1998.9, 2180.0], [1998.95, 2826.0], [1999.0, 4476.0], [1999.1, 967.0]]}}}
{"jsonrpc": "2.0", "method": "subscription", "params": {"channel": "book.ETH-PERPETUAL.none.20.100ms", "data": {"timestamp": 1771411725269, "change_id": 109870495207, "instrument_name": "ETH-PERPETUAL", "bids": [[1998.0, 885.0], [1997.8, 200.0], [1997.75, 3000.0], [1997.7, 2000.0], [1997.65, 2000.0], [1997.6, 2209.0], [1997.55, 31912.0], [1997.5, 105111.0], [1997.45, 1233.0], [1997.4, 2489.0], [1997.25, 5488.0], [1997.2, 1066.0], [1997.15, 2489.0], [1997.1, 8392.0], [1997.05, 22493.0], [1997.0, 3361.0], [1996.95, 4493.0], [1996.9, 3341.0], [1996.85, 2493.0], [1996.8, 2000.0]], "asks": [[1998.05, 14327.0], [1998.1, 4881.0], [1998.15, 2000.0], [1998.2, 6441.0], [1998.3, 32462.0], [1998.35, 23579.0], [1998.4, 6516.0], [1998.45, 2000.0], [1998.5, 2673.0], [1998.55, 2000.0], [1998.6, 7466.0], [1998.65, 2000.0], [1998.7, 593.0], [1998.75, 2476.0], [1998.8, 2684.0], [1998.85, 9576.0], [1998.9, 2180.0], [1998.95, 2826.0], [1999.0, 4476.0], [1999.1, 967.0]]}}}
{"jsonrpc": "2.0", "method": "subscription", "params": {"channel": "book.ETH-PERPETUAL.none.20.100ms", "data": {"timestamp": 1771411725708, "change_id": 109870495632, "instrument_name": "ETH-PERPETUAL", "bids": [[1998.0, 885.0], [1997.8, 200.0], [1997.75, 3000.0], [1997.7, 2000.0], [1997.65, 2000.0], [1997.6, 2209.0], [1997.55, 31912.0], [1997.5, 105111.0], [1997.45, 1233.0], [1997.4, 2489.0], [1997.25, 5488.0], [1997.2, 1066.0], [1997.15, 2489.0], [1997.1, 8392.0], [1997.05, 22493.0], [1997.0, 3361.0], [1996.95, 4493.0], [1996.9, 3341.0], [1996.85, 2493.0], [1996.8, 2000.0]], "asks": [[1998.05, 14327.0], [1998.1, 4881.0], [1998.15, 2000.0], [1998.2, 6441.0], [1998.25, 20004.0], [1998.3, 12458.0], [1998.35, 23579.0], [1998.4, 6516.0], [1998.45, 2000.0], [1998.5, 2673.0], [1998.55, 2000.0], [1998.6, 7466.0], [1998.65, 2000.0], [1998.7, 593.0], [1998.75, 2476.0], [1998.8, 2684.0], [1998.85, 9576.0], [1998.9, 2180.0], [1998.95, 2826.0], [1999.0, 4476.0]]}}}
{"jsonrpc": "2.0", "method": "subscription", "params": {"channel": "book.ETH-PERPETUAL.none.20.100ms", "data": {"timestamp": 1771411726049, "change_id": 109870495930, "instrument_name": "ETH-PERPETUAL", "bids": [[1998.0, 2885.0], [1997.8, 200.0], [1997.75, 3000.0], [1997.7, 2000.0], [1997.65, 2000.0], [1997.6, 2209.0], [1997.55, 31912.0], [1997.5, 105111.0], [1997.45, 1233.0], [1997.4, 2489.0], [1997.3, 1638.0], [1997.25, 2489.0], [1997.2, 4065.0], [1997.15, 2489.0], [1997.1, 8392.0], [1997.05, 22493.0], [1997.0, 3361.0], [1996.95, 4493.0], [1996.9, 3341.0], [1996.85, 2493.0]], "asks": [[1998.05, 14327.0], [1998.1, 4881.0], [1998.15, 2000.0], [1998.2, 6441.0], [1998.25, 20004.0], [1998.3, 12458.0], [1998.35, 5800.0], [1998.4, 19510.0], [1998.45, 2000.0], [1998.5, 6473.0], [1998.55, 5001.0], [1998.6, 4465.0], [1998.65, 2000.0], [1998.7, 593.0], [1998.75, 2476.0], [1998.8, 2684.0], [1998.85, 9576.0], [1998.9, 2180.0], [1998.95, 2826.0], [1999.0, 4476.0]]}}}
{"jsonrpc": "2.0", "method": "subscription", "params": {"channel": "book.ETH-PERPETUAL.none.20.100ms", "data": {"timestamp": 1771411726269, "change_id": 109870496184, "instrument_name": "ETH-PERPETUAL", "bids": [[1998.0, 2885.0], [1997.8, 200.0], [1997.75, 3000.0], [1997.7, 2000.0], [1997.65, 2000.0], [1997.6, 2209.0], [1997.55, 31912.0], [1997.5, 105111.0], [1997.45, 1233.0], [1997.4, 2489.0], [1997.3, 1638.0], [1997.25, 2489.0], [1997.2, 4065.0], [1997.15, 2489.0], [1997.1, 8392.0], [1997.05, 22493.0], [1997.0, 3361.0], [1996.95, 4493.0], [1996.9, 3341.0], [1996.85, 2493.0]], "asks": [[1998.05, 14327.0], [1998.1, 4881.0], [1998.15, 2000.0], [1998.2, 6441.0], [1998.25, 26897.0], [1998.3, 12458.0], [1998.35, 5800.0], [1998.4, 19510.0], [1998.45, 2000.0], [1998.5, 6473.0], [1998.55, 5001.0], [1998.6, 4465.0], [1998.65, 2000.0], [1998.7, 593.0], [1998.75, 2476.0], [1998.8, 2684.0], [1998.85, 9576.0], [1998.9, 2180.0], [1998.95, 2826.0], [1999.0, 4476.0]]}}}
{"jsonrpc": "2.0", "method": "subscription", "params": {"channel": "book.ETH-PERPETUAL.none.20.100ms", "data": {"timestamp": 1771411726648, "change_id": 109870496586, "instrument_name": "ETH-PERPETUAL", "bids": [[1998.0, 2885.0], [1997.8, 200.0], [1997.75, 3000.0], [1997.7, 2000.0], [1997.65, 2000.0], [1997.6, 2209.0], [1997.55, 31912.0], [1997.5, 105111.0], [1997.45, 1233.0], [1997.4, 2489.0], [1997.3, 1638.0], [1997.25, 2489.0], [1997.2, 4065.0], [1997.15, 2489.0], [1997.1, 8392.0], [1997.05, 22493.0], [1997.0, 3361.0], [1996.95, 4493.0], [1996.9, 3341.0], [1996.85, 2493.0]], "asks": [[1998.05, 14327.0], [1998.1, 4881.0], [1998.15, 2000.0], [1998.2, 6441.0], [1998.25, 26897.0], [1998.3, 12458.0], [1998.35, 5800.0], [1998.4, 19510.0], [1998.45, 2000.0], [1998.5, 6473.0], [1998.55, 5001.0], [1998.6, 4465.0], [1998.65, 2000.0], [1998.7, 593.0], [1998.75, 2476.0], [1998.8, 2684.0], [1998.85, 9576.0], [1998.9, 2180.0], [1998.95, 2826.0], [1999.0, 4476.0]]}}}
{"jsonrpc": "2.0", "method": "subscription", "params": {"channel": "book.ETH-PERPETUAL.none.20.100ms", "data": {"timestamp": 1771411727045, "change_id": 109870496993, "instrument_name": "ETH-PERPETUAL", "bids": [[1998.0, 885.0], [1997.8, 200.0], [1997.75, 2000.0], [1997.7, 2000.0], [1997.65, 2000.0], [1997.6, 3000.0], [1997.55, 2000.0], [1997.5, 105111.0], [1997.45, 1442.0], [1997.4, 2489.0], [1997.25, 2489.0], [1997.15, 2489.0], [1997.1, 7311.0], [1997.05, 25492.0], [1997.0, 4442.0], [1996.95, 4493.0], [1996.9, 3341.0], [1996.85, 2493.0], [1996.8, 2000.0], [1996.75, 2493.0]], "asks": [[1998.05, 14327.0], [1998.1, 11449.0], [1998.15, 22004.0], [1998.2, 6441.0], [1998.25, 24672.0], [1998.3, 5531.0], [1998.35, 5800.0], [1998.4, 6899.0], [1998.45, 10800.0], [1998.5, 1194.0], [1998.55, 2000.0], [1998.6, 4465.0], [1998.65, 2000.0], [1998.7, 593.0], [1998.75, 2476.0], [1998.8, 1366.0], [1998.85, 4576.0], [1998.9, 2180.0], [1998.95, 2826.0], [1999.0, 4476.0]]}}}
{"jsonrpc": "2.0", "method": "subscription", "params": {"channel": "book.ETH-PERPETUAL.none.20.100ms", "data": {"timestamp": 1771411727398, "change_id": 109870497453, "instrument_name": "ETH-PERPETUAL", "bids": [[1998.0, 2885.0], [1997.8, 200.0], [1997.75, 2000.0], [1997.7, 2000.0], [1997.65, 2000.0], [1997.6, 3000.0], [1997.55, 27137.0], [1997.5, 105111.0], [1997.45, 1233.0], [1997.4, 2489.0], [1997.25, 2489.0], [1997.15, 2489.0], [1997.1, 10310.0], [1997.05, 22493.0], [1997.0, 4442.0], [1996.95, 4493.0], [1996.9, 3341.0], [1996.85, 2493.0], [1996.8, 2000.0], [1996.75, 2493.0]], "asks": [[1998.05, 14327.0], [1998.1, 4881.0], [1998.15, 2000.0], [1998.2, 13647.0], [1998.25, 26897.0], [1998.3, 23310.0], [1998.35, 5800.0], [1998.4, 1731.0], [1998.45, 5800.0], [1998.5, 6271.0], [1998.55, 7000.0], [1998.6, 4465.0], [1998.65, 2000.0], [1998.7, 593.0], [1998.75, 2476.0], [1998.8, 1366.0], [1998.85, 4576.0], [1998.9, 2180.0], [1998.95, 2826.0], [1999.0, 4476.0]]}}}
{"jsonrpc": "2.0", "method": "subscription", "params": {"channel": "book.ETH-PERPETUAL.none.20.100ms", "data": {"timestamp": 1771411727722, "change_id": 109870497789, "instrument_name": "ETH-PERPETUAL", "bids": [[1998.0, 2885.0], [1997.8, 200.0], [1997.75, 2000.0], [1997.7, 2000.0], [1997.65, 2000.0], [1997.6, 3000.0], [1997.55, 27137.0], [1997.5, 105111.0], [1997.45, 1233.0], [1997.4, 2489.0], [1997.25, 2489.0], [1997.15, 5488.0], [1997.1, 7311.0], [1997.05, 22493.0], [1997.0, 4442.0], [1996.95, 4493.0], [1996.9, 3341.0], [1996.85, 2493.0], [1996.8, 8966.0], [1996.75, 2493.0]], "asks": [[1998.05, 14327.0], [1998.1, 4881.0], [1998.15, 7971.0], [1998.2, 26445.0], [1998.25, 6893.0], [1998.3, 24223.0], [1998.35, 5800.0], [1998.4, 5531.0], [1998.45, 5001.0], [1998.5, 3270.0], [1998.55, 7000.0], [1998.6, 4465.0], [1998.65, 2000.0], [1998.7, 593.0], [1998.75, 2476.0], [1998.8, 1366.0], [1998.85, 4576.0], [1998.9, 2180.0], [1998.95, 2826.0], [1999.0, 4476.0]]}}}
{"jsonrpc": "2.0", "method": "subscription", "params": {"channel": "book.ETH-PERPETUAL.none.20.100ms", "data": {"timestamp": 1771411728031, "change_id": 109870498128, "instrument_name": "ETH-PERPETUAL", "bids": [[1998.0, 2885.0], [1997.8, 200.0], [1997.75, 2000.0], [1997.7, 2000.0], [1997.65, 2000.0], [1997.6, 3000.0], [1997.55, 27137.0], [1997.5, 105111.0], [1997.45, 1233.0], [1997.4, 2489.0], [1997.25, 2489.0], [1997.15, 5488.0], [1997.1, 7311.0], [1997.05, 22493.0], [1997.0, 4442.0], [1996.95, 4493.0], [1996.9, 3341.0], [1996.85, 2493.0], [1996.8, 8966.0], [1996.75, 2493.0]], "asks": [[1998.05, 14327.0], [1998.1, 11449.0], [1998.15, 2000.0], [1998.2, 26445.0], [1998.25, 6893.0], [1998.3, 23310.0], [1998.35, 5800.0], [1998.4, 1731.0], [1998.45, 5800.0], [1998.5, 6271.0], [1998.55, 7000.0], [1998.6, 4465.0], [1998.65, 2000.0], [1998.7, 593.0], [1998.75, 2476.0], [1998.8, 1366.0], [1998.85, 4576.0], [1998.9, 2180.0], [1998.95, 2826.0], [1999.0, 4476.0]]}}}
{"jsonrpc": "2.0", "method": "subscription", "params": {"channel": "book.ETH-PERPETUAL.none.20.100ms", "data": {"timestamp": 1771411728357, "change_id": 109870498572, "instrument_name": "ETH-PERPETUAL", "bids": [[1998.0, 3884.0], [1997.8, 200.0], [1997.75, 2000.0], [1997.7, 3000.0], [1997.65, 2209.0], [1997.6, 2000.0], [1997.55, 26928.0], [1997.5, 105111.0], [1997.45, 1233.0], [1997.4, 2489.0], [1997.25, 2489.0], [1997.2, 2999.0], [1997.15, 2489.0], [1997.1, 7311.0], [1997.05, 22493.0], [1997.0, 4442.0], [1996.95, 4493.0], [1996.9, 3341.0], [1996.85, 2493.0], [1996.8, 8966.0]], "asks": [[1998.05, 12146.0], [1998.1, 4881.0], [1998.15, 2000.0], [1998.2, 6441.0], [1998.3, 30621.0], [1998.35, 5800.0], [1998.4, 19510.0], [1998.45, 5800.0], [1998.5, 3270.0], [1998.55, 10001.0], [1998.6, 4465.0], [1998.65, 2000.0], [1998.7, 593.0], [1998.75, 2476.0], [1998.8, 1366.0], [1998.85, 4576.0], [1998.9, 2180.0], [1998.95, 2826.0], [1999.0, 4476.0], [1999.05, 835.0]]}}}
{"jsonrpc": "2.0", "method": "subscription", "params": {"channel": "book.ETH-PERPETUAL.none.20.100ms", "data": {"timestamp": 1771411728690, "change_id": 109870498972, "instrument_name": "ETH-PERPETUAL", "bids": [[1998.0, 3884.0], [1997.8, 1200.0], [1997.75, 2000.0], [1997.7, 2000.0], [1997.65, 6209.0], [1997.6, 2000.0], [1997.55, 26928.0], [1997.5, 101111.0], [1997.45, 1233.0], [1997.4, 2489.0], [1997.25, 2489.0], [1997.2, 2999.0], [1997.15, 2489.0], [1997.1, 7311.0], [1997.05, 22493.0], [1997.0, 4442.0], [1996.95, 4493.0], [1996.9, 3341.0], [1996.85, 2493.0], [1996.8, 8966.0]], "asks": [[1998.05, 14006.0], [1998.1, 4881.0], [1998.15, 2000.0], [1998.2, 1134.0], [1998.3, 17968.0], [1998.35, 25804.0], [1998.4, 26404.0], [1998.45, 5800.0], [1998.5, 3270.0], [1998.55, 7000.0], [1998.6, 7466.0], [1998.65, 2000.0], [1998.7, 593.0], [1998.75, 2476.0], [1998.8, 1366.0], [1998.85, 4576.0], [1998.9, 2180.0], [1998.95, 2826.0], [1999.0, 4476.0], [1999.05, 835.0]]}}}
{"jsonrpc": "2.0", "method": "subscription", "params": {"channel": "book.ETH-PERPETUAL.none.20.100ms", "data": {"timestamp": 1771411729048, "change_id": 109870499347, "instrument_name": "ETH-PERPETUAL", "bids": [[1998.0, 3884.0], [1997.8, 1200.0], [1997.75, 2000.0], [1997.7, 4450.0], [1997.65, 6209.0], [1997.6, 2000.0], [1997.55, 26928.0], [1997.5, 101111.0], [1997.45, 1233.0], [1997.4, 2489.0], [1997.3, 1638.0], [1997.25, 2489.0], [1997.2, 2999.0], [1997.15, 2489.0], [1997.1, 7311.0], [1997.05, 22493.0], [1997.0, 4442.0], [1996.95, 4493.0], [1996.9, 3341.0], [1996.85, 2493.0]], "asks": [[1998.05, 14006.0], [1998.1, 4881.0], [1998.15, 2000.0], [1998.2, 1134.0], [1998.3, 17968.0], [1998.35, 25804.0], [1998.4, 26404.0], [1998.45, 2000.0], [1998.5, 7070.0], [1998.55, 2000.0], [1998.6, 9733.0], [1998.65, 7000.0], [1998.7, 593.0], [1998.75, 2476.0], [1998.8, 1366.0], [1998.85, 4576.0], [1998.9, 2180.0], [1998.95, 2826.0], [1999.0, 4476.0], [1999.1, 1107.0]]}}}
{"jsonrpc": "2.0", "method": "subscription", "params": {"channel": "book.ETH-PERPETUAL.none.20.100ms", "data": {"timestamp": 1771411729380, "change_id": 109870499785, "instrument_name": "ETH-PERPETUAL", "bids": [[1998.0, 3884.0], [1997.8, 1200.0], [1997.75, 2000.0], [1997.7, 4450.0], [1997.65, 6209.0], [1997.6, 2000.0], [1997.55, 26928.0], [1997.5, 101111.0], [1997.45, 1233.0], [1997.4, 2489.0], [1997.3, 1638.0], [1997.25, 2489.0], [1997.2, 2999.0], [1997.15, 2489.0], [1997.1, 7311.0], [1997.05, 22493.0], [1997.0, 4442.0], [1996.95, 4493.0], [1996.9, 3341.0], [1996.85, 2493.0]], "asks": [[1998.05, 14006.0], [1998.1, 4881.0], [1998.15, 2000.0], [1998.2, 1134.0], [1998.3, 17968.0], [1998.35, 25804.0], [1998.4, 26404.0], [1998.45, 5800.0], [1998.5, 3270.0], [1998.55, 5001.0], [1998.6, 6732.0], [1998.65, 7000.0], [1998.7, 593.0], [1998.75, 2476.0], [1998.8, 1366.0], [1998.85, 4576.0], [1998.9, 2180.0], [1998.95, 2826.0], [1999.0, 4476.0], [1999.1, 1107.0]]}}}
{"jsonrpc": "2.0", "method": "subscription", "params": {"channel": "book.ETH-PERPETUAL.none.20.100ms", "data": {"timestamp": 1771411729717, "change_id": 109870500196, "instrument_name": "ETH-PERPETUAL", "bids": [[1998.0, 3884.0], [1997.8, 1200.0], [1997.75, 2209.0], [1997.7, 4450.0], [1997.65, 6000.0], [1997.6, 2000.0], [1997.55, 26928.0], [1997.5, 101111.0], [1997.45, 1233.0], [1997.4, 2489.0], [1997.3, 2999.0], [1997.25, 2489.0], [1997.15, 2489.0], [1997.1, 7311.0], [1997.05, 22493.0], [1997.0, 4442.0], [1996.95, 4493.0], [1996.9, 3341.0], [1996.85, 2493.0], [1996.8, 8966.0]], "asks": [[1998.05, 12006.0], [1998.1, 4881.0], [1998.15, 2000.0], [1998.2, 1134.0], [1998.3, 15910.0], [1998.35, 5800.0], [1998.4, 39514.0], [1998.45, 5800.0], [1998.5, 2673.0], [1998.55, 2000.0], [1998.6, 7466.0], [1998.65, 2000.0], [1998.7, 593.0], [1998.75, 2476.0], [1998.8, 6366.0], [1998.85, 4576.0], [1998.9, 2180.0], [1998.95, 2826.0], [1999.0, 4476.0], [1999.1, 1107.0]]}}}
{"jsonrpc": "2.0", "method": "subscription", "params": {"channel": "book.ETH-PERPETUAL.none.20.100ms", "data": {"timestamp": 1771411729980, "change_id": 109870500421, "instrument_name": "ETH-PERPETUAL", "bids": [[1998.0, 3884.0], [1997.8, 1200.0], [1997.75, 2209.0], [1997.7, 4450.0], [1997.65, 6000.0], [1997.6, 2000.0], [1997.55, 30728.0], [1997.5, 101111.0], [1997.45, 1233.0], [1997.4, 2489.0], [1997.35, 895.0], [1997.3, 2999.0], [1997.25, 2489.0], [1997.15, 2489.0], [1997.1, 7311.0], [1997.05, 22493.0], [1997.0, 4442.0], [1996.95, 4493.0], [1996.9, 3341.0], [1996.85, 2493.0]], "asks": [[1998.05, 12006.0], [1998.1, 4881.0], [1998.15, 2000.0], [1998.2, 1134.0], [1998.3, 5531.0], [1998.35, 5800.0], [1998.4, 12138.0], [1998.45, 25804.0], [1998.5, 18973.0], [1998.55, 2000.0], [1998.6, 4465.0], [1998.65, 5001.0], [1998.7, 2825.0], [1998.75, 2476.0], [1998.8, 6366.0], [1998.85, 4576.0], [1998.9, 2180.0], [1998.95, 2826.0], [1999.0, 4476.0], [1999.1, 1107.0]]}}}
{"jsonrpc": "2.0", "method": "subscription", "params": {"channel": "book.ETH-PERPETUAL.none.20.100ms", "data": {"timestamp": 1771411730364, "change_id": 109870500976, "instrument_name": "ETH-PERPETUAL", "bids": [[1998.0, 3884.0], [1997.85, 1000.0], [1997.8, 200.0], [1997.75, 2209.0], [1997.7, 4450.0], [1997.65, 6000.0], [1997.6, 2000.0], [1997.55, 30728.0], [1997.5, 101111.0], [1997.45, 1233.0], [1997.4, 2489.0], [1997.35, 895.0], [1997.3, 2999.0], [1997.25, 2489.0], [1997.15, 2489.0], [1997.1, 7311.0], [1997.05, 22493.0], [1997.0, 4442.0], [1996.95, 4493.0], [1996.9, 3341.0]], "asks": [[1998.05, 14006.0], [1998.1, 4881.0], [1998.15, 2000.0], [1998.2, 1134.0], [1998.3, 11281.0], [1998.35, 25804.0], [1998.4, 7038.0], [1998.45, 5800.0], [1998.5, 20452.0], [1998.55, 2000.0], [1998.6, 7466.0], [1998.65, 2000.0], [1998.7, 2825.0], [1998.75, 2476.0], [1998.8, 6366.0], [1998.85, 4576.0], [1998.9, 2180.0], [1998.95, 2826.0], [1999.0, 4476.0], [1999.05, 835.0]]}}}
{"jsonrpc": "2.0", "method": "subscription", "params": {"channel": "book.ETH-PERPETUAL.none.20.100ms", "data": {"timestamp": 1771411730648, "change_id": 109870501197, "instrument_name": "ETH-PERPETUAL", "bids": [[1998.0, 3884.0], [1997.8, 1200.0], [1997.75, 2209.0], [1997.7, 4450.0], [1997.65, 6000.0], [1997.6, 2000.0], [1997.55, 30728.0], [1997.5, 101111.0], [1997.45, 1233.0], [1997.4, 2489.0], [1997.25, 2489.0], [1997.2, 2999.0], [1997.15, 2489.0], [1997.1, 7311.0], [1997.05, 22493.0], [1997.0, 4442.0], [1996.95, 4493.0], [1996.9, 3341.0], [1996.85, 2493.0], [1996.8, 8966.0]], "asks": [[1998.05, 14006.0], [1998.1, 4881.0], [1998.15, 2000.0], [1998.2, 1134.0], [1998.3, 15910.0], [1998.35, 25804.0], [1998.4, 19510.0], [1998.45, 5800.0], [1998.5, 2673.0], [1998.55, 5001.0], [1998.6, 4465.0], [1998.65, 2000.0], [1998.7, 2825.0], [1998.75, 2476.0], [1998.8, 6366.0], [1998.85, 4576.0], [1998.9, 2180.0], [1998.95, 2826.0], [1999.0, 4476.0], [1999.05, 835.0]]}}}
{"jsonrpc": "2.0", "method": "subscription", "params": {"channel": "book.ETH-PERPETUAL.none.20.100ms", "data": {"timestamp": 1771411731034, "change_id": 109870501653, "instrument_name": "ETH-PERPETUAL", "bids": [[1998.0, 3884.0], [1997.8, 1200.0], [1997.75, 2209.0], [1997.7, 4450.0], [1997.65, 6000.0], [1997.6, 2000.0], [1997.55, 30728.0], [1997.5, 101111.0], [1997.45, 1233.0], [1997.4, 2489.0], [1997.35, 895.0], [1997.3, 2999.0], [1997.25, 2489.0], [1997.15, 2489.0], [1997.1, 7311.0], [1997.05, 22493.0], [1997.0, 4442.0], [1996.95, 4493.0], [1996.9, 3341.0], [1996.85, 2493.0]], "asks": [[1998.05, 14006.0], [1998.1, 4881.0], [1998.15, 2000.0], [1998.2, 1134.0], [1998.3, 11281.0], [1998.35, 25804.0], [1998.4, 7038.0], [1998.45, 19779.0], [1998.5, 6473.0], [1998.55, 2000.0], [1998.6, 7466.0], [1998.65, 2000.0], [1998.7, 2825.0], [1998.75, 2476.0], [1998.8, 6366.0], [1998.85, 4576.0], [1998.9, 2180.0], [1998.95, 2826.0], [1999.0, 4476.0], [1999.05, 835.0]]}}}
{"jsonrpc": "2.0", "method": "subscription", "params": {"channel": "book.ETH-PERPETUAL.none.20.100ms", "data": {"timestamp": 1771411731346, "change_id": 109870502115, "instrument_name": "ETH-PERPETUAL", "bids": [[1998.0, 2885.0], [1997.8, 200.0], [1997.75, 2000.0], [1997.7, 2000.0], [1997.65, 7000.0], [1997.6, 2000.0], [1997.55, 30937.0], [1997.5, 101111.0], [1997.45, 1233.0], [1997.4, 2489.0], [1997.25, 2489.0], [1997.2, 2999.0], [1997.15, 2489.0], [1997.1, 7311.0], [1997.05, 22493.0], [1997.0, 4442.0], [1996.95, 4493.0], [1996.9, 3341.0], [1996.85, 2493.0], [1996.8, 2000.0]], "asks": [[1998.05, 14146.0], [1998.1, 4881.0], [1998.15, 2000.0], [1998.2, 11523.0], [1998.25, 20004.0], [1998.3, 23310.0], [1998.35, 5800.0], [1998.4, 1731.0], [1998.45, 2000.0], [1998.5, 7995.0], [1998.55, 2000.0], [1998.6, 4465.0], [1998.65, 2000.0], [1998.7, 2825.0], [1998.75, 2476.0], [1998.8, 6366.0], [1998.85, 4576.0], [1998.9, 2180.0], [1998.95, 2826.0], [1999.0, 4476.0]]}}}
{"jsonrpc": "2.0", "method": "subscription", "params": {"channel": "book.ETH-PERPETUAL.none.20.100ms", "data": {"timestamp": 1771411731664, "change_id": 109870502463, "instrument_name": "ETH-PERPETUAL", "bids": [[1998.0, 2885.0], [1997.8, 200.0], [1997.75, 2000.0], [1997.7, 2000.0], [1997.65, 3000.0], [1997.6, 2000.0], [1997.55, 30937.0], [1997.5, 101111.0], [1997.45, 5233.0], [1997.4, 2489.0], [1997.25, 2489.0], [1997.2, 2999.0], [1997.15, 2489.0], [1997.1, 7311.0], [1997.05, 22493.0], [1997.0, 4442.0], [1996.95, 4493.0], [1996.9, 10476.0], [1996.85, 2493.0], [1996.8, 2000.0]], "asks": [[1998.05, 14146.0], [1998.1, 4881.0], [1998.15, 2000.0], [1998.2, 12413.0], [1998.25, 20004.0], [1998.3, 23310.0], [1998.35, 5800.0], [1998.4, 1731.0], [1998.45, 2000.0], [1998.5, 7995.0], [1998.55, 2826.0], [1998.6, 5488.0], [1998.65, 2000.0], [1998.7, 3660.0], [1998.75, 2476.0], [1998.8, 6366.0], [1998.85, 4576.0], [1998.9, 2180.0], [1998.95, 2000.0], [1999.0, 4476.0]]}}}
{"jsonrpc": "2.0", "method": "subscription", "params": {"channel": "book.ETH-PERPETUAL.none.20.100ms", "data": {"timestamp": 1771411731979, "change_id": 109870502647, "instrument_name": "ETH-PERPETUAL", "bids": [[1998.0, 885.0], [1997.8, 200.0], [1997.75, 2000.0], [1997.7, 2000.0], [1997.65, 3000.0], [1997.6, 2000.0], [1997.55, 30937.0], [1997.5, 101111.0], [1997.45, 5233.0], [1997.4, 2489.0], [1997.25, 2489.0], [1997.15, 2489.0], [1997.1, 10310.0], [1997.05, 22493.0], [1997.0, 4442.0], [1996.95, 4493.0], [1996.9, 10476.0], [1996.85, 2493.0], [1996.8, 2000.0], [1996.75, 2493.0]], "asks": [[1998.05, 14327.0], [1998.1, 4881.0], [1998.15, 2000.0], [1998.2, 12413.0], [1998.25, 20004.0], [1998.3, 25119.0], [1998.35, 5800.0], [1998.4, 6801.0], [1998.45, 2000.0], [1998.5, 1194.0], [1998.55, 2826.0], [1998.6, 5488.0], [1998.65, 2000.0], [1998.7, 3660.0], [1998.75, 2476.0], [1998.8, 6366.0], [1998.85, 4576.0], [1998.9, 2180.0], [1998.95, 2000.0], [1999.0, 4476.0]]}}}
{"jsonrpc": "2.0", "method": "subscription", "params": {"channel": "book.ETH-PERPETUAL.none.20.100ms", "data": {"timestamp": 1771411732272, "change_id": 109870503064, "instrument_name": "ETH-PERPETUAL", "bids": [[1998.0, 885.0], [1997.8, 200.0], [1997.75, 2000.0], [1997.7, 2000.0], [1997.65, 3000.0], [1997.6, 2000.0], [1997.55, 30937.0], [1997.5, 101111.0], [1997.45, 5233.0], [1997.4, 2489.0], [1997.25, 2489.0], [1997.15, 2489.0], [1997.1, 10310.0], [1997.05, 22493.0], [1997.0, 6998.0], [1996.95, 4493.0], [1996.9, 10476.0], [1996.85, 2493.0], [1996.8, 2000.0], [1996.75, 2493.0]], "asks": [[1998.05, 14327.0], [1998.1, 4881.0], [1998.15, 2000.0], [1998.2, 12413.0], [1998.25, 20004.0], [1998.3, 26946.0], [1998.35, 5800.0], [1998.4, 13695.0], [1998.45, 2000.0], [1998.5, 1194.0], [1998.55, 2826.0], [1998.6, 5488.0], [1998.65, 2000.0], [1998.7, 3660.0], [1998.75, 2476.0], [1998.8, 6366.0], [1998.85, 4576.0], [1998.9, 2180.0], [1998.95, 2000.0], [1999.0, 4476.0]]}}}
{"jsonrpc": "2.0", "method": "subscription", "params": {"channel": "book.ETH-PERPETUAL.none.20.100ms", "data": {"timestamp": 1771411732630, "change_id": 109870503270, "instrument_name": "ETH-PERPETUAL", "bids": [[1998.0, 2885.0], [1997.8, 200.0], [1997.75, 2000.0], [1997.7, 2000.0], [1997.65, 3000.0], [1997.6, 2000.0], [1997.55, 30937.0], [1997.5, 101111.0], [1997.45, 5233.0], [1997.4, 2489.0], [1997.25, 2489.0], [1997.15, 2489.0], [1997.1, 10310.0], [1997.05, 22493.0], [1997.0, 6998.0], [1996.95, 4493.0], [1996.9, 10476.0], [1996.85, 2493.0], [1996.8, 2000.0], [1996.75, 2493.0]], "asks": [[1998.05, 14327.0], [1998.1, 4881.0], [1998.15, 2000.0], [1998.2, 7105.0], [1998.3, 34244.0], [1998.35, 23579.0], [1998.4, 13695.0], [1998.45, 2000.0], [1998.5, 1194.0], [1998.55, 2826.0], [1998.6, 5488.0], [1998.65, 2000.0], [1998.7, 3660.0], [1998.75, 2476.0], [1998.8, 6366.0], [1998.85, 4576.0], [1998.9, 2180.0], [1998.95, 2000.0], [1999.0, 4476.0], [1999.1, 16137.0]]}}}
{"jsonrpc": "2.0", "method": "subscription", "params": {"channel": "book.ETH-PERPETUAL.none.20.100ms", "data": {"timestamp": 1771411732907, "change_id": 109870503640, "instrument_name": "ETH-PERPETUAL", "bids": [[1998.0, 2885.0], [1997.8, 200.0], [1997.75, 3000.0], [1997.7, 2000.0], [1997.65, 2000.0], [1997.6, 6000.0], [1997.55, 30937.0], [1997.5, 101111.0], [1997.45, 1233.0], [1997.4, 2489.0], [1997.25, 2489.0], [1997.15, 5488.0], [1997.1, 7311.0], [1997.05, 22493.0], [1997.0, 6998.0], [1996.95, 4493.0], [1996.9, 10476.0], [1996.85, 2493.0], [1996.8, 2000.0], [1996.75, 2493.0]], "asks": [[1998.05, 14146.0], [1998.1, 4881.0], [1998.15, 2000.0], [1998.2, 7105.0], [1998.25, 20004.0], [1998.3, 14240.0], [1998.35, 23579.0], [1998.4, 12425.0], [1998.45, 5001.0], [1998.5, 4994.0], [1998.55, 2000.0], [1998.6, 5488.0], [1998.65, 2000.0], [1998.7, 2825.0], [1998.75, 2476.0], [1998.8, 6366.0], [1998.85, 4576.0], [1998.9, 2180.0], [1998.95, 2000.0], [1999.0, 4476.0]]}}}
{"jsonrpc": "2.0", "method": "subscription", "params": {"channel": "book.ETH-PERPETUAL.none.20.100ms", "data": {"timestamp": 1771411733305, "change_id": 109870504122, "instrument_name": "ETH-PERPETUAL", "bids": [[1998.0, 2885.0], [1997.8, 200.0], [1997.75, 3000.0], [1997.7, 2000.0], [1997.65, 2209.0], [1997.6, 6000.0], [1997.55, 30728.0], [1997.5, 101111.0], [1997.45, 1233.0], [1997.4, 2489.0], [1997.25, 2489.0], [1997.2, 1638.0], [1997.15, 2489.0], [1997.1, 10310.0], [1997.05, 22493.0], [1997.0, 6998.0], [1996.95, 4493.0], [1996.9, 10476.0], [1996.85, 2493.0], [1996.8, 2000.0]], "asks": [[1998.05, 14146.0], [1998.1, 4881.0], [1998.15, 2000.0], [1998.2, 7105.0], [1998.25, 20004.0], [1998.3, 14240.0], [1998.35, 23579.0], [1998.4, 15426.0], [1998.45, 2000.0], [1998.5, 4994.0], [1998.55, 2000.0], [1998.6, 5488.0], [1998.65, 2000.0], [1998.7, 2825.0], [1998.75, 2476.0], [1998.8, 6366.0], [1998.85, 5402.0], [1998.9, 2180.0], [1998.95, 2000.0], [1999.0, 4476.0]]}}}
{"jsonrpc": "2.0", "method": "subscription", "params": {"channel": "book.ETH-PERPETUAL.none.20.100ms", "data": {"timestamp": 1771411733681, "change_id": 109870504542, "instrument_name": "ETH-PERPETUAL", "bids": [[1998.0, 2885.0], [1997.8, 200.0], [1997.75, 3000.0], [1997.7, 2000.0], [1997.65, 2209.0], [1997.6, 6000.0], [1997.55, 30728.0], [1997.5, 101111.0], [1997.45, 1233.0], [1997.4, 2489.0], [1997.25, 2489.0], [1997.2, 1638.0], [1997.15, 5488.0], [1997.1, 7311.0], [1997.05, 22493.0], [1997.0, 6998.0], [1996.95, 4493.0], [1996.9, 10476.0], [1996.85, 2493.0], [1996.8, 2000.0]], "asks": [[1998.05, 14146.0], [1998.1, 4881.0], [1998.15, 2000.0], [1998.2, 7105.0], [1998.25, 20004.0], [1998.3, 14240.0], [1998.35, 23579.0], [1998.4, 12425.0], [1998.45, 5001.0], [1998.5, 4994.0], [1998.55, 2000.0], [1998.6, 5488.0], [1998.65, 2000.0], [1998.7, 2825.0], [1998.75, 2476.0], [1998.8, 6366.0], [1998.85, 5402.0], [1998.9, 2180.0], [1998.95, 2000.0], [1999.0, 4476.0]]}}}
{"jsonrpc": "2.0", "method": "subscription", "params": {"channel": "book.ETH-PERPETUAL.none.20.100ms", "data": {"timestamp": 1771411734010, "change_id": 109870504691, "instrument_name": "ETH-PERPETUAL", "bids": [[1998.0, 2885.0], [1997.8, 200.0], [1997.75, 3000.0], [1997.7, 2000.0], [1997.65, 2209.0], [1997.6, 6000.0], [1997.55, 30728.0], [1997.5, 101111.0], [1997.45, 1233.0], [1997.4, 2489.0], [1997.25, 2489.0], [1997.2, 1638.0], [1997.15, 5488.0], [1997.1, 7311.0], [1997.05, 22493.0], [1997.0, 6998.0], [1996.95, 4493.0], [1996.9, 10476.0], [1996.85, 2493.0], [1996.8, 2000.0]], "asks": [[1998.05, 14146.0], [1998.1, 4881.0], [1998.15, 2000.0], [1998.2, 7105.0], [1998.3, 34244.0], [1998.35, 23579.0], [1998.4, 8625.0], [1998.45, 8801.0], [1998.5, 1194.0], [1998.55, 2000.0], [1998.6, 5488.0], [1998.65, 2000.0], [1998.7, 2825.0], [1998.75, 2476.0], [1998.8, 6366.0], [1998.85, 5402.0], [1998.9, 2180.0], [1998.95, 2000.0], [1999.0, 4476.0], [1999.1, 16137.0]]}}}
{"jsonrpc": "2.0", "method": "subscription", "params": {"channel": "book.ETH-PERPETUAL.none.20.100ms", "data": {"timestamp": 1771411734342, "change_id": 109870505234, "instrument_name": "ETH-PERPETUAL", "bids": [[1998.0, 2885.0], [1997.8, 200.0], [1997.75, 3000.0], [1997.7, 2000.0], [1997.65, 2209.0], [1997.6, 6000.0], [1997.55, 30728.0], [1997.5, 101111.0], [1997.45, 1233.0], [1997.4, 2489.0], [1997.25, 2489.0], [1997.2, 1638.0], [1997.15, 5488.0], [1997.1, 7311.0], [1997.05, 22493.0], [1997.0, 6998.0], [1996.95, 4493.0], [1996.9, 10476.0], [1996.85, 2493.0], [1996.8, 2000.0]], "asks": [[1998.05, 14146.0], [1998.1, 4881.0], [1998.15, 2000.0], [1998.2, 7105.0], [1998.3, 34244.0], [1998.35, 23579.0], [1998.4, 8625.0], [1998.45, 8801.0], [1998.5, 1194.0], [1998.55, 2000.0], [1998.6, 5488.0], [1998.65, 2000.0], [1998.7, 2825.0], [1998.75, 2476.0], [1998.8, 6366.0], [1998.85, 5402.0], [1998.9, 2180.0], [1998.95, 2000.0], [1999.0, 4476.0], [1999.1, 16137.0]]}}}
{"jsonrpc": "2.0", "method": "subscription", "params": {"channel": "book.ETH-PERPETUAL.none.20.100ms", "data": {"timestamp": 1771411734622, "change_id": 109870505316, "instrument_name": "ETH-PERPETUAL", "bids": [[1998.0, 2885.0], [1997.8, 200.0], [1997.75, 3000.0], [1997.7, 2000.0], [1997.65, 2209.0], [1997.6, 6000.0], [1997.55, 30728.0], [1997.5, 101111.0], [1997.45, 1233.0], [1997.4, 2489.0], [1997.25, 2489.0], [1997.15, 5488.0], [1997.1, 7311.0], [1997.05, 22493.0], [1997.0, 6998.0], [1996.95, 4493.0], [1996.9, 10476.0], [1996.85, 2493.0], [1996.8, 2000.0], [1996.75, 2493.0]], "asks": [[1998.05, 14006.0], [1998.1, 4881.0], [1998.15, 2000.0], [1998.2, 7105.0], [1998.3, 34244.0], [1998.35, 23579.0], [1998.4, 8625.0], [1998.45, 8801.0], [1998.5, 1194.0], [1998.55, 2000.0], [1998.6, 5488.0], [1998.65, 2000.0], [1998.7, 2825.0], [1998.75, 2476.0], [1998.8, 6366.0], [1998.85, 5402.0], [1998.9, 2180.0], [1998.95, 2000.0], [1999.0, 4476.0], [1999.1, 16277.0]]}}}
{"jsonrpc": "2.0", "method": "subscription", "params": {"channel": "book.ETH-PERPETUAL.none.20.100ms", "data": {"timestamp": 1771411734830, "change_id": 109870505597, "instrument_name": "ETH-PERPETUAL", "bids": [[1998.0, 3088.0], [1997.8, 200.0], [1997.75, 3000.0], [1997.7, 2000.0], [1997.65, 2209.0], [1997.6, 6000.0], [1997.55, 30728.0], [1997.5, 101111.0], [1997.45, 1233.0], [1997.4, 2489.0], [1997.25, 2489.0], [1997.15, 5488.0], [1997.1, 7311.0], [1997.05, 22493.0], [1997.0, 4442.0], [1996.95, 4493.0], [1996.9, 3341.0], [1996.85, 2493.0], [1996.8, 2000.0], [1996.75, 2493.0]], "asks": [[1998.05, 14215.0], [1998.1, 4881.0], [1998.15, 2000.0], [1998.2, 7105.0], [1998.3, 34244.0], [1998.35, 23579.0], [1998.4, 8625.0], [1998.45, 5001.0], [1998.5, 4994.0], [1998.55, 2000.0], [1998.6, 5488.0], [1998.65, 2000.0], [1998.7, 2825.0], [1998.75, 2476.0], [1998.8, 6366.0], [1998.85, 5402.0], [1998.9, 2180.0], [1998.95, 2000.0], [1999.0, 4476.0], [1999.1, 16277.0]]}}}
{"jsonrpc": "2.0", "method": "subscription", "params": {"channel": "book.ETH-PERPETUAL.none.20.100ms", "data": {"timestamp": 1771411735288, "change_id": 109870506136, "instrument_name": "ETH-PERPETUAL", "bids": [[1998.0, 2885.0], [1997.8, 200.0], [1997.75, 3000.0], [1997.7, 2000.0], [1997.65, 2209.0], [1997.6, 6000.0], [1997.55, 30728.0], [1997.5, 101111.0], [1997.45, 1233.0], [1997.4, 2489.0], [1997.25, 2489.0], [1997.15, 5488.0], [1997.1, 7311.0], [1997.05, 22493.0], [1997.0, 4442.0], [1996.95, 4493.0], [1996.9, 10560.0], [1996.85, 2493.0], [1996.8, 2000.0], [1996.75, 2493.0]], "asks": [[1998.05, 14215.0], [1998.1, 4881.0], [1998.15, 2000.0], [1998.2, 7105.0], [1998.3, 34244.0], [1998.35, 23579.0], [1998.4, 8625.0], [1998.45, 5001.0], [1998.5, 4994.0], [1998.55, 2000.0], [1998.6, 5488.0], [1998.65, 2000.0], [1998.7, 2825.0], [1998.75, 2476.0], [1998.8, 6366.0], [1998.85, 5402.0], [1998.9, 2180.0], [1998.95, 2000.0], [1999.0, 4476.0], [1999.1, 1107.0]]}}}
{"jsonrpc": "2.0", "method": "subscription", "params": {"channel": "book.ETH-PERPETUAL.none.20.100ms", "data": {"timestamp": 1771411735667, "change_id": 109870506591, "instrument_name": "ETH-PERPETUAL", "bids": [[1998.0, 2885.0], [1997.8, 200.0], [1997.75, 3000.0], [1997.7, 2000.0], [1997.65, 2209.0], [1997.6, 6000.0], [1997.55, 30728.0], [1997.5, 101111.0], [1997.45, 1233.0], [1997.4, 2489.0], [1997.25, 2489.0], [1997.2, 2999.0], [1997.15, 2489.0], [1997.1, 7311.0], [1997.05, 22493.0], [1997.0, 4442.0], [1996.95, 4493.0], [1996.9, 10560.0], [1996.85, 2493.0], [1996.8, 2000.0]], "asks": [[1998.05, 14355.0], [1998.1, 4881.0], [1998.15, 2000.0], [1998.2, 7105.0], [1998.3, 32214.0], [1998.35, 5800.0], [1998.4, 26404.0], [1998.45, 2000.0], [1998.5, 7995.0], [1998.55, 2000.0], [1998.6, 5488.0], [1998.65, 2000.0], [1998.7, 2825.0], [1998.75, 2476.0], [1998.8, 6366.0], [1998.85, 5402.0], [1998.9, 2180.0], [1998.95, 2000.0], [1999.0, 4476.0], [1999.05, 835.0]]}}}
{"jsonrpc": "2.0", "method": "subscription", "params": {"channel": "book.ETH-PERPETUAL.none.20.100ms", "data": {"timestamp": 1771411735989, "change_id": 109870506809, "instrument_name": "ETH-PERPETUAL", "bids": [[1998.0, 3884.0], [1997.8, 200.0], [1997.75, 3212.0], [1997.7, 4388.0], [1997.65, 2000.0], [1997.6, 6000.0], [1997.55, 30728.0], [1997.5, 101111.0], [1997.45, 1233.0], [1997.4, 2489.0], [1997.3, 2999.0], [1997.25, 2489.0], [1997.15, 2489.0], [1997.1, 7311.0], [1997.05, 22493.0], [1997.0, 4442.0], [1996.95, 4493.0], [1996.9, 10560.0], [1996.85, 2493.0], [1996.8, 2000.0]], "asks": [[1998.05, 14215.0], [1998.1, 4881.0], [1998.15, 2000.0], [1998.2, 1134.0], [1998.3, 6843.0], [1998.35, 5800.0], [1998.4, 18947.0], [1998.45, 39783.0], [1998.5, 6473.0], [1998.55, 5001.0], [1998.6, 5488.0], [1998.65, 2000.0], [1998.7, 2825.0], [1998.75, 2476.0], [1998.8, 6366.0], [1998.85, 5402.0], [1998.9, 2180.0], [1998.95, 2000.0], [1999.0, 4476.0], [1999.05, 835.0]]}}}
{"jsonrpc": "2.0", "method": "subscription", "params": {"channel": "book.ETH-PERPETUAL.none.20.100ms", "data": {"timestamp": 1771411736295, "change_id": 109870507238, "instrument_name": "ETH-PERPETUAL", "bids": [[1998.0, 3884.0], [1997.85, 1000.0], [1997.8, 200.0], [1997.75, 2212.0], [1997.7, 4388.0], [1997.65, 2000.0], [1997.6, 6000.0], [1997.55, 30728.0], [1997.5, 101111.0], [1997.45, 1233.0], [1997.4, 2489.0], [1997.3, 2999.0], [1997.25, 2489.0], [1997.15, 2489.0], [1997.1, 7311.0], [1997.05, 22493.0], [1997.0, 4442.0], [1996.95, 4493.0], [1996.9, 10560.0], [1996.85, 2493.0]], "asks": [[1998.05, 14010.0], [1998.1, 4881.0], [1998.15, 2000.0], [1998.2, 1342.0], [1998.3, 13171.0], [1998.35, 25804.0], [1998.4, 13932.0], [1998.45, 19779.0], [1998.5, 6473.0], [1998.55, 5001.0], [1998.6, 5488.0], [1998.65, 2000.0], [1998.7, 2825.0], [1998.75, 2476.0], [1998.8, 6366.0], [1998.85, 5402.0], [1998.9, 2180.0], [1998.95, 2000.0], [1999.0, 4476.0], [1999.05, 835.0]]}}}
{"jsonrpc": "2.0", "method": "subscription", "params": {"channel": "book.ETH-PERPETUAL.none.20.100ms", "data": {"timestamp": 1771411736660, "change_id": 109870507697, "instrument_name": "ETH-PERPETUAL", "bids": [[1998.0, 3884.0], [1997.8, 1200.0], [1997.75, 2212.0], [1997.7, 4388.0], [1997.65, 2000.0], [1997.6, 6000.0], [1997.55, 30728.0], [1997.5, 101111.0], [1997.45, 1233.0], [1997.4, 2489.0], [1997.3, 2999.0], [1997.25, 2489.0], [1997.15, 2489.0], [1997.1, 7311.0], [1997.05, 22493.0], [1997.0, 4442.0], [1996.95, 4493.0], [1996.9, 10560.0], [1996.85, 2493.0], [1996.8, 2000.0]], "asks": [[1998.05, 14010.0], [1998.1, 5089.0], [1998.15, 2000.0], [1998.2, 1134.0], [1998.3, 33175.0], [1998.35, 5800.0], [1998.4, 13932.0], [1998.45, 19779.0], [1998.5, 2673.0], [1998.55, 2000.0], [1998.6, 8489.0], [1998.65, 2000.0], [1998.7, 2825.0], [1998.75, 2476.0], [1998.8, 6366.0], [1998.85, 5402.0], [1998.9, 2180.0], [1998.95, 2000.0], [1999.0, 4476.0], [1999.05, 835.0]]}}}
{"jsonrpc": "2.0", "method": "subscription", "params": {"channel": "book.ETH-PERPETUAL.none.20.100ms", "data": {"timestamp": 1771411736944, "change_id": 109870507884, "instrument_name": "ETH-PERPETUAL", "bids": [[1998.0, 3884.0], [1997.85, 212.0], [1997.8, 1200.0], [1997.75, 2000.0], [1997.7, 4388.0], [1997.65, 2000.0], [1997.6, 6000.0], [1997.55, 30728.0], [1997.5, 101111.0], [1997.45, 1233.0], [1997.4, 2489.0], [1997.3, 2999.0], [1997.25, 2489.0], [1997.15, 2489.0], [1997.1, 7311.0], [1997.05, 22493.0], [1997.0, 4442.0], [1996.95, 4493.0], [1996.9, 10560.0], [1996.85, 2493.0]], "asks": [[1998.05, 14010.0], [1998.1, 4881.0], [1998.15, 2000.0], [1998.2, 1134.0], [1998.25, 208.0], [1998.3, 13233.0], [1998.35, 25804.0], [1998.4, 13932.0], [1998.45, 19779.0], [1998.5, 2673.0], [1998.55, 2000.0], [1998.6, 8489.0], [1998.65, 2000.0], [1998.7, 2825.0], [1998.75, 2476.0], [1998.8, 6366.0], [1998.85, 5402.0], [1998.9, 2180.0], [1998.95, 2000.0], [1999.0, 4476.0]]}}}
{"jsonrpc": "2.0", "method": "subscription", "params": {"channel": "book.ETH-PERPETUAL.none.20.100ms", "data": {"timestamp": 1771411737307, "change_id": 109870508347, "instrument_name": "ETH-PERPETUAL", "bids": [[1998.0, 3884.0], [1997.85, 212.0], [1997.8, 1200.0], [1997.75, 2000.0], [1997.7, 4388.0], [1997.65, 2000.0], [1997.6, 6000.0], [1997.55, 30728.0], [1997.5, 101111.0], [1997.45, 1233.0], [1997.4, 2489.0], [1997.35, 895.0], [1997.3, 2999.0], [1997.25, 2489.0], [1997.15, 2489.0], [1997.1, 7311.0], [1997.05, 22493.0], [1997.0, 4442.0], [1996.95, 4493.0], [1996.9, 10560.0]], "asks": [[1998.05, 14010.0], [1998.1, 4881.0], [1998.15, 2208.0], [1998.2, 6961.0], [1998.3, 26847.0], [1998.35, 5800.0], [1998.4, 13932.0], [1998.45, 19779.0], [1998.5, 2673.0], [1998.55, 2000.0], [1998.6, 8489.0], [1998.65, 2000.0], [1998.7, 2825.0], [1998.75, 2476.0], [1998.8, 6366.0], [1998.85, 5402.0], [1998.9, 2180.0], [1998.95, 2000.0], [1999.0, 4476.0], [1999.1, 1107.0]]}}}
{"jsonrpc": "2.0", "method": "subscription", "params": {"channel": "book.ETH-PERPETUAL.none.20.100ms", "data": {"timestamp": 1771411737644, "change_id": 109870508668, "instrument_name": "ETH-PERPETUAL", "bids": [[1998.0, 3884.0], [1997.85, 212.0], [1997.8, 1200.0], [1997.75, 2000.0], [1997.7, 4388.0], [1997.65, 2000.0], [1997.6, 6000.0], [1997.55, 30728.0], [1997.5, 101111.0], [1997.45, 1233.0], [1997.4, 2489.0], [1997.35, 895.0], [1997.3, 2999.0], [1997.25, 2489.0], [1997.15, 2489.0], [1997.1, 7311.0], [1997.05, 22493.0], [1997.0, 4442.0], [1996.95, 4493.0], [1996.9, 10560.0]], "asks": [[1998.05, 12010.0], [1998.1, 4881.0], [1998.15, 2208.0], [1998.2, 1134.0], [1998.3, 13171.0], [1998.35, 25804.0], [1998.4, 13932.0], [1998.45, 19779.0], [1998.5, 6473.0], [1998.55, 2000.0], [1998.6, 8489.0], [1998.65, 2000.0], [1998.7, 2825.0], [1998.75, 2476.0], [1998.8, 6366.0], [1998.85, 5402.0], [1998.9, 2180.0], [1998.95, 2000.0], [1999.0, 4476.0], [1999.1, 1107.0]]}}}
{"jsonrpc": "2.0", "method": "subscription", "params": {"channel": "book.ETH-PERPETUAL.none.20.100ms", "data": {"timestamp": 1771411737860, "change_id": 109870508934, "instrument_name": "ETH-PERPETUAL", "bids": [[1998.0, 3884.0], [1997.85, 212.0], [1997.8, 1200.0], [1997.75, 2000.0], [1997.7, 4388.0], [1997.65, 2000.0], [1997.6, 6000.0], [1997.55, 30728.0], [1997.5, 101111.0], [1997.45, 1233.0], [1997.4, 2489.0], [1997.3, 2999.0], [1997.25, 2489.0], [1997.15, 2489.0], [1997.1, 7311.0], [1997.05, 22493.0], [1997.0, 4442.0], [1996.95, 4493.0], [1996.9, 10560.0], [1996.85, 2493.0]], "asks": [[1998.05, 14010.0], [1998.1, 4881.0], [1998.15, 2208.0], [1998.2, 6961.0], [1998.3, 26847.0], [1998.35, 5800.0], [1998.4, 13932.0], [1998.45, 19779.0], [1998.5, 6473.0], [1998.55, 5001.0], [1998.6, 5488.0], [1998.65, 2000.0], [1998.7, 2825.0], [1998.75, 2476.0], [1998.8, 6366.0], [1998.85, 5402.0], [1998.9, 2180.0], [1998.95, 2000.0], [1999.0, 4476.0], [1999.1, 1107.0]]}}}
{"jsonrpc": "2.0", "method": "subscription", "params": {"channel": "book.ETH-PERPETUAL.none.20.100ms", "data": {"timestamp": 1771411738276, "change_id": 109870509417, "instrument_name": "ETH-PERPETUAL", "bids": [[1998.0, 3884.0], [1997.85, 212.0], [1997.8, 1200.0], [1997.75, 2000.0], [1997.7, 4388.0], [1997.65, 2000.0], [1997.6, 6000.0], [1997.55, 30728.0], [1997.5, 101111.0], [1997.45, 1233.0], [1997.4, 2489.0], [1997.3, 2999.0], [1997.25, 2489.0], [1997.15, 2489.0], [1997.1, 7311.0], [1997.05, 22493.0], [1997.0, 4442.0], [1996.95, 4493.0], [1996.9, 10560.0], [1996.85, 2493.0]], "asks": [[1998.05, 14010.0], [1998.1, 4881.0], [1998.15, 2208.0], [1998.2, 6961.0], [1998.3, 26847.0], [1998.35, 5800.0], [1998.4, 13932.0], [1998.45, 19779.0], [1998.5, 6473.0], [1998.55, 5001.0], [1998.6, 5488.0], [1998.65, 2000.0], [1998.7, 2825.0], [1998.75, 2476.0], [1998.8, 6366.0], [1998.85, 5402.0], [1998.9, 2180.0], [1998.95, 2000.0], [1999.0, 4476.0], [1999.05, 835.0]]}}}
{"jsonrpc": "2.0", "method": "subscription", "params": {"channel": "book.ETH-PERPETUAL.none.20.100ms", "data": {"timestamp": 1771411738634, "change_id": 109870509656, "instrument_name": "ETH-PERPETUAL", "bids": [[1998.0, 3989.0], [1997.85, 212.0], [1997.8, 1200.0], [1997.75, 2000.0], [1997.7, 4388.0], [1997.65, 2000.0], [1997.6, 6000.0], [1997.55, 30728.0], [1997.5, 101111.0], [1997.45, 1233.0], [1997.4, 2489.0], [1997.35, 895.0], [1997.3, 2999.0], [1997.25, 2489.0], [1997.15, 2489.0], [1997.1, 7311.0], [1997.05, 22493.0], [1997.0, 4442.0], [1996.95, 4493.0], [1996.9, 10560.0]], "asks": [[1998.05, 14010.0], [1998.1, 4881.0], [1998.15, 2208.0], [1998.2, 6961.0], [1998.3, 26847.0], [1998.35, 5800.0], [1998.4, 13932.0], [1998.45, 19779.0], [1998.5, 6473.0], [1998.55, 5001.0], [1998.6, 5488.0], [1998.65, 2000.0], [1998.7, 2825.0], [1998.75, 2476.0], [1998.8, 6366.0], [1998.85, 5402.0], [1998.9, 2180.0], [1998.95, 2000.0], [1999.0, 4476.0], [1999.05, 835.0]]}}}
{"jsonrpc": "2.0", "method": "subscription", "params": {"channel": "book.ETH-PERPETUAL.none.20.100ms", "data": {"timestamp": 1771411738902, "change_id": 109870510045, "instrument_name": "ETH-PERPETUAL", "bids": [[1998.0, 3989.0], [1997.8, 1200.0], [1997.75, 2000.0], [1997.7, 2212.0], [1997.65, 2000.0], [1997.6, 6000.0], [1997.55, 30728.0], [1997.5, 101111.0], [1997.45, 1233.0], [1997.4, 2489.0], [1997.25, 2489.0], [1997.2, 2999.0], [1997.15, 2489.0], [1997.1, 7311.0], [1997.05, 22493.0], [1997.0, 4442.0], [1996.95, 4493.0], [1996.9, 10560.0], [1996.85, 2493.0], [1996.8, 2000.0]], "asks": [[1998.05, 14358.0], [1998.1, 4881.0], [1998.15, 2000.0], [1998.2, 11523.0], [1998.25, 20004.0], [1998.3, 24622.0], [1998.35, 5800.0], [1998.4, 9521.0], [1998.45, 2000.0], [1998.5, 7995.0], [1998.55, 2000.0], [1998.6, 5488.0], [1998.65, 2000.0], [1998.7, 2825.0], [1998.75, 2476.0], [1998.8, 6366.0], [1998.85, 5402.0], [1998.9, 2180.0], [1998.95, 2000.0], [1999.0, 4476.0]]}}}
{"jsonrpc": "2.0", "method": "subscription", "params": {"channel": "book.ETH-PERPETUAL.none.20.100ms", "data": {"timestamp": 1771411739306, "change_id": 109870510597, "instrument_name": "ETH-PERPETUAL", "bids": [[1998.0, 990.0], [1997.8, 200.0], [1997.75, 2000.0], [1997.7, 2000.0], [1997.65, 3000.0], [1997.6, 6000.0], [1997.55, 30940.0], [1997.5, 101111.0], [1997.45, 1233.0], [1997.4, 2489.0], [1997.25, 2489.0], [1997.15, 5488.0], [1997.1, 7311.0], [1997.05, 22493.0], [1997.0, 4442.0], [1996.95, 4493.0], [1996.9, 10560.0], [1996.85, 2493.0], [1996.8, 2000.0], [1996.75, 2493.0]], "asks": [[1998.05, 14539.0], [1998.1, 4881.0], [1998.15, 2000.0], [1998.2, 12413.0], [1998.25, 20004.0], [1998.3, 25875.0], [1998.35, 5800.0], [1998.4, 8625.0], [1998.45, 5001.0], [1998.5, 4994.0], [1998.55, 2000.0], [1998.6, 5488.0], [1998.65, 2000.0], [1998.7, 2825.0], [1998.75, 2476.0], [1998.8, 6366.0], [1998.85, 5402.0], [1998.9, 2180.0], [1998.95, 2000.0], [1999.0, 4476.0]]}}}
{"jsonrpc": "2.0", "method": "subscription", "params": {"channel": "book.ETH-PERPETUAL.none.20.100ms", "data": {"timestamp": 1771411739623, "change_id": 109870510795, "instrument_name": "ETH-PERPETUAL", "bids": [[1998.0, 990.0], [1997.8, 200.0], [1997.75, 2000.0], [1997.7, 2000.0], [1997.65, 3000.0], [1997.6, 6000.0], [1997.55, 30940.0], [1997.5, 101111.0], [1997.45, 1233.0], [1997.4, 2489.0], [1997.25, 2489.0], [1997.2, 2999.0], [1997.15, 2489.0], [1997.1, 7311.0], [1997.05, 22493.0], [1997.0, 7023.0], [1996.95, 4493.0], [1996.9, 10560.0], [1996.85, 2493.0], [1996.8, 2000.0]], "asks": [[1998.05, 14539.0], [1998.1, 4881.0], [1998.15, 2000.0], [1998.2, 12413.0], [1998.25, 20004.0], [1998.3, 25875.0], [1998.35, 5800.0], [1998.4, 8625.0], [1998.45, 5800.0], [1998.5, 4195.0], [1998.55, 2000.0], [1998.6, 5488.0], [1998.65, 2000.0], [1998.7, 2825.0], [1998.75, 2476.0], [1998.8, 6366.0], [1998.85, 5402.0], [1998.9, 2180.0], [1998.95, 2000.0], [1999.0, 4476.0]]}}}
{"jsonrpc": "2.0", "method": "subscription", "params": {"channel": "book.ETH-PERPETUAL.none.20.100ms", "data": {"timestamp": 1771411739894, "change_id": 109870511141, "instrument_name": "ETH-PERPETUAL", "bids": [[1998.0, 990.0], [1997.8, 200.0], [1997.75, 2000.0], [1997.7, 2000.0], [1997.65, 3212.0], [1997.6, 6000.0], [1997.55, 30728.0], [1997.5, 101111.0], [1997.45, 1233.0], [1997.4, 2489.0], [1997.25, 2489.0], [1997.2, 2999.0], [1997.15, 2489.0], [1997.1, 7311.0], [1997.05, 22493.0], [1997.0, 7023.0], [1996.95, 4493.0], [1996.9, 10560.0], [1996.85, 2493.0], [1996.8, 2000.0]], "asks": [[1998.05, 14539.0], [1998.1, 4881.0], [1998.15, 2000.0], [1998.2, 12413.0], [1998.25, 20004.0], [1998.3, 25875.0], [1998.35, 5800.0], [1998.4, 8625.0], [1998.45, 8801.0], [1998.5, 1194.0], [1998.55, 2000.0], [1998.6, 5488.0], [1998.65, 2000.0], [1998.7, 2825.0], [1998.75, 2476.0], [1998.8, 6366.0], [1998.85, 5402.0], [1998.9, 2180.0], [1998.95, 2000.0], [1999.0, 4476.0]]}}}
{"jsonrpc": "2.0", "method": "subscription", "params": {"channel": "book.ETH-PERPETUAL.none.20.100ms", "data": {"timestamp": 1771411740297, "change_id": 109870511633, "instrument_name": "ETH-PERPETUAL", "bids": [[1998.0, 3989.0], [1997.8, 200.0], [1997.75, 2000.0], [1997.7, 2000.0], [1997.65, 3212.0], [1997.6, 6000.0], [1997.55, 30728.0], [1997.5, 101111.0], [1997.45, 1233.0], [1997.4, 2489.0], [1997.25, 2489.0], [1997.15, 2489.0], [1997.1, 7311.0], [1997.05, 22493.0], [1997.0, 7023.0], [1996.95, 4493.0], [1996.9, 10560.0], [1996.85, 2493.0], [1996.8, 2000.0], [1996.75, 2493.0]], "asks": [[1998.05, 14358.0], [1998.1, 4881.0], [1998.15, 2000.0], [1998.2, 12413.0], [1998.25, 20004.0], [1998.3, 25875.0], [1998.35, 5800.0], [1998.4, 11625.0], [1998.45, 5800.0], [1998.5, 1194.0], [1998.55, 2000.0], [1998.6, 5488.0], [1998.65, 2000.0], [1998.7, 2825.0], [1998.75, 2476.0], [1998.8, 6366.0], [1998.85, 5402.0], [1998.9, 2180.0], [1998.95, 2000.0], [1999.0, 4476.0]]}}}
{"jsonrpc": "2.0", "method": "subscription", "params": {"channel": "book.ETH-PERPETUAL.none.20.100ms", "data": {"timestamp": 1771411740612, "change_id": 109870511863, "instrument_name": "ETH-PERPETUAL", "bids": [[1998.0, 3989.0], [1997.8, 200.0], [1997.75, 3000.0], [1997.7, 2000.0], [1997.65, 2212.0], [1997.6, 6000.0], [1997.55, 30728.0], [1997.5, 101111.0], [1997.45, 1233.0], [1997.4, 2489.0], [1997.25, 2489.0], [1997.15, 5488.0], [1997.1, 7311.0], [1997.05, 22493.0], [1997.0, 7023.0], [1996.95, 4493.0], [1996.9, 10560.0], [1996.85, 2493.0], [1996.8, 2000.0], [1996.75, 2493.0]], "asks": [[1998.05, 14358.0], [1998.1, 4881.0], [1998.15, 2000.0], [1998.2, 7105.0], [1998.25, 20004.0], [1998.3, 13242.0], [1998.35, 23579.0], [1998.4, 13695.0], [1998.45, 2000.0], [1998.5, 1194.0], [1998.55, 2000.0], [1998.6, 5488.0], [1998.65, 2000.0], [1998.7, 2825.0], [1998.75, 2476.0], [1998.8, 6366.0], [1998.85, 5402.0], [1998.9, 2180.0], [1998.95, 2000.0], [1999.0, 4476.0]]}}}
{"jsonrpc": "2.0", "method": "subscription", "params": {"channel": "book.ETH-PERPETUAL.none.20.100ms", "data": {"timestamp": 1771411740957, "change_id": 109870512449, "instrument_name": "ETH-PERPETUAL", "bids": [[1997.7, 2000.0], [1997.65, 2000.0], [1997.6, 2000.0], [1997.55, 2000.0], [1997.5, 100000.0], [1997.35, 1000.0], [1997.15, 2489.0], [1997.05, 22493.0], [1997.0, 3361.0], [1996.95, 4493.0], [1996.9, 3341.0], [1996.85, 2493.0], [1996.8, 2000.0], [1996.75, 2493.0], [1996.65, 2489.0], [1996.6, 983.0], [1996.55, 2493.0], [1996.5, 2662.0], [1996.45, 7493.0], [1996.4, 2000.0]], "asks": [[1997.75, 15807.0], [1997.8, 5821.0], [1997.85, 10206.0], [1997.95, 1134.0], [1998.0, 7030.0], [1998.05, 5940.0], [1998.1, 4881.0], [1998.15, 2000.0], [1998.2, 7105.0], [1998.25, 20004.0], [1998.3, 13242.0], [1998.35, 26580.0], [1998.4, 6381.0], [1998.45, 2000.0], [1998.5, 3683.0], [1998.55, 2000.0], [1998.6, 5488.0], [1998.65, 4489.0], [1998.7, 2825.0], [1998.75, 2476.0]]}}}
{"jsonrpc": "2.0", "method": "subscription", "params": {"channel": "book.ETH-PERPETUAL.none.20.100ms", "data": {"timestamp": 1771411741286, "change_id": 109870514855, "instrument_name": "ETH-PERPETUAL", "bids": [[1997.05, 28028.0], [1997.0, 3194.0], [1996.95, 2000.0], [1996.9, 2000.0], [1996.85, 896.0], [1996.8, 3000.0], [1996.7, 1937.0], [1996.65, 6489.0], [1996.6, 1115.0], [1996.55, 3737.0], [1996.5, 1404.0], [1996.45, 2493.0], [1996.4, 2000.0], [1996.35, 5507.0], [1996.3, 1670.0], [1996.25, 2000.0], [1996.2, 4488.0], [1996.1, 1944.0], [1996.05, 4512.0], [1996.0, 2060.0]], "asks": [[1997.1, 12621.0], [1997.15, 3221.0], [1997.3, 208.0], [1997.4, 5971.0], [1997.45, 20004.0], [1997.5, 6304.0], [1997.55, 19637.0], [1997.6, 2030.0], [1997.65, 4245.0], [1997.7, 7111.0], [1997.75, 6289.0], [1997.8, 7140.0], [1997.85, 5787.0], [1997.9, 3370.0], [1997.95, 5000.0], [1998.0, 9850.0], [1998.05, 10599.0], [1998.1, 2489.0], [1998.15, 2000.0], [1998.25, 2489.0]]}}}
{"jsonrpc": "2.0", "method": "subscription", "params": {"channel": "book.ETH-PERPETUAL.none.20.100ms", "data": {"timestamp": 1771411741607, "change_id": 109870515478, "instrument_name": "ETH-PERPETUAL", "bids": [[1997.05, 28028.0], [1997.0, 2000.0], [1996.95, 2000.0], [1996.9, 2000.0], [1996.85, 896.0], [1996.8, 3000.0], [1996.75, 300.0], [1996.7, 1937.0], [1996.65, 6701.0], [1996.6, 1115.0], [1996.55, 3737.0], [1996.5, 1404.0], [1996.45, 2493.0], [1996.4, 4999.0], [1996.35, 2508.0], [1996.3, 1670.0], [1996.25, 2000.0], [1996.2, 3593.0], [1996.1, 1944.0], [1996.05, 4512.0]], "asks": [[1997.1, 12829.0], [1997.15, 3221.0], [1997.3, 5971.0], [1997.35, 20004.0], [1997.4, 5307.0], [1997.5, 17779.0], [1997.55, 1858.0], [1997.6, 2030.0], [1997.65, 1244.0], [1997.7, 9310.0], [1997.75, 12382.0], [1997.8, 3340.0], [1997.85, 4489.0], [1997.9, 2235.0], [1997.95, 5000.0], [1998.0, 3829.0], [1998.05, 2000.0], [1998.1, 2489.0], [1998.15, 2100.0], [1998.2, 15727.0]]}}}
{"jsonrpc": "2.0", "method": "subscription", "params": {"channel": "book.ETH-PERPETUAL.none.20.100ms", "data": {"timestamp": 1771411741949, "change_id": 109870515974, "instrument_name": "ETH-PERPETUAL", "bids": [[1997.05, 28128.0], [1997.0, 3194.0], [1996.95, 2000.0], [1996.9, 2000.0], [1996.85, 896.0], [1996.8, 3000.0], [1996.75, 300.0], [1996.7, 1937.0], [1996.65, 6701.0], [1996.6, 1115.0], [1996.55, 3737.0], [1996.5, 4403.0], [1996.45, 2493.0], [1996.4, 2000.0], [1996.35, 2508.0], [1996.3, 1670.0], [1996.25, 2000.0], [1996.2, 3593.0], [1996.1, 1944.0], [1996.05, 4512.0]], "asks": [[1997.1, 12829.0], [1997.15, 3221.0], [1997.3, 5971.0], [1997.35, 20004.0], [1997.4, 5307.0], [1997.5, 17779.0], [1997.55, 1858.0], [1997.6, 1506.0], [1997.65, 1244.0], [1997.7, 7197.0], [1997.75, 12382.0], [1997.8, 3340.0], [1997.85, 5081.0], [1997.9, 2235.0], [1997.95, 5000.0], [1998.0, 3829.0], [1998.05, 2000.0], [1998.1, 3315.0], [1998.15, 2100.0], [1998.2, 15727.0]]}}}
{"jsonrpc": "2.0", "method": "subscription", "params": {"channel": "book.ETH-PERPETUAL.none.20.100ms", "data": {"timestamp": 1771411742277, "change_id": 109870516931, "instrument_name": "ETH-PERPETUAL", "bids": [[1997.05, 28128.0], [1997.0, 3194.0], [1996.95, 2000.0], [1996.9, 2000.0], [1996.85, 896.0], [1996.8, 3000.0], [1996.75, 512.0], [1996.7, 1937.0], [1996.65, 6489.0], [1996.6, 1115.0], [1996.55, 3737.0], [1996.5, 1404.0], [1996.45, 5492.0], [1996.4, 2000.0], [1996.35, 2508.0], [1996.3, 1670.0], [1996.25, 2000.0], [1996.2, 3593.0], [1996.1, 1944.0], [1996.05, 4512.0]], "asks": [[1997.1, 12829.0], [1997.15, 1081.0], [1997.4, 10600.0], [1997.45, 20004.0], [1997.5, 17779.0], [1997.55, 1858.0], [1997.6, 1506.0], [1997.65, 1244.0], [1997.7, 7197.0], [1997.75, 12382.0], [1997.8, 3340.0], [1997.85, 5081.0], [1997.9, 2235.0], [1997.95, 5000.0], [1998.0, 3829.0], [1998.05, 2000.0], [1998.1, 3315.0], [1998.15, 2100.0], [1998.2, 1060.0], [1998.25, 2489.0]]}}}
{"jsonrpc": "2.0", "method": "subscription", "params": {"channel": "book.ETH-PERPETUAL.none.20.100ms", "data": {"timestamp": 1771411742613, "change_id": 109870517251, "instrument_name": "ETH-PERPETUAL", "bids": [[1997.05, 31928.0], [1997.0, 3194.0], [1996.95, 2000.0], [1996.9, 3000.0], [1996.8, 2000.0], [1996.75, 512.0], [1996.7, 2824.0], [1996.65, 6489.0], [1996.6, 4915.0], [1996.55, 3737.0], [1996.5, 1404.0], [1996.45, 5492.0], [1996.4, 2000.0], [1996.35, 2508.0], [1996.3, 1670.0], [1996.25, 2000.0], [1996.2, 3593.0], [1996.1, 1944.0], [1996.05, 4512.0], [1996.0, 2060.0]], "asks": [[1997.1, 12829.0], [1997.15, 1081.0], [1997.4, 10600.0], [1997.45, 20004.0], [1997.5, 19468.0], [1997.55, 5658.0], [1997.6, 1506.0], [1997.65, 1244.0], [1997.7, 7197.0], [1997.75, 12382.0], [1997.8, 3340.0], [1997.85, 5081.0], [1997.9, 2235.0], [1997.95, 5000.0], [1998.0, 3829.0], [1998.05, 2000.0], [1998.1, 3315.0], [1998.15, 2100.0], [1998.2, 1060.0], [1998.25, 2489.0]]}}}
{"jsonrpc": "2.0", "method": "subscription", "params": {"channel": "book.ETH-PERPETUAL.none.20.100ms", "data": {"timestamp": 1771411742936, "change_id": 109870517855, "instrument_name": "ETH-PERPETUAL", "bids": [[1997.05, 31930.0], [1997.0, 3194.0], [1996.95, 2000.0], [1996.9, 3000.0], [1996.8, 2000.0], [1996.75, 512.0], [1996.7, 2824.0], [1996.65, 6489.0], [1996.6, 4915.0], [1996.55, 3737.0], [1996.5, 4403.0], [1996.45, 2493.0], [1996.4, 2000.0], [1996.35, 2508.0], [1996.3, 1670.0], [1996.25, 2000.0], [1996.2, 3593.0], [1996.1, 1944.0], [1996.05, 4512.0], [1996.0, 2060.0]], "asks": [[1997.1, 12829.0], [1997.15, 1081.0], [1997.4, 10600.0], [1997.45, 20004.0], [1997.5, 19468.0], [1997.55, 5658.0], [1997.6, 1506.0], [1997.65, 1244.0], [1997.7, 5140.0], [1997.75, 2489.0], [1997.8, 6341.0], [1997.85, 5081.0], [1997.9, 2235.0], [1997.95, 5000.0], [1998.0, 3829.0], [1998.05, 2000.0], [1998.1, 3315.0], [1998.15, 2100.0], [1998.2, 1060.0], [1998.25, 2489.0]]}}}
{"jsonrpc": "2.0", "method": "subscription", "params": {"channel": "book.ETH-PERPETUAL.none.20.100ms", "data": {"timestamp": 1771411743274, "change_id": 109870518398, "instrument_name": "ETH-PERPETUAL", "bids": [[1997.05, 28130.0], [1997.0, 3194.0], [1996.95, 2000.0], [1996.9, 3000.0], [1996.8, 2000.0], [1996.75, 512.0], [1996.7, 2824.0], [1996.65, 6489.0], [1996.6, 4915.0], [1996.55, 3737.0], [1996.5, 4403.0], [1996.45, 2493.0], [1996.4, 2000.0], [1996.35, 2508.0], [1996.3, 1670.0], [1996.25, 2000.0], [1996.2, 3593.0], [1996.1, 1944.0], [1996.05, 4512.0], [1996.0, 2060.0]], "asks": [[1997.1, 8209.0], [1997.15, 1081.0], [1997.4, 10600.0], [1997.45, 20004.0], [1997.5, 19468.0], [1997.55, 5658.0], [1997.6, 1506.0], [1997.65, 1244.0], [1997.7, 5140.0], [1997.75, 2489.0], [1997.8, 6341.0], [1997.85, 5081.0], [1997.9, 2235.0], [1997.95, 5000.0], [1998.0, 3829.0], [1998.05, 2000.0], [1998.1, 3315.0], [1998.15, 2100.0], [1998.2, 1060.0], [1998.25, 2489.0]]}}}
{"jsonrpc": "2.0", "method": "subscription", "params": {"channel": "book.ETH-PERPETUAL.none.20.100ms", "data": {"timestamp": 1771411743606, "change_id": 109870518703, "instrument_name": "ETH-PERPETUAL", "bids": [[1997.05, 31930.0], [1997.0, 3194.0], [1996.95, 2000.0], [1996.9, 3000.0], [1996.85, 2388.0], [1996.8, 8000.0], [1996.75, 512.0], [1996.7, 1937.0], [1996.65, 2489.0], [1996.6, 4915.0], [1996.55, 3737.0], [1996.5, 1404.0], [1996.45, 5492.0], [1996.4, 2000.0], [1996.35, 2508.0], [1996.3, 1670.0], [1996.25, 2000.0], [1996.2, 3593.0], [1996.1, 1944.0], [1996.05, 4512.0]], "asks": [[1997.1, 12009.0], [1997.15, 1081.0], [1997.4, 5307.0], [1997.5, 21693.0], [1997.55, 5658.0], [1997.6, 6620.0], [1997.65, 19023.0], [1997.7, 5140.0], [1997.75, 2489.0], [1997.8, 7839.0], [1997.85, 10081.0], [1998.0, 3829.0], [1998.05, 2000.0], [1998.1, 3315.0], [1998.15, 2100.0], [1998.2, 1060.0], [1998.25, 2489.0], [1998.3, 1710.0], [1998.35, 4489.0], [1998.4, 16929.0]]}}}
{"jsonrpc": "2.0", "method": "subscription", "params": {"channel": "book.ETH-PERPETUAL.none.20.100ms", "data": {"timestamp": 1771411743821, "change_id": 109870518983, "instrument_name": "ETH-PERPETUAL", "bids": [[1997.05, 28130.0], [1997.0, 3194.0], [1996.95, 2000.0], [1996.9, 3000.0], [1996.85, 2388.0], [1996.8, 8000.0], [1996.75, 512.0], [1996.7, 1937.0], [1996.65, 2489.0], [1996.6, 4915.0], [1996.55, 3737.0], [1996.5, 4403.0], [1996.45, 2493.0], [1996.4, 2000.0], [1996.35, 2508.0], [1996.3, 1670.0], [1996.25, 2000.0], [1996.2, 3593.0], [1996.1, 1944.0], [1996.05, 4512.0]], "asks": [[1997.1, 8209.0], [1997.15, 1081.0], [1997.4, 5307.0], [1997.5, 21693.0], [1997.55, 5658.0], [1997.6, 6620.0], [1997.65, 19023.0], [1997.7, 5140.0], [1997.75, 2489.0], [1997.8, 7839.0], [1997.85, 10081.0], [1998.0, 3829.0], [1998.05, 2000.0], [1998.1, 3315.0], [1998.15, 2100.0], [1998.2, 1060.0], [1998.25, 2489.0], [1998.3, 1710.0], [1998.35, 4489.0], [1998.4, 16929.0]]}}}
{"jsonrpc": "2.0", "method": "subscription", "params": {"channel": "book.ETH-PERPETUAL.none.20.100ms", "data": {"timestamp": 1771411744218, "change_id": 109870519606, "instrument_name": "ETH-PERPETUAL", "bids": [[1997.05, 28110.0], [1997.0, 3194.0], [1996.95, 2000.0], [1996.9, 3000.0], [1996.85, 2388.0], [1996.8, 8000.0], [1996.75, 512.0], [1996.7, 1937.0], [1996.65, 2489.0], [1996.6, 4915.0], [1996.55, 3737.0], [1996.5, 1404.0], [1996.45, 5492.0], [1996.4, 2000.0], [1996.35, 2508.0], [1996.3, 1670.0], [1996.25, 2000.0], [1996.2, 3593.0], [1996.1, 1944.0], [1996.05, 4512.0]], "asks": [[1997.1, 8209.0], [1997.15, 1081.0], [1997.4, 5307.0], [1997.5, 21693.0], [1997.55, 5658.0], [1997.6, 1506.0], [1997.65, 19023.0], [1997.7, 5140.0], [1997.75, 2489.0], [1997.8, 7839.0], [1997.85, 10081.0], [1998.0, 3829.0], [1998.05, 2000.0], [1998.1, 3315.0], [1998.15, 2100.0], [1998.2, 1060.0], [1998.25, 2489.0], [1998.3, 1710.0], [1998.35, 4489.0], [1998.4, 16929.0]]}}}
{"jsonrpc": "2.0", "method": "subscription", "params": {"channel": "book.ETH-PERPETUAL.none.20.100ms", "data": {"timestamp": 1771411744585, "change_id": 109870521262, "instrument_name": "ETH-PERPETUAL", "bids": [[1998.0, 6558.0], [1997.85, 1534.0], [1997.8, 6816.0], [1997.55, 1000.0], [1997.5, 1652.0], [1997.45, 3800.0], [1997.4, 10934.0], [1997.2, 3618.0], [1997.1, 14554.0], [1997.05, 40111.0], [1997.0, 4081.0], [1996.95, 4484.0], [1996.9, 2000.0], [1996.85, 2388.0], [1996.8, 2000.0], [1996.75, 2784.0], [1996.65, 2489.0], [1996.55, 2493.0], [1996.5, 1404.0], [1996.45, 2493.0]], "asks": [[1998.05, 5892.0], [1998.15, 2100.0], [1998.3, 846.0], [1998.35, 4481.0], [1998.4, 1340.0], [1998.45, 19780.0], [1998.5, 7483.0], [1998.55, 22006.0], [1998.6, 3340.0], [1998.65, 4489.0], [1998.7, 2232.0], [1998.75, 2476.0], [1998.8, 1366.0], [1998.85, 4476.0], [1998.9, 4934.0], [1998.95, 2000.0], [1999.0, 9476.0], [1999.1, 1336.0], [1999.15, 4476.0], [1999.2, 1338.0]]}}}
{"jsonrpc": "2.0", "method": "subscription", "params": {"channel": "book.ETH-PERPETUAL.none.20.100ms", "data": {"timestamp": 1771411744913, "change_id": 109870523243, "instrument_name": "ETH-PERPETUAL", "bids": [[1997.75, 11903.0], [1997.6, 1194.0], [1997.55, 2999.0], [1997.5, 2591.0], [1997.45, 6284.0], [1997.4, 7679.0], [1997.35, 2959.0], [1997.3, 6890.0], [1997.25, 1112.0], [1997.2, 4859.0], [1997.1, 12970.0], [1997.05, 23865.0], [1997.0, 3816.0], [1996.95, 4484.0], [1996.9, 3338.0], [1996.85, 2484.0], [1996.8, 2000.0], [1996.75, 2784.0], [1996.7, 2235.0], [1996.65, 2489.0]], "asks": [[1997.8, 1865.0], [1998.1, 984.0], [1998.15, 1965.0], [1998.3, 1194.0], [1998.35, 2000.0], [1998.4, 3793.0], [1998.45, 4484.0], [1998.5, 5798.0], [1998.55, 2000.0], [1998.6, 10801.0], [1998.65, 20861.0], [1998.75, 2484.0], [1998.8, 1338.0], [1998.85, 2000.0], [1998.9, 6679.0], [1998.95, 2000.0], [1999.0, 2000.0], [1999.1, 2484.0], [1999.15, 2000.0], [1999.2, 1338.0]]}}}
{"jsonrpc": "2.0", "method": "subscription", "params": {"channel": "book.ETH-PERPETUAL.none.20.100ms", "data": {"timestamp": 1771411745257, "change_id": 109870524403, "instrument_name": "ETH-PERPETUAL", "bids": [[1997.75, 12193.0], [1997.6, 1194.0], [1997.5, 5590.0], [1997.45, 6284.0], [1997.4, 7679.0], [1997.35, 3073.0], [1997.3, 6890.0], [1997.25, 1112.0], [1997.2, 4859.0], [1997.1, 12970.0], [1997.05, 24277.0], [1997.0, 3816.0], [1996.95, 4484.0], [1996.9, 5437.0], [1996.85, 2484.0], [1996.8, 9602.0], [1996.75, 2784.0], [1996.7, 2235.0], [1996.65, 2489.0], [1996.6, 5000.0]], "asks": [[1997.8, 1865.0], [1998.1, 984.0], [1998.15, 1965.0], [1998.35, 2000.0], [1998.4, 1793.0], [1998.45, 4484.0], [1998.5, 5798.0], [1998.55, 2000.0], [1998.6, 16110.0], [1998.65, 23087.0], [1998.7, 17780.0], [1998.75, 2484.0], [1998.8, 3556.0], [1998.85, 5001.0], [1998.9, 8678.0], [1998.95, 2000.0], [1999.0, 2000.0], [1999.1, 2484.0], [1999.15, 2000.0], [1999.2, 1338.0]]}}}
{"jsonrpc": "2.0", "method": "subscription", "params": {"channel": "book.ETH-PERPETUAL.none.20.100ms", "data": {"timestamp": 1771411745584, "change_id": 109870524967, "instrument_name": "ETH-PERPETUAL", "bids": [[1998.05, 13007.0], [1997.8, 906.0], [1997.75, 2652.0], [1997.6, 941.0], [1997.5, 3897.0], [1997.45, 9283.0], [1997.4, 7679.0], [1997.35, 3073.0], [1997.3, 6890.0], [1997.2, 2484.0], [1997.1, 9170.0], [1997.05, 23481.0], [1997.0, 3816.0], [1996.95, 4484.0], [1996.9, 5437.0], [1996.85, 2484.0], [1996.8, 9602.0], [1996.75, 2784.0], [1996.7, 2235.0], [1996.65, 2489.0]], "asks": [[1998.1, 4784.0], [1998.15, 100.0], [1998.35, 2000.0], [1998.4, 1793.0], [1998.45, 4484.0], [1998.5, 6676.0], [1998.55, 5800.0], [1998.6, 16110.0], [1998.65, 5561.0], [1998.7, 37786.0], [1998.75, 2484.0], [1998.8, 1338.0], [1998.85, 5001.0], [1998.9, 3678.0], [1998.95, 2000.0], [1999.0, 2000.0], [1999.1, 2484.0], [1999.15, 2000.0], [1999.2, 1338.0], [1999.25, 2484.0]]}}}
{"jsonrpc": "2.0", "method": "subscription", "params": {"channel": "book.ETH-PERPETUAL.none.20.100ms", "data": {"timestamp": 1771411745921, "change_id": 109870526497, "instrument_name": "ETH-PERPETUAL", "bids": [[1998.1, 12628.0], [1998.05, 689.0], [1997.8, 906.0], [1997.75, 2317.0], [1997.5, 3897.0], [1997.45, 6284.0], [1997.4, 8797.0], [1997.35, 3073.0], [1997.2, 2484.0], [1997.1, 9170.0], [1997.05, 23481.0], [1997.0, 3816.0], [1996.95, 4484.0], [1996.9, 4660.0], [1996.85, 2484.0], [1996.8, 7000.0], [1996.75, 2784.0], [1996.65, 2489.0], [1996.6, 6709.0], [1996.55, 22477.0]], "asks": [[1998.15, 3041.0], [1998.35, 2000.0], [1998.4, 1793.0], [1998.45, 2000.0], [1998.5, 6676.0], [1998.55, 5800.0], [1998.6, 12112.0], [1998.65, 5561.0], [1998.7, 20006.0], [1998.75, 8456.0], [1998.8, 22119.0], [1998.85, 2000.0], [1998.9, 3678.0], [1998.95, 2000.0], [1999.0, 4484.0], [1999.1, 2484.0], [1999.15, 2000.0], [1999.2, 1338.0], [1999.25, 2484.0], [1999.3, 4660.0]]}}}
{"jsonrpc": "2.0", "method": "subscription", "params": {"channel": "book.ETH-PERPETUAL.none.20.100ms", "data": {"timestamp": 1771411746239, "change_id": 109870527174, "instrument_name": "ETH-PERPETUAL", "bids": [[1998.1, 21886.0], [1998.05, 712.0], [1997.8, 903.0], [1997.75, 3024.0], [1997.6, 895.0], [1997.5, 6896.0], [1997.45, 6284.0], [1997.4, 5798.0], [1997.35, 3073.0], [1997.2, 2484.0], [1997.1, 9170.0], [1997.05, 31089.0], [1997.0, 3816.0], [1996.95, 4484.0], [1996.9, 4660.0], [1996.85, 2484.0], [1996.8, 7000.0], [1996.75, 2784.0], [1996.65, 8454.0], [1996.6, 19984.0]], "asks": [[1998.15, 192.0], [1998.35, 2000.0], [1998.4, 1793.0], [1998.45, 2000.0], [1998.5, 6676.0], [1998.55, 5800.0], [1998.6, 6352.0], [1998.65, 5561.0], [1998.75, 7791.0], [1998.8, 25815.0], [1998.85, 22006.0], [1998.9, 6679.0], [1998.95, 2000.0], [1999.0, 4484.0], [1999.1, 2484.0], [1999.15, 2000.0], [1999.2, 1338.0], [1999.25, 2484.0], [1999.3, 4660.0], [1999.35, 4484.0]]}}}
{"jsonrpc": "2.0", "method": "subscription", "params": {"channel": "book.ETH-PERPETUAL.none.20.100ms", "data": {"timestamp": 1771411746562, "change_id": 109870527527, "instrument_name": "ETH-PERPETUAL", "bids": [[1998.1, 26828.0], [1998.05, 100.0], [1997.8, 903.0], [1997.75, 3024.0], [1997.7, 1134.0], [1997.65, 3800.0], [1997.6, 895.0], [1997.5, 6896.0], [1997.45, 6284.0], [1997.4, 5798.0], [1997.35, 3073.0], [1997.2, 2484.0], [1997.1, 9170.0], [1997.05, 31089.0], [1997.0, 3816.0], [1996.95, 4484.0], [1996.9, 4660.0], [1996.85, 2484.0], [1996.8, 7000.0], [1996.75, 2784.0]], "asks": [[1998.15, 100.0], [1998.35, 2000.0], [1998.4, 1793.0], [1998.45, 2000.0], [1998.5, 6676.0], [1998.55, 5800.0], [1998.6, 10152.0], [1998.65, 5561.0], [1998.7, 12021.0], [1998.75, 22490.0], [1998.8, 19118.0], [1998.85, 2000.0], [1998.9, 6679.0], [1998.95, 2000.0], [1999.0, 4484.0], [1999.1, 2484.0], [1999.15, 2000.0], [1999.2, 1338.0], [1999.25, 2484.0], [1999.3, 4660.0]]}}}
{"jsonrpc": "2.0", "method": "subscription", "params": {"channel": "book.ETH-PERPETUAL.none.20.100ms", "data": {"timestamp": 1771411746849, "change_id": 109870528069, "instrument_name": "ETH-PERPETUAL", "bids": [[1998.1, 26742.0], [1998.05, 100.0], [1997.8, 903.0], [1997.75, 2924.0], [1997.7, 1134.0], [1997.65, 3800.0], [1997.6, 895.0], [1997.5, 6896.0], [1997.45, 6284.0], [1997.4, 5798.0], [1997.35, 3073.0], [1997.2, 2484.0], [1997.1, 9170.0], [1997.05, 31089.0], [1997.0, 3816.0], [1996.95, 4484.0], [1996.9, 4660.0], [1996.85, 2484.0], [1996.8, 7000.0], [1996.75, 2784.0]], "asks": [[1998.15, 100.0], [1998.35, 2000.0], [1998.4, 1793.0], [1998.45, 2000.0], [1998.5, 6676.0], [1998.55, 5800.0], [1998.6, 10152.0], [1998.65, 5561.0], [1998.7, 12021.0], [1998.75, 22490.0], [1998.8, 19118.0], [1998.85, 2000.0], [1998.9, 6679.0], [1998.95, 2000.0], [1999.0, 4484.0], [1999.1, 2484.0], [1999.15, 2000.0], [1999.2, 1338.0], [1999.25, 2484.0], [1999.3, 4660.0]]}}}
{"jsonrpc": "2.0", "method": "subscription", "params": {"channel": "book.ETH-PERPETUAL.none.20.100ms", "data": {"timestamp": 1771411747202, "change_id": 109870528704, "instrument_name": "ETH-PERPETUAL", "bids": [[1998.1, 23030.0], [1998.05, 100.0], [1997.8, 903.0], [1997.75, 2924.0], [1997.7, 1134.0], [1997.65, 3800.0], [1997.6, 895.0], [1997.5, 6896.0], [1997.45, 6284.0], [1997.4, 5798.0], [1997.35, 3073.0], [1997.2, 2484.0], [1997.1, 9170.0], [1997.05, 31089.0], [1997.0, 3816.0], [1996.95, 4484.0], [1996.9, 4660.0], [1996.85, 2484.0], [1996.8, 7000.0], [1996.75, 2784.0]], "asks": [[1998.15, 100.0], [1998.35, 2000.0], [1998.4, 1793.0], [1998.45, 2000.0], [1998.5, 6676.0], [1998.55, 5800.0], [1998.6, 10152.0], [1998.65, 5561.0], [1998.7, 12021.0], [1998.75, 22490.0], [1998.8, 19118.0], [1998.85, 2000.0], [1998.9, 6679.0], [1998.95, 2000.0], [1999.0, 4484.0], [1999.1, 2484.0], [1999.15, 2000.0], [1999.2, 1338.0], [1999.25, 2484.0], [1999.3, 4660.0]]}}}
{"jsonrpc": "2.0", "method": "subscription", "params": {"channel": "book.ETH-PERPETUAL.none.20.100ms", "data": {"timestamp": 1771411747569, "change_id": 109870529116, "instrument_name": "ETH-PERPETUAL", "bids": [[1998.1, 13337.0], [1998.05, 100.0], [1997.95, 1212.0], [1997.85, 8000.0], [1997.8, 903.0], [1997.75, 2924.0], [1997.5, 2591.0], [1997.45, 6284.0], [1997.4, 1998.0], [1997.35, 3073.0], [1997.3, 1637.0], [1997.25, 2999.0], [1997.2, 2484.0], [1997.1, 9170.0], [1997.05, 30094.0], [1997.0, 3816.0], [1996.95, 4484.0], [1996.9, 3338.0], [1996.85, 2484.0], [1996.8, 4324.0]], "asks": [[1998.15, 8841.0], [1998.35, 2000.0], [1998.4, 1793.0], [1998.45, 2000.0], [1998.5, 18237.0], [1998.55, 5800.0], [1998.6, 47729.0], [1998.65, 5561.0], [1998.7, 1637.0], [1998.75, 5485.0], [1998.8, 2660.0], [1998.85, 2000.0], [1998.9, 8678.0], [1998.95, 2000.0], [1999.0, 4484.0], [1999.1, 2484.0], [1999.15, 2000.0], [1999.2, 1338.0], [1999.25, 2624.0], [1999.3, 3338.0]]}}}
{"jsonrpc": "2.0", "method": "subscription", "params": {"channel": "book.ETH-PERPETUAL.none.20.100ms", "data": {"timestamp": 1771411747882, "change_id": 109870529555, "instrument_name": "ETH-PERPETUAL", "bids": [[1998.1, 21157.0], [1998.05, 100.0], [1997.95, 212.0], [1997.8, 903.0], [1997.75, 2924.0], [1997.5, 5590.0], [1997.45, 6284.0], [1997.4, 1998.0], [1997.35, 3073.0], [1997.2, 2484.0], [1997.1, 9170.0], [1997.05, 30094.0], [1997.0, 3816.0], [1996.95, 4484.0], [1996.9, 3338.0], [1996.85, 2484.0], [1996.8, 4324.0], [1996.75, 2784.0], [1996.7, 5000.0], [1996.65, 2489.0]], "asks": [[1998.15, 192.0], [1998.35, 2000.0], [1998.4, 1793.0], [1998.45, 2000.0], [1998.5, 8212.0], [1998.55, 5800.0], [1998.6, 9944.0], [1998.65, 5561.0], [1998.7, 1637.0], [1998.75, 40269.0], [1998.8, 1338.0], [1998.85, 5001.0], [1998.9, 3678.0], [1998.95, 2000.0], [1999.0, 4484.0], [1999.1, 2484.0], [1999.15, 2000.0], [1999.2, 1338.0], [1999.25, 2624.0], [1999.3, 8338.0]]}}}
{"jsonrpc": "2.0", "method": "subscription", "params": {"channel": "book.ETH-PERPETUAL.none.20.100ms", "data": {"timestamp": 1771411748227, "change_id": 109870530095, "instrument_name": "ETH-PERPETUAL", "bids": [[1998.1, 20617.0], [1998.05, 100.0], [1997.95, 212.0], [1997.8, 903.0], [1997.75, 2924.0], [1997.5, 5590.0], [1997.45, 6284.0], [1997.4, 1998.0], [1997.35, 3073.0], [1997.2, 2484.0], [1997.1, 9170.0], [1997.05, 30094.0], [1997.0, 3816.0], [1996.95, 4484.0], [1996.9, 3338.0], [1996.85, 2484.0], [1996.8, 4324.0], [1996.75, 2784.0], [1996.7, 5000.0], [1996.65, 2489.0]], "asks": [[1998.15, 192.0], [1998.35, 2000.0], [1998.4, 1793.0], [1998.45, 2000.0], [1998.5, 8212.0], [1998.55, 5800.0], [1998.6, 15703.0], [1998.65, 5561.0], [1998.7, 21642.0], [1998.75, 20264.0], [1998.8, 1338.0], [1998.85, 5001.0], [1998.9, 3678.0], [1998.95, 2000.0], [1999.0, 4484.0], [1999.1, 2484.0], [1999.15, 2000.0], [1999.2, 1338.0], [1999.25, 2624.0], [1999.3, 8338.0]]}}}
{"jsonrpc": "2.0", "method": "subscription", "params": {"channel": "book.ETH-PERPETUAL.none.20.100ms", "data": {"timestamp": 1771411748524, "change_id": 109870530525, "instrument_name": "ETH-PERPETUAL", "bids": [[1998.1, 24679.0], [1998.05, 100.0], [1997.95, 212.0], [1997.8, 903.0], [1997.75, 2924.0], [1997.5, 5590.0], [1997.45, 6284.0], [1997.4, 1998.0], [1997.35, 3073.0], [1997.2, 2484.0], [1997.1, 9170.0], [1997.05, 30094.0], [1997.0, 3816.0], [1996.95, 4484.0], [1996.9, 3338.0], [1996.85, 2484.0], [1996.8, 4324.0], [1996.75, 2784.0], [1996.7, 5000.0], [1996.65, 2489.0]], "asks": [[1998.15, 3992.0], [1998.35, 2000.0], [1998.4, 1793.0], [1998.45, 2000.0], [1998.5, 8212.0], [1998.55, 5800.0], [1998.6, 15703.0], [1998.65, 5561.0], [1998.7, 25845.0], [1998.75, 20264.0], [1998.8, 1338.0], [1998.85, 5001.0], [1998.9, 3678.0], [1998.95, 2000.0], [1999.0, 4484.0], [1999.1, 2484.0], [1999.15, 2000.0], [1999.2, 1338.0], [1999.25, 2624.0], [1999.3, 8338.0]]}}}
{"jsonrpc": "2.0", "method": "subscription", "params": {"channel": "book.ETH-PERPETUAL.none.20.100ms", "data": {"timestamp": 1771411748857, "change_id": 109870531387, "instrument_name": "ETH-PERPETUAL", "bids": [[1998.1, 21474.0], [1998.05, 100.0], [1997.95, 212.0], [1997.8, 903.0], [1997.75, 2924.0], [1997.5, 5590.0], [1997.45, 6284.0], [1997.4, 1998.0], [1997.35, 3073.0], [1997.2, 2484.0], [1997.1, 9170.0], [1997.05, 30094.0], [1997.0, 3816.0], [1996.95, 4484.0], [1996.9, 3338.0], [1996.85, 2484.0], [1996.8, 4324.0], [1996.75, 2784.0], [1996.7, 5000.0], [1996.65, 2489.0]], "asks": [[1998.15, 3992.0], [1998.35, 2000.0], [1998.4, 1793.0], [1998.45, 2000.0], [1998.5, 8212.0], [1998.55, 5800.0], [1998.6, 15703.0], [1998.65, 25566.0], [1998.7, 5840.0], [1998.75, 20264.0], [1998.8, 1338.0], [1998.85, 5001.0], [1998.9, 3678.0], [1998.95, 2000.0], [1999.0, 4484.0], [1999.1, 2484.0], [1999.15, 2000.0], [1999.2, 1338.0], [1999.25, 2624.0], [1999.3, 8338.0]]}}}
{"jsonrpc": "2.0", "method": "subscription", "params": {"channel": "book.ETH-PERPETUAL.none.20.100ms", "data": {"timestamp": 1771411749219, "change_id": 109870532698, "instrument_name": "ETH-PERPETUAL", "bids": [[1998.1, 20517.0], [1998.05, 212.0], [1997.8, 903.0], [1997.75, 2924.0], [1997.5, 5590.0], [1997.45, 6284.0], [1997.4, 1998.0], [1997.35, 3073.0], [1997.2, 2484.0], [1997.1, 9170.0], [1997.05, 30094.0], [1997.0, 3816.0], [1996.95, 4484.0], [1996.9, 3338.0], [1996.85, 2484.0], [1996.8, 4324.0], [1996.75, 2784.0], [1996.7, 5000.0], [1996.65, 2489.0], [1996.55, 2493.0]], "asks": [[1998.15, 100.0], [1998.35, 2000.0], [1998.4, 1793.0], [1998.45, 2000.0], [1998.5, 8212.0], [1998.55, 5800.0], [1998.6, 15703.0], [1998.65, 5561.0], [1998.7, 25845.0], [1998.75, 2484.0], [1998.8, 19118.0], [1998.85, 5001.0], [1998.9, 3678.0], [1998.95, 2000.0], [1999.0, 4484.0], [1999.1, 2484.0], [1999.15, 2000.0], [1999.2, 1338.0], [1999.25, 2624.0], [1999.3, 8338.0]]}}}
{"jsonrpc": "2.0", "method": "subscription", "params": {"channel": "book.ETH-PERPETUAL.none.20.100ms", "data": {"timestamp": 1771411749560, "change_id": 109870533001, "instrument_name": "ETH-PERPETUAL", "bids": [[1998.1, 24317.0], [1998.05, 212.0], [1997.8, 903.0], [1997.75, 2924.0], [1997.5, 5590.0], [1997.45, 6284.0], [1997.4, 1998.0], [1997.35, 3073.0], [1997.2, 2484.0], [1997.1, 9818.0], [1997.05, 30094.0], [1997.0, 3816.0], [1996.95, 4484.0], [1996.9, 3338.0], [1996.85, 2484.0], [1996.8, 4324.0], [1996.75, 2784.0], [1996.7, 5000.0], [1996.65, 2489.0], [1996.55, 8458.0]], "asks": [[1998.15, 3900.0], [1998.35, 2000.0], [1998.4, 1793.0], [1998.45, 2000.0], [1998.5, 8212.0], [1998.55, 5800.0], [1998.6, 20274.0], [1998.65, 5561.0], [1998.7, 37785.0], [1998.75, 2484.0], [1998.8, 1338.0], [1998.85, 5001.0], [1998.9, 3678.0], [1998.95, 2000.0], [1999.0, 4484.0], [1999.1, 2484.0], [1999.15, 2000.0], [1999.2, 2702.0], [1999.25, 2624.0], [1999.3, 8338.0]]}}}
{"jsonrpc": "2.0", "method": "subscription", "params": {"channel": "book.ETH-PERPETUAL.none.20.100ms", "data": {"timestamp": 1771411749865, "change_id": 109870533689, "instrument_name": "ETH-PERPETUAL", "bids": [[1998.1, 26334.0], [1997.8, 903.0], [1997.75, 2924.0], [1997.5, 5590.0], [1997.45, 6284.0], [1997.4, 1998.0], [1997.35, 3073.0], [1997.2, 2484.0], [1997.1, 9818.0], [1997.05, 30094.0], [1997.0, 3816.0], [1996.95, 4484.0], [1996.9, 3338.0], [1996.85, 2484.0], [1996.8, 4324.0], [1996.75, 2784.0], [1996.7, 5000.0], [1996.65, 2489.0], [1996.6, 19984.0], [1996.55, 2493.0]], "asks": [[1998.15, 100.0], [1998.35, 2000.0], [1998.4, 1793.0], [1998.45, 2000.0], [1998.5, 8212.0], [1998.55, 5800.0], [1998.6, 15915.0], [1998.65, 5561.0], [1998.7, 20005.0], [1998.75, 2484.0], [1998.8, 19118.0], [1998.85, 2000.0], [1998.9, 6679.0], [1998.95, 2000.0], [1999.0, 4484.0], [1999.1, 2484.0], [1999.15, 2000.0], [1999.2, 2702.0], [1999.25, 2624.0], [1999.3, 8338.0]]}}}
