{"jsonrpc": "2.0", "id": 1, "result": ["book.ETH-PERPETUAL.none.20.100ms"], "usIn": 1763737924040532, "usOut": 1763737924041328, "usDiff": 796, "testnet": false}
{"jsonrpc": "2.0", "method": "subscription", "params": {"channel": "book.ETH-PERPETUAL.none.20.100ms", "data": {"timestamp": 1763737924026, "change_id": 98154725675, "instrument_name": "ETH-PERPETUAL", "bids": [[2744.4, 74.0], [2744.0, 40090.0], [2743.7, 1105.0], [2743.65, 3703.0], [2743.6, 1852.0], [2743.5, 1106.0], [2743.45, 3704.0], [2743.3, 1107.0], [2743.25, 3707.0], [2743.2, 7697.0], [2743.05, 1107.0], [2743.0, 3707.0], [2742.9, 1107.0], [2742.85, 3707.0], [2742.7, 1107.0], [2742.6, 3707.0], [2742.45, 3849.0], [2742.35, 3707.0], [2742.15, 1133.0], [2742.1, 3707.0]], "asks": [[2744.45, 2030.0], [2744.7, 2796.0], [2744.8, 2100.0], [2744.85, 5000.0], [2745.15, 200.0], [2745.4, 2602.0], [2745.5, 36576.0], [2745.55, 72532.0], [2745.6, 7105.0], [2745.75, 3800.0], [2745.95, 3002.0], [2746.0, 132.0], [2746.1, 1362.0], [2746.15, 4532.0], [2746.45, 5308.0], [2746.6, 21641.0], [2746.65, 72500.0], [2747.45, 21641.0], [2747.5, 72500.0], [2747.6, 4101.0]]}}}
{"jsonrpc": "2.0", "method": "subscription", "params": {"channel": "book.ETH-PERPETUAL.none.20.100ms", "data": {"timestamp": 1763737924145, "change_id": 98154726390, "instrument_name": "ETH-PERPETUAL", "bids": [[2744.3, 1239.0], [2744.2, 74.0], [2744.15, 74.0], [2744.05, 2100.0], [2744.0, 10770.0], [2743.6, 1852.0], [2743.5, 1106.0], [2743.45, 3704.0], [2743.3, 5247.0], [2743.25, 18053.0], [2743.05, 1107.0], [2743.0, 3707.0], [2742.9, 1107.0], [2742.85, 3707.0], [2742.7, 1107.0], [2742.6, 3707.0], [2742.5, 17762.0], [2742.45, 1107.0], [2742.35, 3707.0], [2742.15, 1133.0]], "asks": [[2744.35, 1963.0], [2744.4, 1092.0], [2744.45, 3800.0], [2744.65, 5000.0], [2744.75, 2119.0], [2744.8, 2100.0], [2745.0, 81.0], [2745.1, 4374.0], [2745.15, 14546.0], [2745.2, 1870.0], [2745.35, 7456.0], [2745.4, 25541.0], [2745.5, 21651.0], [2745.55, 72500.0], [2745.9, 5348.0], [2745.95, 17783.0], [2746.0, 132.0], [2746.1, 4364.0], [2746.15, 4532.0], [2746.6, 21641.0]]}}}
{"jsonrpc": "2.0", "method": "subscription", "params": {"channel": "book.ETH-PERPETUAL.none.20.100ms", "data": {"timestamp": 1763737924476, "change_id": 98154728030, "instrument_name": "ETH-PERPETUAL", "bids": [[2744.4, 11355.0], [2744.2, 953.0], [2744.15, 230.0], [2744.05, 2100.0], [2744.0, 530.0], [2743.5, 1106.0], [2743.45, 3704.0], [2743.3, 5247.0], [2743.25, 18053.0], [2743.05, 1107.0], [2743.0, 3707.0], [2742.9, 1107.0], [2742.85, 3707.0], [2742.7, 22606.0], [2742.65, 2971.0], [2742.6, 76207.0], [2742.55, 4572.0], [2742.5, 15318.0], [2742.45, 1107.0], [2742.35, 3707.0]], "asks": [[2744.45, 5320.0], [2745.0, 81.0], [2745.2, 1120.0], [2745.25, 3751.0], [2745.4, 408.0], [2745.5, 5971.0], [2745.65, 1493.0], [2745.7, 5000.0], [2745.8, 72500.0], [2745.85, 5971.0], [2746.0, 132.0], [2746.05, 1353.0], [2746.15, 4532.0], [2746.25, 32.0], [2746.6, 24643.0], [2746.65, 72500.0], [2747.0, 4798.0], [2747.05, 16074.0], [2747.2, 200.0], [2747.45, 21641.0]]}}}
{"jsonrpc": "2.0", "method": "subscription", "params": {"channel": "book.ETH-PERPETUAL.none.20.100ms", "data": {"timestamp": 1763737924806, "change_id": 98154729302, "instrument_name": "ETH-PERPETUAL", "bids": [[2744.3, 738.0], [2744.0, 90.0], [2743.5, 7600.0], [2743.05, 1107.0], [2743.0, 3707.0], [2742.9, 16708.0], [2742.85, 3707.0], [2742.8, 52742.0], [2742.7, 1107.0], [2742.6, 3707.0], [2742.55, 11685.0], [2742.5, 15318.0], [2742.45, 26893.0], [2742.4, 17762.0], [2742.35, 3707.0], [2742.15, 1133.0], [2742.1, 3707.0], [2742.0, 90.0], [2741.9, 1107.0], [2741.85, 3707.0]], "asks": [[2744.35, 21816.0], [2744.4, 24453.0], [2744.45, 14985.0], [2745.15, 23579.0], [2745.2, 50000.0], [2745.25, 3751.0], [2745.75, 45395.0], [2745.8, 72500.0], [2746.0, 132.0], [2746.05, 5635.0], [2746.1, 14346.0], [2746.25, 32.0], [2746.6, 21641.0], [2746.65, 72500.0], [2747.0, 4798.0], [2747.05, 16074.0], [2747.45, 21641.0], [2747.5, 72500.0], [2747.65, 2163.0], [2747.7, 7246.0]]}}}
{"jsonrpc": "2.0", "method": "subscription", "params": {"channel": "book.ETH-PERPETUAL.none.20.100ms", "data": {"timestamp": 1763737925130, "change_id": 98154730582, "instrument_name": "ETH-PERPETUAL", "bids": [[2744.0, 90.0], [2743.15, 1852.0], [2743.05, 3950.0], [2743.0, 13707.0], [2742.9, 6066.0], [2742.85, 18053.0], [2742.7, 1107.0], [2742.6, 3707.0], [2742.55, 4572.0], [2742.5, 15318.0], [2742.45, 1107.0], [2742.35, 3707.0], [2742.15, 1133.0], [2742.1, 3707.0], [2742.0, 90.0], [2741.95, 1107.0], [2741.85, 3707.0], [2741.7, 1107.0], [2741.65, 3707.0], [2741.5, 30791.0]], "asks": [[2744.05, 12871.0], [2744.3, 7224.0], [2744.35, 2100.0], [2744.4, 22100.0], [2744.45, 1628.0], [2744.6, 32.0], [2744.75, 7090.0], [2744.8, 20004.0], [2744.85, 3749.0], [2745.1, 1353.0], [2745.15, 4532.0], [2745.6, 6205.0], [2745.65, 17785.0], [2745.7, 3002.0], [2745.75, 27612.0], [2745.8, 72500.0], [2746.0, 132.0], [2746.05, 5635.0], [2746.1, 14346.0], [2746.6, 21641.0]]}}}
{"jsonrpc": "2.0", "method": "subscription", "params": {"channel": "book.ETH-PERPETUAL.none.20.100ms", "data": {"timestamp": 1763737925462, "change_id": 98154731292, "instrument_name": "ETH-PERPETUAL", "bids": [[2744.0, 1125.0], [2743.2, 10000.0], [2743.15, 1852.0], [2743.05, 1107.0], [2743.0, 3707.0], [2742.9, 6066.0], [2742.85, 18053.0], [2742.7, 1107.0], [2742.6, 3707.0], [2742.45, 1107.0], [2742.35, 3707.0], [2742.15, 1133.0], [2742.1, 3707.0], [2742.0, 90.0], [2741.95, 1107.0], [2741.85, 3707.0], [2741.8, 2741.0], [2741.7, 1107.0], [2741.65, 3707.0], [2741.55, 19089.0]], "asks": [[2744.05, 12818.0], [2744.35, 2100.0], [2744.4, 2100.0], [2744.45, 152.0], [2744.5, 32.0], [2744.65, 21641.0], [2744.7, 92504.0], [2744.8, 1119.0], [2744.85, 3749.0], [2745.1, 1353.0], [2745.15, 4532.0], [2745.55, 200.0], [2745.6, 6205.0], [2745.7, 3002.0], [2745.75, 27612.0], [2745.8, 72500.0], [2746.0, 132.0], [2746.05, 5635.0], [2746.1, 14346.0], [2746.6, 21641.0]]}}}
{"jsonrpc": "2.0", "method": "subscription", "params": {"channel": "book.ETH-PERPETUAL.none.20.100ms", "data": {"timestamp": 1763737925799, "change_id": 98154732332, "instrument_name": "ETH-PERPETUAL", "bids": [[2744.0, 3299.0], [2743.5, 343.0], [2743.45, 2985.0], [2743.4, 10000.0], [2743.2, 2821.0], [2743.15, 9452.0], [2743.05, 1107.0], [2743.0, 3707.0], [2742.9, 5389.0], [2742.85, 18053.0], [2742.75, 1107.0], [2742.6, 3707.0], [2742.4, 1925.0], [2742.35, 6449.0], [2742.15, 5612.0], [2742.1, 3707.0], [2742.05, 15489.0], [2742.0, 90.0], [2741.95, 1107.0], [2741.85, 3707.0]], "asks": [[2744.05, 1144.0], [2744.25, 1493.0], [2744.3, 5000.0], [2744.75, 1129.0], [2744.85, 3781.0], [2744.9, 26849.0], [2744.95, 72500.0], [2745.0, 21357.0], [2745.15, 19457.0], [2745.55, 200.0], [2745.75, 27612.0], [2745.8, 72500.0], [2746.0, 3092.0], [2746.05, 5635.0], [2746.1, 14346.0], [2746.55, 17789.0], [2746.6, 21641.0], [2746.65, 72500.0], [2747.0, 4798.0], [2747.05, 16074.0]]}}}
{"jsonrpc": "2.0", "method": "subscription", "params": {"channel": "book.ETH-PERPETUAL.none.20.100ms", "data": {"timestamp": 1763737926122, "change_id": 98154734467, "instrument_name": "ETH-PERPETUAL", "bids": [[2744.65, 1035.0], [2744.35, 2100.0], [2744.2, 9700.0], [2744.1, 10000.0], [2744.05, 5041.0], [2744.0, 9852.0], [2743.85, 1853.0], [2743.75, 1106.0], [2743.7, 3706.0], [2743.45, 1106.0], [2743.4, 3706.0], [2743.3, 1106.0], [2743.25, 6704.0], [2743.05, 1107.0], [2743.0, 3707.0], [2742.9, 5389.0], [2742.85, 18053.0], [2742.75, 1107.0], [2742.6, 3707.0], [2742.5, 21641.0]], "asks": [[2744.7, 4629.0], [2745.25, 1134.0], [2745.3, 3800.0], [2745.45, 2611.0], [2745.5, 3748.0], [2745.55, 5000.0], [2745.85, 54282.0], [2745.9, 14346.0], [2746.0, 90.0], [2746.05, 32.0], [2746.3, 72500.0], [2746.35, 14925.0], [2746.5, 6205.0], [2746.55, 17786.0], [2747.6, 200.0], [2747.85, 22265.0], [2747.9, 72500.0], [2747.95, 20004.0], [2748.0, 2090.0], [2748.15, 1166.0]]}}}
{"jsonrpc": "2.0", "method": "subscription", "params": {"channel": "book.ETH-PERPETUAL.none.20.100ms", "data": {"timestamp": 1763737926456, "change_id": 98154735696, "instrument_name": "ETH-PERPETUAL", "bids": [[2744.65, 3346.0], [2744.3, 307.0], [2744.05, 8361.0], [2744.0, 20777.0], [2743.85, 3317.0], [2743.75, 1106.0], [2743.7, 3706.0], [2743.65, 15148.0], [2743.6, 50000.0], [2743.55, 2998.0], [2743.5, 1853.0], [2743.45, 1106.0], [2743.4, 3706.0], [2743.3, 1106.0], [2743.25, 3706.0], [2743.05, 7162.0], [2743.0, 3707.0], [2742.95, 17762.0], [2742.9, 5389.0], [2742.85, 18053.0]], "asks": [[2744.7, 476.0], [2745.0, 3800.0], [2745.15, 1868.0], [2745.8, 10285.0], [2745.85, 20004.0], [2745.9, 14346.0], [2746.0, 90.0], [2746.15, 1353.0], [2746.2, 19458.0], [2746.25, 50000.0], [2746.45, 5309.0], [2747.6, 200.0], [2747.8, 20785.0], [2747.85, 24433.0], [2747.9, 72500.0], [2747.95, 7264.0], [2748.0, 2090.0], [2748.15, 1166.0], [2748.2, 3907.0], [2748.85, 21641.0]]}}}
{"jsonrpc": "2.0", "method": "subscription", "params": {"channel": "book.ETH-PERPETUAL.none.20.100ms", "data": {"timestamp": 1763737926787, "change_id": 98154737428, "instrument_name": "ETH-PERPETUAL", "bids": [[2744.95, 7674.0], [2744.9, 10000.0], [2744.7, 101.0], [2744.65, 195.0], [2744.45, 888.0], [2744.4, 3846.0], [2744.35, 3706.0], [2744.3, 6981.0], [2744.1, 5557.0], [2744.05, 2100.0], [2744.0, 185.0], [2743.95, 18631.0], [2743.7, 3706.0], [2743.5, 2998.0], [2743.45, 21500.0], [2743.4, 3706.0], [2743.35, 72500.0], [2743.25, 3706.0], [2743.2, 15630.0], [2743.1, 5302.0]], "asks": [[2745.0, 1963.0], [2745.4, 992.0], [2745.45, 1963.0], [2745.6, 1393.0], [2745.65, 3800.0], [2745.85, 1493.0], [2745.9, 5000.0], [2746.0, 90.0], [2746.1, 21321.0], [2746.15, 20004.0], [2746.2, 58847.0], [2746.25, 14346.0], [2746.35, 1879.0], [2746.5, 5308.0], [2747.6, 200.0], [2747.7, 17783.0], [2747.8, 3002.0], [2747.85, 24433.0], [2747.9, 72500.0], [2748.0, 2090.0]]}}}
{"jsonrpc": "2.0", "method": "subscription", "params": {"channel": "book.ETH-PERPETUAL.none.20.100ms", "data": {"timestamp": 1763737927121, "change_id": 98154738405, "instrument_name": "ETH-PERPETUAL", "bids": [[2745.15, 3413.0], [2745.1, 2100.0], [2744.95, 17600.0], [2744.8, 98.0], [2744.4, 1513.0], [2744.35, 3706.0], [2744.3, 2158.0], [2744.15, 1293.0], [2744.1, 22026.0], [2744.05, 2100.0], [2744.0, 50132.0], [2743.95, 3706.0], [2743.8, 1106.0], [2743.7, 3706.0], [2743.65, 1714.0], [2743.6, 2998.0], [2743.5, 2743.0], [2743.45, 21500.0], [2743.4, 21468.0], [2743.35, 72500.0]], "asks": [[2745.2, 1226.0], [2745.35, 42.0], [2745.4, 1304.0], [2745.45, 4369.0], [2745.5, 1568.0], [2745.55, 5000.0], [2745.75, 152.0], [2746.0, 1969.0], [2746.05, 7324.0], [2746.15, 20004.0], [2746.2, 8815.0], [2746.25, 14378.0], [2746.55, 14925.0], [2747.6, 200.0], [2747.65, 8310.0], [2747.7, 17783.0], [2747.85, 24433.0], [2747.9, 72500.0], [2748.0, 2090.0], [2748.15, 1166.0]]}}}
{"jsonrpc": "2.0", "method": "subscription", "params": {"channel": "book.ETH-PERPETUAL.none.20.100ms", "data": {"timestamp": 1763737927452, "change_id": 98154739815, "instrument_name": "ETH-PERPETUAL", "bids": [[2745.5, 1313.0], [2745.4, 2100.0], [2745.3, 2100.0], [2745.15, 2730.0], [2744.95, 773.0], [2744.75, 4282.0], [2744.7, 14346.0], [2744.45, 2985.0], [2744.4, 24877.0], [2744.35, 11306.0], [2744.25, 1106.0], [2744.1, 3706.0], [2744.05, 2041.0], [2744.0, 3130.0], [2743.95, 3706.0], [2743.75, 1106.0], [2743.7, 3706.0], [2743.65, 6121.0], [2743.6, 17762.0], [2743.5, 2743.0]], "asks": [[2745.55, 8800.0], [2745.95, 1145.0], [2746.0, 3837.0], [2746.15, 1353.0], [2746.2, 8825.0], [2746.25, 14378.0], [2746.7, 83799.0], [2746.8, 92504.0], [2747.45, 6204.0], [2747.5, 20785.0], [2747.6, 200.0], [2747.85, 24433.0], [2747.9, 72500.0], [2748.0, 2090.0], [2748.15, 1166.0], [2748.2, 3907.0], [2748.5, 4738.0], [2748.55, 15873.0], [2748.85, 21641.0], [2748.9, 72500.0]]}}}
{"jsonrpc": "2.0", "method": "subscription", "params": {"channel": "book.ETH-PERPETUAL.none.20.100ms", "data": {"timestamp": 1763737927777, "change_id": 98154741669, "instrument_name": "ETH-PERPETUAL", "bids": [[2745.5, 3209.0], [2745.4, 163.0], [2745.15, 3891.0], [2745.1, 10356.0], [2745.0, 7600.0], [2744.95, 1105.0], [2744.9, 3703.0], [2744.85, 21745.0], [2744.8, 50000.0], [2744.7, 16197.0], [2744.6, 1105.0], [2744.55, 3703.0], [2744.45, 2998.0], [2744.4, 1106.0], [2744.35, 3706.0], [2744.2, 1106.0], [2744.15, 2744.0], [2744.1, 3706.0], [2744.05, 1146.0], [2744.0, 132.0]], "asks": [[2745.55, 971.0], [2745.85, 2100.0], [2745.9, 2654.0], [2745.95, 8800.0], [2746.0, 90.0], [2746.3, 1119.0], [2746.35, 3748.0], [2746.6, 4282.0], [2746.65, 14346.0], [2746.7, 6003.0], [2746.75, 20004.0], [2746.9, 21641.0], [2746.95, 72500.0], [2747.15, 14925.0], [2747.2, 50000.0], [2747.3, 6662.0], [2747.35, 17783.0], [2747.4, 4536.0], [2747.6, 200.0], [2747.8, 3002.0]]}}}
{"jsonrpc": "2.0", "method": "subscription", "params": {"channel": "book.ETH-PERPETUAL.none.20.100ms", "data": {"timestamp": 1763737928112, "change_id": 98154742467, "instrument_name": "ETH-PERPETUAL", "bids": [[2745.5, 74.0], [2745.4, 163.0], [2745.25, 10000.0], [2745.2, 8198.0], [2745.15, 2672.0], [2744.95, 1105.0], [2744.9, 3703.0], [2744.75, 4835.0], [2744.7, 16197.0], [2744.6, 1105.0], [2744.55, 3703.0], [2744.4, 15890.0], [2744.35, 3706.0], [2744.3, 50000.0], [2744.15, 1106.0], [2744.1, 3706.0], [2744.05, 1146.0], [2744.0, 3088.0], [2743.95, 3706.0], [2743.75, 1106.0]], "asks": [[2745.55, 1963.0], [2745.85, 2100.0], [2745.9, 2654.0], [2745.95, 10100.0], [2746.0, 90.0], [2746.3, 1119.0], [2746.35, 3748.0], [2746.4, 6003.0], [2746.45, 20004.0], [2746.6, 4282.0], [2746.65, 14346.0], [2746.7, 50000.0], [2746.75, 14925.0], [2746.8, 21641.0], [2746.95, 72500.0], [2747.25, 3002.0], [2747.3, 6662.0], [2747.35, 17783.0], [2747.4, 4536.0], [2747.6, 200.0]]}}}
{"jsonrpc": "2.0", "method": "subscription", "params": {"channel": "book.ETH-PERPETUAL.none.20.100ms", "data": {"timestamp": 1763737928442, "change_id": 98154743939, "instrument_name": "ETH-PERPETUAL", "bids": [[2745.95, 1313.0], [2745.9, 2100.0], [2745.7, 10499.0], [2745.65, 2100.0], [2745.55, 5254.0], [2745.5, 7600.0], [2745.05, 1852.0], [2745.0, 1105.0], [2744.9, 3703.0], [2744.75, 4835.0], [2744.7, 16347.0], [2744.65, 2999.0], [2744.55, 3703.0], [2744.4, 6267.0], [2744.35, 3706.0], [2744.25, 17762.0], [2744.2, 1925.0], [2744.15, 2744.0], [2744.1, 3706.0], [2744.0, 1196.0]], "asks": [[2746.0, 90.0], [2746.8, 1869.0], [2746.9, 1134.0], [2746.95, 3800.0], [2747.0, 5775.0], [2747.05, 14346.0], [2747.1, 5000.0], [2747.15, 1879.0], [2747.3, 7325.0], [2747.35, 20004.0], [2747.4, 4536.0], [2747.45, 32.0], [2747.6, 15125.0], [2747.65, 50000.0], [2747.75, 6204.0], [2747.8, 17783.0], [2747.85, 24433.0], [2747.9, 72500.0], [2747.95, 3002.0], [2748.0, 2090.0]]}}}
{"jsonrpc": "2.0", "method": "subscription", "params": {"channel": "book.ETH-PERPETUAL.none.20.100ms", "data": {"timestamp": 1763737928772, "change_id": 98154745365, "instrument_name": "ETH-PERPETUAL", "bids": [[2745.95, 13296.0], [2745.9, 98.0], [2745.55, 3256.0], [2745.5, 3211.0], [2745.2, 4712.0], [2745.15, 15784.0], [2745.05, 1852.0], [2745.0, 15889.0], [2744.9, 3703.0], [2744.75, 4282.0], [2744.7, 14346.0], [2744.65, 2000.0], [2744.6, 2998.0], [2744.55, 3703.0], [2744.4, 1106.0], [2744.35, 3706.0], [2744.2, 6267.0], [2744.15, 17762.0], [2744.1, 3706.0], [2744.0, 1196.0]], "asks": [[2746.0, 1061.0], [2746.45, 1134.0], [2746.5, 3800.0], [2746.6, 1493.0], [2746.65, 5000.0], [2746.75, 1119.0], [2746.8, 3748.0], [2747.15, 14957.0], [2747.2, 50000.0], [2747.25, 20004.0], [2747.35, 5636.0], [2747.4, 18882.0], [2747.6, 200.0], [2747.75, 8310.0], [2747.8, 17783.0], [2747.85, 24433.0], [2747.9, 72500.0], [2748.0, 2090.0], [2748.85, 21641.0], [2748.9, 72500.0]]}}}
{"jsonrpc": "2.0", "method": "subscription", "params": {"channel": "book.ETH-PERPETUAL.none.20.100ms", "data": {"timestamp": 1763737929095, "change_id": 98154746361, "instrument_name": "ETH-PERPETUAL", "bids": [[2745.95, 18913.0], [2745.9, 98.0], [2745.55, 2100.0], [2745.2, 4712.0], [2745.15, 15784.0], [2745.05, 16777.0], [2745.0, 51105.0], [2744.9, 3703.0], [2744.75, 4282.0], [2744.7, 14346.0], [2744.65, 1105.0], [2744.6, 2998.0], [2744.55, 3703.0], [2744.5, 11947.0], [2744.45, 33102.0], [2744.4, 1106.0], [2744.35, 3706.0], [2744.2, 1106.0], [2744.1, 3706.0], [2744.0, 1196.0]], "asks": [[2746.0, 1061.0], [2746.45, 1134.0], [2746.5, 3800.0], [2746.6, 1493.0], [2746.65, 5000.0], [2746.75, 1119.0], [2746.8, 3748.0], [2747.15, 32.0], [2747.25, 25049.0], [2747.3, 20004.0], [2747.4, 68882.0], [2747.6, 200.0], [2747.85, 24433.0], [2747.9, 75502.0], [2747.95, 17783.0], [2748.0, 2090.0], [2748.85, 36997.0], [2748.9, 72500.0], [2749.55, 2174.0], [2749.6, 7284.0]]}}}
{"jsonrpc": "2.0", "method": "subscription", "params": {"channel": "book.ETH-PERPETUAL.none.20.100ms", "data": {"timestamp": 1763737929433, "change_id": 98154747661, "instrument_name": "ETH-PERPETUAL", "bids": [[2745.95, 18751.0], [2745.55, 2100.0], [2745.5, 458.0], [2745.35, 14925.0], [2745.3, 50000.0], [2745.05, 1852.0], [2745.0, 1105.0], [2744.9, 3703.0], [2744.85, 4282.0], [2744.7, 14346.0], [2744.65, 7161.0], [2744.6, 20760.0], [2744.55, 3703.0], [2744.4, 1106.0], [2744.35, 3706.0], [2744.2, 1106.0], [2744.1, 3706.0], [2744.0, 1196.0], [2743.95, 3706.0], [2743.9, 7697.0]], "asks": [[2746.0, 90.0], [2746.4, 2627.0], [2746.45, 5000.0], [2746.5, 3800.0], [2746.75, 1119.0], [2746.8, 1869.0], [2747.15, 32.0], [2747.25, 11607.0], [2747.35, 20004.0], [2747.4, 18882.0], [2747.55, 14985.0], [2747.6, 200.0], [2747.7, 50000.0], [2747.85, 24433.0], [2747.9, 72500.0], [2748.0, 2090.0], [2748.8, 20785.0], [2748.85, 36997.0], [2748.9, 72500.0], [2749.55, 2174.0]]}}}
{"jsonrpc": "2.0", "method": "subscription", "params": {"channel": "book.ETH-PERPETUAL.none.20.100ms", "data": {"timestamp": 1763737929755, "change_id": 98154748504, "instrument_name": "ETH-PERPETUAL", "bids": [[2745.95, 19920.0], [2745.7, 458.0], [2745.5, 2100.0], [2745.45, 14925.0], [2745.4, 52348.0], [2745.05, 1852.0], [2745.0, 1105.0], [2744.9, 3703.0], [2744.85, 4282.0], [2744.75, 2998.0], [2744.7, 20934.0], [2744.65, 2744.0], [2744.55, 24629.0], [2744.4, 18868.0], [2744.35, 3706.0], [2744.2, 1106.0], [2744.1, 3706.0], [2744.0, 1196.0], [2743.95, 12232.0], [2743.9, 7182.0]], "asks": [[2746.0, 1061.0], [2746.4, 2100.0], [2746.45, 5000.0], [2746.5, 3800.0], [2746.8, 1869.0], [2747.0, 1880.0], [2747.15, 32.0], [2747.2, 5971.0], [2747.25, 20004.0], [2747.35, 5636.0], [2747.4, 18882.0], [2747.5, 14925.0], [2747.55, 50000.0], [2747.6, 200.0], [2747.85, 24433.0], [2747.9, 72500.0], [2747.95, 17783.0], [2748.0, 2090.0], [2748.8, 3002.0], [2748.85, 36997.0]]}}}
{"jsonrpc": "2.0", "method": "subscription", "params": {"channel": "book.ETH-PERPETUAL.none.20.100ms", "data": {"timestamp": 1763737930093, "change_id": 98154749107, "instrument_name": "ETH-PERPETUAL", "bids": [[2745.95, 11611.0], [2745.9, 491.0], [2745.75, 2405.0], [2745.7, 7600.0], [2745.5, 2100.0], [2745.4, 2348.0], [2745.25, 14925.0], [2745.2, 50000.0], [2745.05, 1852.0], [2745.0, 1105.0], [2744.9, 3703.0], [2744.85, 4282.0], [2744.7, 20934.0], [2744.65, 2744.0], [2744.6, 2998.0], [2744.55, 19327.0], [2744.45, 5302.0], [2744.4, 18868.0], [2744.35, 3706.0], [2744.2, 1106.0]], "asks": [[2746.0, 90.0], [2746.4, 2627.0], [2746.45, 5000.0], [2746.5, 3800.0], [2746.75, 1119.0], [2746.8, 3749.0], [2747.0, 21641.0], [2747.05, 72500.0], [2747.15, 32.0], [2747.25, 11607.0], [2747.3, 20004.0], [2747.4, 33807.0], [2747.5, 50000.0], [2747.6, 200.0], [2747.8, 3002.0], [2747.85, 24433.0], [2747.9, 90283.0], [2748.0, 2090.0], [2748.85, 36997.0], [2748.9, 72500.0]]}}}
{"jsonrpc": "2.0", "method": "subscription", "params": {"channel": "book.ETH-PERPETUAL.none.20.100ms", "data": {"timestamp": 1763737930424, "change_id": 98154750975, "instrument_name": "ETH-PERPETUAL", "bids": [[2746.4, 1109.0], [2746.3, 115.0], [2746.15, 8561.0], [2746.05, 3003.0], [2746.0, 2100.0], [2745.95, 8289.0], [2745.75, 1106.0], [2745.7, 3704.0], [2745.6, 1106.0], [2745.55, 5556.0], [2745.45, 1106.0], [2745.35, 3704.0], [2745.15, 1106.0], [2745.1, 3704.0], [2745.05, 2998.0], [2745.0, 1105.0], [2744.9, 3703.0], [2744.85, 1106.0], [2744.8, 3704.0], [2744.7, 1105.0]], "asks": [[2746.45, 2448.0], [2746.95, 1509.0], [2747.0, 992.0], [2747.05, 4063.0], [2747.3, 1134.0], [2747.35, 3800.0], [2747.45, 7273.0], [2747.5, 5000.0], [2747.65, 5971.0], [2747.7, 23521.0], [2747.75, 32.0], [2747.85, 53124.0], [2747.9, 72500.0], [2747.95, 67783.0], [2748.0, 90.0], [2748.4, 1354.0], [2748.45, 6538.0], [2748.7, 200.0], [2748.8, 3002.0], [2748.85, 21641.0]]}}}
{"jsonrpc": "2.0", "method": "subscription", "params": {"channel": "book.ETH-PERPETUAL.none.20.100ms", "data": {"timestamp": 1763737930756, "change_id": 98154752209, "instrument_name": "ETH-PERPETUAL", "bids": [[2746.4, 1035.0], [2746.1, 10000.0], [2746.0, 2100.0], [2745.95, 2.0], [2745.9, 659.0], [2745.8, 3146.0], [2745.75, 21176.0], [2745.7, 3704.0], [2745.6, 15452.0], [2745.55, 5556.0], [2745.45, 1106.0], [2745.35, 3704.0], [2745.2, 14925.0], [2745.15, 51106.0], [2745.1, 3704.0], [2744.95, 1105.0], [2744.9, 3703.0], [2744.85, 1106.0], [2744.8, 3704.0], [2744.75, 2998.0]], "asks": [[2746.45, 2500.0], [2746.7, 2482.0], [2746.75, 3800.0], [2746.8, 5000.0], [2746.95, 1509.0], [2747.0, 992.0], [2747.05, 3071.0], [2747.1, 1989.0], [2747.25, 14162.0], [2747.4, 50000.0], [2747.45, 32.0], [2747.5, 5971.0], [2747.55, 20004.0], [2747.7, 3517.0], [2747.85, 38779.0], [2747.9, 72500.0], [2748.0, 90.0], [2748.35, 10794.0], [2748.4, 17783.0], [2748.45, 6538.0]]}}}
{"jsonrpc": "2.0", "method": "subscription", "params": {"channel": "book.ETH-PERPETUAL.none.20.100ms", "data": {"timestamp": 1763737931082, "change_id": 98154753203, "instrument_name": "ETH-PERPETUAL", "bids": [[2746.65, 1035.0], [2746.4, 10056.0], [2746.15, 7600.0], [2746.0, 2100.0], [2745.95, 2.0], [2745.8, 1852.0], [2745.75, 5388.0], [2745.7, 3704.0], [2745.6, 15452.0], [2745.55, 3704.0], [2745.45, 1106.0], [2745.35, 3704.0], [2745.3, 14925.0], [2745.2, 50000.0], [2745.15, 1106.0], [2745.1, 3704.0], [2745.0, 2998.0], [2744.95, 1105.0], [2744.9, 3703.0], [2744.85, 1106.0]], "asks": [[2746.7, 10960.0], [2747.05, 2100.0], [2747.45, 32.0], [2747.5, 6947.0], [2747.55, 38676.0], [2747.6, 50000.0], [2747.7, 3517.0], [2747.85, 38779.0], [2747.9, 72500.0], [2748.0, 90.0], [2748.35, 10794.0], [2748.4, 17783.0], [2748.45, 6538.0], [2748.7, 200.0], [2748.85, 21641.0], [2748.9, 72500.0], [2749.55, 2174.0], [2749.6, 7284.0], [2749.7, 21641.0], [2749.75, 72500.0]]}}}
{"jsonrpc": "2.0", "method": "subscription", "params": {"channel": "book.ETH-PERPETUAL.none.20.100ms", "data": {"timestamp": 1763737931416, "change_id": 98154753899, "instrument_name": "ETH-PERPETUAL", "bids": [[2746.65, 1035.0], [2746.2, 1035.0], [2746.15, 10000.0], [2746.0, 2100.0], [2745.95, 2.0], [2745.9, 7600.0], [2745.75, 5388.0], [2745.7, 3704.0], [2745.6, 15452.0], [2745.55, 3704.0], [2745.45, 15889.0], [2745.4, 50000.0], [2745.35, 3704.0], [2745.15, 1106.0], [2745.1, 3704.0], [2745.0, 2998.0], [2744.95, 10263.0], [2744.9, 3703.0], [2744.85, 34220.0], [2744.8, 3704.0]], "asks": [[2746.7, 12757.0], [2747.05, 2100.0], [2747.2, 1118.0], [2747.25, 3747.0], [2747.45, 32.0], [2747.6, 5971.0], [2747.65, 20004.0], [2747.7, 18758.0], [2747.85, 38779.0], [2747.9, 122500.0], [2748.0, 90.0], [2748.35, 10794.0], [2748.4, 17783.0], [2748.45, 6538.0], [2748.7, 200.0], [2748.85, 21641.0], [2748.9, 72500.0], [2749.2, 4603.0], [2749.25, 15419.0], [2749.55, 2174.0]]}}}
{"jsonrpc": "2.0", "method": "subscription", "params": {"channel": "book.ETH-PERPETUAL.none.20.100ms", "data": {"timestamp": 1763737931747, "change_id": 98154754867, "instrument_name": "ETH-PERPETUAL", "bids": [[2746.65, 3135.0], [2746.4, 1035.0], [2746.15, 10000.0], [2746.0, 2100.0], [2745.95, 2102.0], [2745.9, 7600.0], [2745.75, 5388.0], [2745.7, 3704.0], [2745.65, 1852.0], [2745.6, 15452.0], [2745.55, 3704.0], [2745.45, 1106.0], [2745.35, 3704.0], [2745.15, 1106.0], [2745.1, 3704.0], [2744.95, 5688.0], [2744.9, 6701.0], [2744.85, 21618.0], [2744.8, 3704.0], [2744.75, 17762.0]], "asks": [[2746.7, 3513.0], [2746.9, 1134.0], [2746.95, 3800.0], [2747.1, 5000.0], [2747.2, 1118.0], [2747.25, 3747.0], [2747.4, 5981.0], [2747.45, 20036.0], [2747.55, 14925.0], [2747.6, 50000.0], [2747.85, 24433.0], [2747.9, 72500.0], [2748.0, 90.0], [2748.3, 3002.0], [2748.35, 7792.0], [2748.4, 17783.0], [2748.45, 6538.0], [2748.7, 200.0], [2748.85, 21641.0], [2748.9, 72500.0]]}}}
{"jsonrpc": "2.0", "method": "subscription", "params": {"channel": "book.ETH-PERPETUAL.none.20.100ms", "data": {"timestamp": 1763737932076, "change_id": 98154755831, "instrument_name": "ETH-PERPETUAL", "bids": [[2746.6, 6001.0], [2746.45, 139.0], [2746.4, 42.0], [2746.2, 1035.0], [2746.15, 10000.0], [2746.0, 4996.0], [2745.95, 2102.0], [2745.9, 7600.0], [2745.75, 5388.0], [2745.7, 3704.0], [2745.6, 15452.0], [2745.55, 3704.0], [2745.45, 16031.0], [2745.35, 53704.0], [2745.15, 1106.0], [2745.1, 3704.0], [2745.0, 2998.0], [2744.95, 5688.0], [2744.9, 6447.0], [2744.85, 18868.0]], "asks": [[2746.65, 4465.0], [2746.7, 9753.0], [2747.2, 1118.0], [2747.25, 3747.0], [2747.45, 32.0], [2747.5, 20004.0], [2747.55, 9706.0], [2747.6, 14346.0], [2747.85, 24433.0], [2747.9, 72500.0], [2748.0, 90.0], [2748.35, 7524.0], [2748.4, 20785.0], [2748.45, 6538.0], [2748.7, 200.0], [2748.85, 21641.0], [2748.9, 73637.0], [2748.95, 3808.0], [2749.55, 2202.0], [2749.6, 7378.0]]}}}
{"jsonrpc": "2.0", "method": "subscription", "params": {"channel": "book.ETH-PERPETUAL.none.20.100ms", "data": {"timestamp": 1763737932408, "change_id": 98154757172, "instrument_name": "ETH-PERPETUAL", "bids": [[2746.65, 3413.0], [2746.6, 6001.0], [2746.4, 42.0], [2746.2, 1035.0], [2746.15, 10000.0], [2746.0, 4996.0], [2745.95, 2102.0], [2745.9, 7600.0], [2745.8, 4713.0], [2745.75, 21176.0], [2745.7, 3704.0], [2745.6, 30235.0], [2745.55, 53704.0], [2745.45, 2001.0], [2745.4, 2998.0], [2745.35, 3704.0], [2745.15, 1106.0], [2745.1, 3704.0], [2744.95, 6266.0], [2744.9, 3703.0]], "asks": [[2746.7, 8846.0], [2747.15, 1118.0], [2747.25, 3747.0], [2747.45, 32.0], [2747.5, 5971.0], [2747.55, 24286.0], [2747.6, 14346.0], [2747.85, 24433.0], [2747.9, 72500.0], [2748.0, 90.0], [2748.35, 7826.0], [2748.4, 17783.0], [2748.45, 6538.0], [2748.7, 200.0], [2748.8, 3002.0], [2748.85, 21641.0], [2748.9, 73637.0], [2748.95, 3808.0], [2749.55, 2202.0], [2749.6, 7378.0]]}}}
{"jsonrpc": "2.0", "method": "subscription", "params": {"channel": "book.ETH-PERPETUAL.none.20.100ms", "data": {"timestamp": 1763737932735, "change_id": 98154758438, "instrument_name": "ETH-PERPETUAL", "bids": [[2746.65, 6001.0], [2746.35, 10000.0], [2746.2, 1035.0], [2746.0, 9700.0], [2745.95, 2.0], [2745.8, 4713.0], [2745.75, 21176.0], [2745.7, 3704.0], [2745.6, 15452.0], [2745.55, 3704.0], [2745.45, 1106.0], [2745.35, 3704.0], [2745.15, 1106.0], [2745.1, 3704.0], [2744.95, 1105.0], [2744.9, 3703.0], [2744.85, 8575.0], [2744.8, 18684.0], [2744.7, 6927.0], [2744.6, 17762.0]], "asks": [[2746.7, 4183.0], [2747.05, 3800.0], [2747.1, 1493.0], [2747.15, 5000.0], [2747.45, 6955.0], [2747.5, 23785.0], [2747.55, 18660.0], [2747.6, 64346.0], [2747.85, 20876.0], [2747.95, 72500.0], [2748.0, 90.0], [2748.35, 6930.0], [2748.4, 20785.0], [2748.45, 6538.0], [2748.7, 200.0], [2748.85, 21641.0], [2748.9, 73637.0], [2748.95, 3808.0], [2749.7, 21641.0], [2749.75, 72500.0]]}}}
{"jsonrpc": "2.0", "method": "subscription", "params": {"channel": "book.ETH-PERPETUAL.none.20.100ms", "data": {"timestamp": 1763737933063, "change_id": 98154759109, "instrument_name": "ETH-PERPETUAL", "bids": [[2746.65, 6050.0], [2746.3, 10000.0], [2746.2, 1035.0], [2746.05, 2896.0], [2746.0, 9700.0], [2745.95, 2.0], [2745.8, 4713.0], [2745.75, 21176.0], [2745.7, 3704.0], [2745.6, 15452.0], [2745.55, 3704.0], [2745.45, 15889.0], [2745.35, 3704.0], [2745.3, 50000.0], [2745.15, 1106.0], [2745.1, 3704.0], [2745.0, 2998.0], [2744.95, 1105.0], [2744.9, 3703.0], [2744.85, 5577.0]], "asks": [[2746.7, 8874.0], [2747.4, 7100.0], [2747.45, 20004.0], [2747.5, 3781.0], [2747.55, 4282.0], [2747.6, 14346.0], [2747.85, 21668.0], [2747.95, 72500.0], [2748.0, 90.0], [2748.3, 3002.0], [2748.35, 7826.0], [2748.4, 17783.0], [2748.45, 6538.0], [2748.7, 200.0], [2748.85, 21641.0], [2748.9, 73637.0], [2748.95, 3808.0], [2749.7, 28846.0], [2749.75, 72500.0], [2750.0, 200.0]]}}}
{"jsonrpc": "2.0", "method": "subscription", "params": {"channel": "book.ETH-PERPETUAL.none.20.100ms", "data": {"timestamp": 1763737933399, "change_id": 98154759800, "instrument_name": "ETH-PERPETUAL", "bids": [[2746.65, 5900.0], [2746.2, 1035.0], [2746.05, 10000.0], [2746.0, 2100.0], [2745.95, 2.0], [2745.75, 21176.0], [2745.7, 3704.0], [2745.6, 15452.0], [2745.55, 3704.0], [2745.45, 1106.0], [2745.35, 3704.0], [2745.15, 51106.0], [2745.1, 3704.0], [2744.95, 1105.0], [2744.9, 3703.0], [2744.85, 1106.0], [2744.8, 3704.0], [2744.7, 1863.0], [2744.6, 2998.0], [2744.55, 6242.0]], "asks": [[2746.7, 9126.0], [2747.05, 32.0], [2747.2, 34929.0], [2747.25, 50000.0], [2747.45, 1119.0], [2747.5, 3749.0], [2747.55, 4282.0], [2747.6, 14346.0], [2747.85, 21668.0], [2747.9, 20785.0], [2747.95, 72500.0], [2748.0, 90.0], [2748.35, 2580.0], [2748.45, 6538.0], [2748.85, 21641.0], [2748.9, 77797.0], [2748.95, 3808.0], [2749.05, 14424.0], [2749.7, 28846.0], [2749.75, 72500.0]]}}}
{"jsonrpc": "2.0", "method": "subscription", "params": {"channel": "book.ETH-PERPETUAL.none.20.100ms", "data": {"timestamp": 1763737933712, "change_id": 98154760383, "instrument_name": "ETH-PERPETUAL", "bids": [[2746.65, 5900.0], [2746.2, 1035.0], [2746.05, 10000.0], [2746.0, 2100.0], [2745.95, 2.0], [2745.8, 7600.0], [2745.75, 15788.0], [2745.7, 3704.0], [2745.6, 15452.0], [2745.55, 3704.0], [2745.45, 1106.0], [2745.35, 3704.0], [2745.15, 1106.0], [2745.1, 53704.0], [2744.95, 1105.0], [2744.9, 3703.0], [2744.85, 1106.0], [2744.8, 18474.0], [2744.7, 1863.0], [2744.65, 2998.0]], "asks": [[2746.7, 13817.0], [2747.0, 2100.0], [2747.05, 21641.0], [2747.1, 78471.0], [2747.25, 34929.0], [2747.3, 50000.0], [2747.45, 1119.0], [2747.5, 3749.0], [2747.55, 4282.0], [2747.6, 14346.0], [2747.85, 21668.0], [2747.9, 3002.0], [2747.95, 72500.0], [2748.0, 90.0], [2748.3, 17783.0], [2748.35, 2580.0], [2748.45, 6538.0], [2748.85, 21641.0], [2748.9, 77797.0], [2748.95, 3808.0]]}}}
{"jsonrpc": "2.0", "method": "subscription", "params": {"channel": "book.ETH-PERPETUAL.none.20.100ms", "data": {"timestamp": 1763737934058, "change_id": 98154761351, "instrument_name": "ETH-PERPETUAL", "bids": [[2746.0, 2174.0], [2745.95, 2.0], [2745.9, 74.0], [2745.75, 25788.0], [2745.45, 1106.0], [2745.35, 3704.0], [2745.25, 4282.0], [2745.2, 16200.0], [2745.15, 1106.0], [2745.1, 3704.0], [2744.95, 1105.0], [2744.9, 3703.0], [2744.85, 19753.0], [2744.8, 68474.0], [2744.6, 1105.0], [2744.55, 3703.0], [2744.4, 1106.0], [2744.35, 3706.0], [2744.25, 12980.0], [2744.15, 20760.0]], "asks": [[2746.25, 1493.0], [2746.3, 5000.0], [2746.65, 2625.0], [2746.7, 6693.0], [2746.8, 1120.0], [2746.85, 3751.0], [2746.9, 50000.0], [2746.95, 6598.0], [2747.0, 22104.0], [2747.4, 3002.0], [2747.45, 6922.0], [2747.5, 17783.0], [2747.55, 8816.0], [2747.6, 14346.0], [2747.85, 21668.0], [2747.95, 72500.0], [2748.0, 90.0], [2748.45, 2001.0], [2748.85, 21641.0], [2748.9, 77797.0]]}}}
{"jsonrpc": "2.0", "method": "subscription", "params": {"channel": "book.ETH-PERPETUAL.none.20.100ms", "data": {"timestamp": 1763737934388, "change_id": 98154762624, "instrument_name": "ETH-PERPETUAL", "bids": [[2746.65, 7036.0], [2746.3, 2100.0], [2746.2, 10000.0], [2746.1, 7600.0], [2746.0, 3263.0], [2745.95, 2.0], [2745.85, 1854.0], [2745.75, 1107.0], [2745.7, 3709.0], [2745.6, 14925.0], [2745.45, 50000.0], [2745.4, 1106.0], [2745.35, 3704.0], [2745.25, 5177.0], [2745.2, 14346.0], [2745.15, 4105.0], [2745.1, 3704.0], [2745.0, 7226.0], [2744.9, 6447.0], [2744.85, 23276.0]], "asks": [[2746.7, 3215.0], [2746.95, 2482.0], [2747.0, 3800.0], [2747.05, 5000.0], [2747.1, 1129.0], [2747.15, 3751.0], [2747.45, 7152.0], [2747.55, 28820.0], [2747.6, 14346.0], [2747.7, 32.0], [2747.85, 21668.0], [2747.95, 72500.0], [2748.0, 90.0], [2748.25, 200.0], [2748.35, 8908.0], [2748.4, 17783.0], [2748.45, 2001.0], [2748.85, 21641.0], [2748.9, 77797.0], [2749.05, 14424.0]]}}}
{"jsonrpc": "2.0", "method": "subscription", "params": {"channel": "book.ETH-PERPETUAL.none.20.100ms", "data": {"timestamp": 1763737934720, "change_id": 98154763396, "instrument_name": "ETH-PERPETUAL", "bids": [[2746.65, 8175.0], [2746.3, 2425.0], [2746.25, 2100.0], [2746.2, 10000.0], [2746.15, 2269.0], [2746.1, 7600.0], [2746.0, 2100.0], [2745.95, 2.0], [2745.85, 1854.0], [2745.75, 1107.0], [2745.7, 3709.0], [2745.4, 1106.0], [2745.35, 3704.0], [2745.3, 7281.0], [2745.2, 14346.0], [2745.15, 1106.0], [2745.1, 3704.0], [2745.0, 6407.0], [2744.95, 17762.0], [2744.9, 3703.0]], "asks": [[2746.7, 2370.0], [2747.0, 5000.0], [2747.1, 1129.0], [2747.15, 3751.0], [2747.45, 1353.0], [2747.55, 8816.0], [2747.7, 5971.0], [2747.75, 32.0], [2747.8, 20004.0], [2747.85, 21668.0], [2747.95, 72500.0], [2748.0, 90.0], [2748.05, 50000.0], [2748.25, 200.0], [2748.3, 3002.0], [2748.35, 5906.0], [2748.4, 17783.0], [2748.45, 2001.0], [2748.85, 21641.0], [2748.9, 77797.0]]}}}
{"jsonrpc": "2.0", "method": "subscription", "params": {"channel": "book.ETH-PERPETUAL.none.20.100ms", "data": {"timestamp": 1763737935050, "change_id": 98154764451, "instrument_name": "ETH-PERPETUAL", "bids": [[2745.95, 2.0], [2745.85, 7600.0], [2745.7, 3709.0], [2745.55, 3709.0], [2745.4, 1106.0], [2745.35, 3704.0], [2745.3, 50000.0], [2745.15, 1106.0], [2745.1, 3704.0], [2745.0, 1105.0], [2744.95, 2999.0], [2744.9, 3703.0], [2744.85, 5514.0], [2744.8, 18474.0], [2744.6, 1105.0], [2744.55, 6447.0], [2744.5, 5302.0], [2744.45, 17762.0], [2744.4, 8803.0], [2744.35, 3706.0]], "asks": [[2746.35, 2099.0], [2746.45, 1430.0], [2746.5, 9770.0], [2746.6, 20000.0], [2746.65, 2263.0], [2746.7, 7581.0], [2747.0, 1120.0], [2747.05, 3752.0], [2747.15, 1902.0], [2747.4, 14925.0], [2747.45, 50000.0], [2747.6, 7152.0], [2747.65, 20004.0], [2747.7, 4534.0], [2747.85, 21668.0], [2747.95, 72500.0], [2748.0, 14436.0], [2748.25, 200.0], [2748.35, 6611.0], [2748.4, 20785.0]]}}}
{"jsonrpc": "2.0", "method": "subscription", "params": {"channel": "book.ETH-PERPETUAL.none.20.100ms", "data": {"timestamp": 1763737935380, "change_id": 98154766258, "instrument_name": "ETH-PERPETUAL", "bids": [[2745.95, 6003.0], [2745.15, 11854.0], [2745.1, 3704.0], [2744.95, 3374.0], [2744.9, 3703.0], [2744.85, 12847.0], [2744.8, 3704.0], [2744.7, 15451.0], [2744.55, 3703.0], [2744.4, 15890.0], [2744.35, 3706.0], [2744.3, 50000.0], [2744.25, 1106.0], [2744.1, 3706.0], [2744.0, 2015.0], [2743.95, 6449.0], [2743.9, 5302.0], [2743.85, 17762.0], [2743.8, 1106.0], [2743.7, 3706.0]], "asks": [[2746.0, 11365.0], [2746.4, 202.0], [2746.5, 5971.0], [2746.55, 20036.0], [2746.65, 4227.0], [2746.7, 11559.0], [2746.8, 26289.0], [2746.95, 72500.0], [2747.1, 5308.0], [2747.15, 17783.0], [2747.5, 3002.0], [2747.85, 21668.0], [2747.95, 72500.0], [2748.0, 14436.0], [2748.45, 2001.0], [2748.85, 21641.0], [2748.9, 77797.0], [2749.05, 14424.0], [2749.7, 28846.0], [2749.75, 72500.0]]}}}
{"jsonrpc": "2.0", "method": "subscription", "params": {"channel": "book.ETH-PERPETUAL.none.20.100ms", "data": {"timestamp": 1763737935711, "change_id": 98154767282, "instrument_name": "ETH-PERPETUAL", "bids": [[2745.95, 6001.0], [2745.55, 10000.0], [2745.35, 7600.0], [2745.15, 2960.0], [2745.1, 3704.0], [2744.95, 1105.0], [2744.9, 3703.0], [2744.85, 6141.0], [2744.8, 3704.0], [2744.7, 14346.0], [2744.6, 1105.0], [2744.55, 3703.0], [2744.4, 1106.0], [2744.35, 3706.0], [2744.25, 2998.0], [2744.2, 20532.0], [2744.15, 50000.0], [2744.1, 3706.0], [2744.0, 1196.0], [2743.95, 3706.0]], "asks": [[2746.0, 7677.0], [2746.25, 1134.0], [2746.3, 5000.0], [2746.4, 202.0], [2746.6, 5971.0], [2746.65, 36514.0], [2746.7, 1416.0], [2746.75, 50000.0], [2746.8, 26289.0], [2746.95, 72532.0], [2747.55, 200.0], [2747.65, 5308.0], [2747.7, 17783.0], [2747.8, 3002.0], [2747.85, 21668.0], [2747.95, 72500.0], [2748.0, 14436.0], [2748.45, 2001.0], [2748.85, 21641.0], [2748.9, 72500.0]]}}}
{"jsonrpc": "2.0", "method": "subscription", "params": {"channel": "book.ETH-PERPETUAL.none.20.100ms", "data": {"timestamp": 1763737936038, "change_id": 98154768315, "instrument_name": "ETH-PERPETUAL", "bids": [[2745.95, 6007.0], [2745.9, 52.0], [2745.4, 2985.0], [2745.35, 10000.0], [2745.15, 5228.0], [2745.1, 11304.0], [2744.95, 1105.0], [2744.9, 3703.0], [2744.85, 5388.0], [2744.8, 3704.0], [2744.7, 14346.0], [2744.6, 1105.0], [2744.55, 3703.0], [2744.45, 8300.0], [2744.4, 18868.0], [2744.35, 3706.0], [2744.25, 1106.0], [2744.1, 4839.0], [2744.05, 2744.0], [2744.0, 90.0]], "asks": [[2746.0, 179.0], [2746.65, 1543.0], [2746.7, 1416.0], [2746.8, 26289.0], [2746.95, 87425.0], [2747.0, 50032.0], [2747.15, 5798.0], [2747.2, 20004.0], [2747.25, 4536.0], [2747.45, 200.0], [2747.7, 6204.0], [2747.75, 17783.0], [2747.8, 3002.0], [2747.85, 21668.0], [2747.95, 72500.0], [2748.0, 14436.0], [2748.45, 2001.0], [2748.85, 21641.0], [2748.9, 72500.0], [2749.7, 28846.0]]}}}
{"jsonrpc": "2.0", "method": "subscription", "params": {"channel": "book.ETH-PERPETUAL.none.20.100ms", "data": {"timestamp": 1763737936372, "change_id": 98154769280, "instrument_name": "ETH-PERPETUAL", "bids": [[2745.95, 23919.0], [2745.9, 52.0], [2745.25, 15478.0], [2745.2, 50000.0], [2745.15, 2960.0], [2745.1, 3704.0], [2745.0, 2000.0], [2744.9, 3703.0], [2744.85, 8386.0], [2744.8, 3704.0], [2744.7, 15451.0], [2744.55, 9005.0], [2744.4, 18868.0], [2744.35, 3706.0], [2744.25, 8662.0], [2744.1, 32676.0], [2744.05, 7356.0], [2744.0, 90.0], [2743.95, 3706.0], [2743.8, 7922.0]], "asks": [[2746.0, 179.0], [2746.4, 3800.0], [2746.45, 5000.0], [2746.65, 1543.0], [2746.7, 1416.0], [2746.8, 3752.0], [2747.0, 32.0], [2747.15, 7152.0], [2747.2, 20004.0], [2747.25, 4536.0], [2747.3, 14925.0], [2747.35, 50000.0], [2747.45, 200.0], [2747.85, 21668.0], [2747.9, 17783.0], [2747.95, 72500.0], [2748.0, 14436.0], [2748.35, 1493.0], [2748.4, 3002.0], [2748.45, 2001.0]]}}}
{"jsonrpc": "2.0", "method": "subscription", "params": {"channel": "book.ETH-PERPETUAL.none.20.100ms", "data": {"timestamp": 1763737936703, "change_id": 98154769971, "instrument_name": "ETH-PERPETUAL", "bids": [[2746.35, 7036.0], [2746.15, 2152.0], [2746.1, 10000.0], [2745.95, 8766.0], [2745.55, 1855.0], [2745.45, 1108.0], [2745.4, 3711.0], [2745.15, 1106.0], [2745.1, 53704.0], [2745.0, 1105.0], [2744.9, 3703.0], [2744.85, 5388.0], [2744.8, 3704.0], [2744.7, 15451.0], [2744.6, 2998.0], [2744.55, 9900.0], [2744.5, 17762.0], [2744.4, 1106.0], [2744.35, 3706.0], [2744.25, 8662.0]], "asks": [[2746.4, 5974.0], [2746.45, 5000.0], [2746.65, 1543.0], [2746.7, 1416.0], [2746.75, 2100.0], [2746.8, 3752.0], [2747.0, 32.0], [2747.15, 7152.0], [2747.2, 20004.0], [2747.25, 4536.0], [2747.3, 14925.0], [2747.35, 50000.0], [2747.45, 200.0], [2747.8, 3001.0], [2747.85, 21668.0], [2747.9, 17783.0], [2747.95, 72500.0], [2748.0, 14436.0], [2748.45, 2001.0], [2748.85, 21641.0]]}}}
{"jsonrpc": "2.0", "method": "subscription", "params": {"channel": "book.ETH-PERPETUAL.none.20.100ms", "data": {"timestamp": 1763737937025, "change_id": 98154770668, "instrument_name": "ETH-PERPETUAL", "bids": [[2746.35, 6001.0], [2746.15, 52.0], [2745.95, 1114.0], [2745.85, 10000.0], [2745.55, 1855.0], [2745.5, 7600.0], [2745.45, 1108.0], [2745.4, 3711.0], [2745.15, 1106.0], [2745.1, 3704.0], [2745.0, 15889.0], [2744.95, 50000.0], [2744.9, 3703.0], [2744.85, 5388.0], [2744.8, 3704.0], [2744.7, 19856.0], [2744.65, 14755.0], [2744.55, 3703.0], [2744.4, 2679.0], [2744.35, 6450.0]], "asks": [[2746.4, 6534.0], [2746.45, 5000.0], [2746.65, 1543.0], [2746.7, 1416.0], [2746.75, 2100.0], [2746.8, 3752.0], [2747.0, 62541.0], [2747.05, 50000.0], [2747.1, 72500.0], [2747.15, 1354.0], [2747.25, 4536.0], [2747.8, 3002.0], [2747.85, 21668.0], [2747.9, 17783.0], [2747.95, 72500.0], [2748.0, 14436.0], [2748.45, 2001.0], [2748.85, 21641.0], [2748.9, 86907.0], [2749.7, 28846.0]]}}}
{"jsonrpc": "2.0", "method": "subscription", "params": {"channel": "book.ETH-PERPETUAL.none.20.100ms", "data": {"timestamp": 1763737937360, "change_id": 98154772937, "instrument_name": "ETH-PERPETUAL", "bids": [[2745.05, 204.0], [2745.0, 1239.0], [2744.9, 95.0], [2744.75, 3135.0], [2744.5, 2985.0], [2744.45, 10000.0], [2744.2, 15890.0], [2744.15, 50000.0], [2744.1, 8977.0], [2744.0, 90.0], [2743.95, 18052.0], [2743.9, 1855.0], [2743.75, 1106.0], [2743.7, 3706.0], [2743.65, 6266.0], [2743.6, 3704.0], [2743.5, 6267.0], [2743.4, 21468.0], [2743.35, 3672.0], [2743.3, 2998.0]], "asks": [[2745.4, 1134.0], [2745.45, 5293.0], [2745.5, 5000.0], [2746.0, 32.0], [2746.05, 9157.0], [2746.1, 20004.0], [2746.15, 2100.0], [2746.2, 6837.0], [2746.35, 5016.0], [2746.4, 9828.0], [2746.65, 7607.0], [2746.7, 1416.0], [2746.75, 22885.0], [2747.0, 21641.0], [2747.1, 72500.0], [2747.85, 21668.0], [2747.95, 72500.0], [2748.0, 90.0], [2748.1, 2209.0], [2748.15, 7402.0]]}}}
{"jsonrpc": "2.0", "method": "subscription", "params": {"channel": "book.ETH-PERPETUAL.none.20.100ms", "data": {"timestamp": 1763737937693, "change_id": 98154774569, "instrument_name": "ETH-PERPETUAL", "bids": [[2745.55, 7036.0], [2745.2, 42.0], [2745.1, 148.0], [2744.9, 42.0], [2744.8, 3618.0], [2744.75, 12943.0], [2744.7, 9178.0], [2744.65, 672.0], [2744.55, 1661.0], [2744.5, 3711.0], [2744.45, 1855.0], [2744.35, 1108.0], [2744.3, 3711.0], [2744.2, 15890.0], [2744.15, 50000.0], [2744.1, 8977.0], [2744.0, 90.0], [2743.95, 18052.0], [2743.8, 2001.0], [2743.75, 2998.0]], "asks": [[2745.6, 4792.0], [2745.8, 1493.0], [2745.85, 5000.0], [2745.95, 1006.0], [2746.05, 3120.0], [2746.1, 1881.0], [2746.15, 2100.0], [2746.2, 200.0], [2746.35, 7025.0], [2746.4, 2753.0], [2746.45, 14378.0], [2746.65, 6660.0], [2746.7, 1416.0], [2747.0, 21641.0], [2747.05, 17783.0], [2747.1, 77040.0], [2747.85, 21668.0], [2747.95, 72500.0], [2748.0, 90.0], [2748.1, 2209.0]]}}}
{"jsonrpc": "2.0", "method": "subscription", "params": {"channel": "book.ETH-PERPETUAL.none.20.100ms", "data": {"timestamp": 1763737938026, "change_id": 98154776101, "instrument_name": "ETH-PERPETUAL", "bids": [[2745.6, 52.0], [2745.25, 2009.0], [2745.05, 7600.0], [2745.0, 5959.0], [2744.95, 10000.0], [2744.9, 42.0], [2744.85, 3709.0], [2744.7, 1809.0], [2744.65, 6061.0], [2744.55, 15891.0], [2744.5, 3711.0], [2744.45, 50000.0], [2744.4, 2999.0], [2744.35, 1108.0], [2744.3, 3711.0], [2744.2, 1106.0], [2744.1, 13731.0], [2744.0, 17852.0], [2743.95, 18052.0], [2743.75, 1106.0]], "asks": [[2745.75, 20000.0], [2745.8, 6320.0], [2745.9, 947.0], [2746.15, 2100.0], [2746.2, 200.0], [2746.35, 7019.0], [2746.4, 2100.0], [2746.45, 32.0], [2746.5, 14346.0], [2746.55, 1120.0], [2746.65, 3753.0], [2746.7, 1416.0], [2746.9, 5971.0], [2746.95, 54985.0], [2747.0, 50000.0], [2747.1, 77040.0], [2747.75, 6204.0], [2747.8, 20785.0], [2747.85, 21668.0], [2747.95, 72500.0]]}}}
{"jsonrpc": "2.0", "method": "subscription", "params": {"channel": "book.ETH-PERPETUAL.none.20.100ms", "data": {"timestamp": 1763737938355, "change_id": 98154777318, "instrument_name": "ETH-PERPETUAL", "bids": [[2745.25, 3545.0], [2745.2, 2.0], [2744.9, 42.0], [2744.85, 3709.0], [2744.55, 6915.0], [2744.5, 13711.0], [2744.45, 9454.0], [2744.35, 1108.0], [2744.3, 3711.0], [2744.25, 5389.0], [2744.2, 14346.0], [2744.1, 4839.0], [2744.0, 90.0], [2743.95, 3706.0], [2743.75, 2001.0], [2743.7, 6704.0], [2743.65, 1106.0], [2743.6, 3704.0], [2743.5, 1106.0], [2743.4, 3706.0]], "asks": [[2745.3, 10837.0], [2745.45, 14925.0], [2745.5, 50000.0], [2745.8, 665.0], [2746.0, 5971.0], [2746.05, 21190.0], [2746.1, 3753.0], [2746.15, 2132.0], [2746.35, 7019.0], [2746.4, 2100.0], [2746.5, 14346.0], [2746.7, 1416.0], [2746.85, 6204.0], [2746.9, 20785.0], [2746.95, 22996.0], [2747.1, 77040.0], [2747.55, 200.0], [2747.85, 21668.0], [2747.95, 72500.0], [2748.0, 90.0]]}}}
{"jsonrpc": "2.0", "method": "subscription", "params": {"channel": "book.ETH-PERPETUAL.none.20.100ms", "data": {"timestamp": 1763737938684, "change_id": 98154778580, "instrument_name": "ETH-PERPETUAL", "bids": [[2744.9, 42.0], [2744.2, 10000.0], [2744.15, 1106.0], [2744.1, 6693.0], [2744.0, 90.0], [2743.95, 3706.0], [2743.85, 4282.0], [2743.8, 14346.0], [2743.75, 1106.0], [2743.7, 3706.0], [2743.65, 1106.0], [2743.6, 3704.0], [2743.45, 1106.0], [2743.4, 3706.0], [2743.35, 5537.0], [2743.3, 2999.0], [2743.25, 3706.0], [2743.2, 14843.0], [2743.15, 5302.0], [2743.1, 17762.0]], "asks": [[2744.95, 10905.0], [2745.15, 2100.0], [2745.2, 6030.0], [2745.25, 20000.0], [2745.3, 15125.0], [2745.35, 50000.0], [2745.55, 32.0], [2745.7, 1121.0], [2745.75, 3754.0], [2745.95, 47616.0], [2746.0, 72500.0], [2746.05, 1355.0], [2746.2, 4538.0], [2746.35, 8962.0], [2746.45, 20785.0], [2746.5, 14346.0], [2746.7, 1416.0], [2746.95, 22996.0], [2747.1, 72500.0], [2747.75, 4392.0]]}}}
{"jsonrpc": "2.0", "method": "subscription", "params": {"channel": "book.ETH-PERPETUAL.none.20.100ms", "data": {"timestamp": 1763737939016, "change_id": 98154779685, "instrument_name": "ETH-PERPETUAL", "bids": [[2744.9, 103.0], [2744.45, 1855.0], [2744.25, 6913.0], [2744.2, 17600.0], [2744.1, 5560.0], [2744.0, 1196.0], [2743.95, 3706.0], [2743.85, 5132.0], [2743.8, 17193.0], [2743.75, 1106.0], [2743.7, 3706.0], [2743.65, 1106.0], [2743.6, 3704.0], [2743.5, 2998.0], [2743.45, 6267.0], [2743.4, 3706.0], [2743.35, 17762.0], [2743.25, 8137.0], [2743.2, 34392.0], [2743.15, 50000.0]], "asks": [[2745.15, 40864.0], [2745.3, 1698.0], [2745.7, 1121.0], [2745.75, 9526.0], [2745.8, 17193.0], [2745.9, 5971.0], [2745.95, 20036.0], [2746.05, 1355.0], [2746.2, 4538.0], [2746.65, 3002.0], [2746.7, 1416.0], [2746.8, 200.0], [2746.85, 5308.0], [2746.9, 17783.0], [2746.95, 22996.0], [2747.1, 72500.0], [2747.75, 4392.0], [2747.8, 14715.0], [2747.85, 21668.0], [2747.95, 72500.0]]}}}
{"jsonrpc": "2.0", "method": "subscription", "params": {"channel": "book.ETH-PERPETUAL.none.20.100ms", "data": {"timestamp": 1763737939332, "change_id": 98154781036, "instrument_name": "ETH-PERPETUAL", "bids": [[2744.9, 6089.0], [2744.45, 10000.0], [2744.3, 3710.0], [2744.15, 1106.0], [2744.1, 5561.0], [2744.05, 1133.0], [2744.0, 90.0], [2743.95, 3706.0], [2743.9, 5132.0], [2743.85, 17193.0], [2743.8, 1106.0], [2743.7, 3706.0], [2743.65, 1106.0], [2743.6, 3704.0], [2743.45, 1106.0], [2743.4, 3706.0], [2743.3, 3954.0], [2743.25, 3706.0], [2743.2, 14843.0], [2743.15, 15917.0]], "asks": [[2744.95, 12034.0], [2745.0, 50000.0], [2745.1, 2100.0], [2745.3, 1415.0], [2745.55, 5971.0], [2745.6, 20004.0], [2745.65, 32.0], [2745.7, 1312.0], [2745.75, 9098.0], [2745.8, 17193.0], [2746.1, 1355.0], [2746.15, 3002.0], [2746.2, 4538.0], [2746.65, 5368.0], [2746.7, 17784.0], [2746.8, 200.0], [2746.95, 22996.0], [2747.1, 72500.0], [2747.75, 4392.0], [2747.8, 14715.0]]}}}
{"jsonrpc": "2.0", "method": "subscription", "params": {"channel": "book.ETH-PERPETUAL.none.20.100ms", "data": {"timestamp": 1763737939676, "change_id": 98154781930, "instrument_name": "ETH-PERPETUAL", "bids": [[2744.9, 6089.0], [2744.25, 10000.0], [2744.15, 7600.0], [2744.1, 5561.0], [2744.05, 1133.0], [2744.0, 90.0], [2743.95, 3706.0], [2743.8, 1106.0], [2743.7, 3706.0], [2743.65, 1106.0], [2743.6, 3704.0], [2743.5, 6238.0], [2743.45, 17193.0], [2743.4, 3706.0], [2743.3, 3954.0], [2743.25, 3706.0], [2743.2, 14843.0], [2743.05, 4087.0], [2743.0, 3736.0], [2742.9, 8576.0]], "asks": [[2744.95, 12494.0], [2745.0, 4827.0], [2745.05, 50000.0], [2745.3, 1415.0], [2745.35, 10479.0], [2745.4, 37197.0], [2745.7, 1312.0], [2745.75, 4394.0], [2746.1, 6490.0], [2746.15, 20785.0], [2746.2, 4538.0], [2746.7, 1.0], [2746.95, 22996.0], [2747.1, 72500.0], [2747.75, 4392.0], [2747.8, 14715.0], [2747.85, 21668.0], [2747.95, 72500.0], [2748.0, 90.0], [2748.1, 2209.0]]}}}
{"jsonrpc": "2.0", "method": "subscription", "params": {"channel": "book.ETH-PERPETUAL.none.20.100ms", "data": {"timestamp": 1763737940007, "change_id": 98154782811, "instrument_name": "ETH-PERPETUAL", "bids": [[2744.9, 6089.0], [2744.25, 10000.0], [2744.15, 7600.0], [2744.1, 5561.0], [2744.05, 1133.0], [2744.0, 90.0], [2743.95, 3706.0], [2743.9, 5132.0], [2743.85, 17193.0], [2743.8, 1106.0], [2743.7, 3706.0], [2743.65, 1106.0], [2743.6, 3704.0], [2743.5, 1106.0], [2743.4, 3706.0], [2743.3, 6432.0], [2743.25, 3706.0], [2743.2, 14843.0], [2743.1, 2998.0], [2743.05, 3336.0]], "asks": [[2744.95, 10194.0], [2745.0, 50000.0], [2745.3, 1415.0], [2745.4, 5971.0], [2745.6, 20004.0], [2745.7, 32.0], [2745.75, 9526.0], [2745.8, 17193.0], [2746.0, 21641.0], [2746.05, 72500.0], [2746.1, 6490.0], [2746.15, 17783.0], [2746.2, 4538.0], [2746.4, 200.0], [2746.7, 1.0], [2746.9, 3002.0], [2746.95, 22996.0], [2747.1, 72500.0], [2747.75, 4392.0], [2747.8, 14715.0]]}}}
{"jsonrpc": "2.0", "method": "subscription", "params": {"channel": "book.ETH-PERPETUAL.none.20.100ms", "data": {"timestamp": 1763737940321, "change_id": 98154783551, "instrument_name": "ETH-PERPETUAL", "bids": [[2744.9, 6089.0], [2744.1, 1855.0], [2744.0, 7590.0], [2743.95, 3706.0], [2743.8, 1106.0], [2743.7, 3706.0], [2743.65, 1106.0], [2743.6, 3704.0], [2743.5, 6238.0], [2743.45, 17193.0], [2743.4, 3706.0], [2743.3, 1106.0], [2743.25, 3706.0], [2743.05, 2001.0], [2743.0, 3707.0], [2742.95, 2998.0], [2742.9, 1107.0], [2742.85, 3707.0], [2742.75, 6408.0], [2742.65, 17762.0]], "asks": [[2744.95, 60394.0], [2745.3, 1415.0], [2745.35, 11113.0], [2745.4, 20036.0], [2745.45, 17193.0], [2745.7, 1312.0], [2745.75, 4394.0], [2746.0, 21641.0], [2746.05, 78990.0], [2746.15, 17783.0], [2746.2, 4538.0], [2746.7, 1.0], [2746.9, 3002.0], [2746.95, 22996.0], [2747.1, 73626.0], [2747.15, 3773.0], [2747.85, 21668.0], [2747.95, 72500.0], [2748.0, 90.0], [2748.1, 2209.0]]}}}
{"jsonrpc": "2.0", "method": "subscription", "params": {"channel": "book.ETH-PERPETUAL.none.20.100ms", "data": {"timestamp": 1763737940663, "change_id": 98154785051, "instrument_name": "ETH-PERPETUAL", "bids": [[2744.3, 6001.0], [2744.2, 52.0], [2744.05, 2100.0], [2744.0, 90.0], [2743.75, 7500.0], [2743.6, 9404.0], [2743.5, 1855.0], [2743.45, 1106.0], [2743.4, 3706.0], [2743.3, 1106.0], [2743.25, 3706.0], [2743.15, 5132.0], [2743.1, 17193.0], [2743.05, 1107.0], [2743.0, 3707.0], [2742.9, 1107.0], [2742.85, 3707.0], [2742.75, 1107.0], [2742.6, 3707.0], [2742.45, 6408.0]], "asks": [[2744.35, 2349.0], [2744.6, 50000.0], [2744.7, 2866.0], [2744.75, 7500.0], [2744.8, 2100.0], [2744.85, 1273.0], [2744.9, 4063.0], [2744.95, 789.0], [2745.1, 5164.0], [2745.15, 21733.0], [2745.2, 6394.0], [2745.25, 20004.0], [2745.3, 1415.0], [2745.75, 640.0], [2745.95, 20785.0], [2746.0, 21641.0], [2746.05, 72500.0], [2746.95, 22996.0], [2747.05, 14532.0], [2747.1, 73626.0]]}}}
{"jsonrpc": "2.0", "method": "subscription", "params": {"channel": "book.ETH-PERPETUAL.none.20.100ms", "data": {"timestamp": 1763737940996, "change_id": 98154786124, "instrument_name": "ETH-PERPETUAL", "bids": [[2744.4, 1166.0], [2744.3, 8460.0], [2744.05, 2100.0], [2744.0, 90.0], [2743.9, 5700.0], [2743.85, 1855.0], [2743.65, 8063.0], [2743.6, 3704.0], [2743.5, 17193.0], [2743.45, 1106.0], [2743.4, 3706.0], [2743.3, 1106.0], [2743.25, 3706.0], [2743.1, 2999.0], [2743.05, 1107.0], [2743.0, 3707.0], [2742.9, 16708.0], [2742.85, 6449.0], [2742.8, 50000.0], [2742.75, 6267.0]], "asks": [[2744.45, 1963.0], [2744.65, 4687.0], [2744.7, 15300.0], [2744.75, 2100.0], [2744.95, 14928.0], [2745.0, 50000.0], [2745.2, 1543.0], [2745.25, 3754.0], [2745.3, 2536.0], [2745.35, 3754.0], [2745.45, 11113.0], [2745.5, 20036.0], [2745.6, 17193.0], [2745.75, 640.0], [2746.0, 21641.0], [2746.05, 72500.0], [2746.2, 9665.0], [2746.25, 17783.0], [2746.3, 4540.0], [2746.4, 200.0]]}}}
{"jsonrpc": "2.0", "method": "subscription", "params": {"channel": "book.ETH-PERPETUAL.none.20.100ms", "data": {"timestamp": 1763737941319, "change_id": 98154787225, "instrument_name": "ETH-PERPETUAL", "bids": [[2744.4, 6525.0], [2744.0, 90.0], [2743.85, 7500.0], [2743.6, 5559.0], [2743.45, 1106.0], [2743.4, 3706.0], [2743.3, 1106.0], [2743.25, 3706.0], [2743.1, 5132.0], [2743.05, 18300.0], [2743.0, 3707.0], [2742.9, 1107.0], [2742.85, 3707.0], [2742.75, 5272.0], [2742.6, 18136.0], [2742.45, 1107.0], [2742.4, 3532.0], [2742.35, 3707.0], [2742.25, 27605.0], [2742.2, 72500.0]], "asks": [[2744.45, 65797.0], [2744.7, 2941.0], [2744.75, 2100.0], [2744.95, 3.0], [2745.1, 41645.0], [2745.15, 79185.0], [2745.2, 17193.0], [2745.25, 3754.0], [2745.3, 1415.0], [2745.4, 1355.0], [2745.45, 4540.0], [2745.85, 5308.0], [2745.9, 20785.0], [2746.0, 21641.0], [2746.05, 72500.0], [2746.95, 22996.0], [2747.05, 14532.0], [2747.1, 72500.0], [2747.85, 21668.0], [2747.95, 72500.0]]}}}
{"jsonrpc": "2.0", "method": "subscription", "params": {"channel": "book.ETH-PERPETUAL.none.20.100ms", "data": {"timestamp": 1763737941655, "change_id": 98154788285, "instrument_name": "ETH-PERPETUAL", "bids": [[2744.0, 90.0], [2743.6, 7500.0], [2743.55, 2100.0], [2743.5, 5700.0], [2743.3, 1106.0], [2743.25, 3706.0], [2743.2, 1855.0], [2743.05, 18300.0], [2743.0, 3707.0], [2742.9, 1107.0], [2742.85, 3707.0], [2742.6, 3707.0], [2742.35, 3707.0], [2742.3, 243.0], [2742.1, 3707.0], [2742.0, 8894.0], [2741.95, 25786.0], [2741.85, 3707.0], [2741.7, 1107.0], [2741.65, 3707.0]], "asks": [[2744.05, 17337.0], [2744.35, 5970.0], [2744.4, 22100.0], [2744.45, 2947.0], [2744.7, 2100.0], [2744.75, 5132.0], [2744.8, 17193.0], [2744.95, 3.0], [2745.05, 20004.0], [2745.1, 21641.0], [2745.15, 79185.0], [2745.3, 1415.0], [2745.35, 1355.0], [2745.45, 4540.0], [2745.75, 6204.0], [2745.8, 20785.0], [2746.0, 21641.0], [2746.05, 72500.0], [2746.95, 22996.0], [2747.05, 14532.0]]}}}
{"jsonrpc": "2.0", "method": "subscription", "params": {"channel": "book.ETH-PERPETUAL.none.20.100ms", "data": {"timestamp": 1763737941986, "change_id": 98154790523, "instrument_name": "ETH-PERPETUAL", "bids": [[2742.3, 9600.0], [2742.2, 1035.0], [2742.0, 90.0], [2741.65, 3707.0], [2741.55, 8804.0], [2741.45, 3707.0], [2741.4, 26893.0], [2741.35, 3707.0], [2741.25, 14783.0], [2741.15, 3708.0], [2740.95, 1107.0], [2740.9, 3708.0], [2740.8, 1107.0], [2740.7, 3710.0], [2740.5, 1108.0], [2740.45, 3711.0], [2740.35, 58527.0], [2740.3, 72500.0], [2740.25, 10995.0], [2740.2, 126108.0]], "asks": [[2742.7, 4137.0], [2742.95, 14781.0], [2743.0, 2551.0], [2743.45, 1171.0], [2743.5, 6556.0], [2743.6, 971.0], [2743.8, 32.0], [2743.95, 23592.0], [2744.0, 20004.0], [2744.1, 77632.0], [2744.25, 6598.0], [2744.35, 3002.0], [2744.4, 3300.0], [2744.45, 48.0], [2744.55, 4538.0], [2744.7, 17783.0], [2744.95, 3.0], [2745.1, 21641.0], [2745.15, 79185.0], [2745.3, 1415.0]]}}}
{"jsonrpc": "2.0", "method": "subscription", "params": {"channel": "book.ETH-PERPETUAL.none.20.100ms", "data": {"timestamp": 1763737942311, "change_id": 98154793495, "instrument_name": "ETH-PERPETUAL", "bids": [[2742.3, 6001.0], [2742.0, 90.0], [2741.85, 7500.0], [2741.75, 5700.0], [2741.5, 1854.0], [2741.45, 3707.0], [2741.4, 1107.0], [2741.35, 3707.0], [2741.25, 8804.0], [2741.2, 25786.0], [2741.15, 3708.0], [2741.1, 5132.0], [2741.05, 17193.0], [2740.95, 1107.0], [2740.9, 3708.0], [2740.8, 1107.0], [2740.7, 3710.0], [2740.55, 8042.0], [2740.5, 18870.0], [2740.45, 3711.0]], "asks": [[2742.35, 2352.0], [2742.5, 17164.0], [2742.6, 7500.0], [2742.7, 2100.0], [2742.8, 1701.0], [2742.85, 5700.0], [2743.0, 5132.0], [2743.05, 17193.0], [2743.1, 1153.0], [2743.15, 3756.0], [2743.45, 200.0], [2743.55, 6125.0], [2743.6, 23006.0], [2743.65, 1870.0], [2743.7, 4537.0], [2743.95, 27612.0], [2744.1, 95415.0], [2744.4, 4710.0], [2744.45, 15780.0], [2744.95, 3.0]]}}}
{"jsonrpc": "2.0", "method": "subscription", "params": {"channel": "book.ETH-PERPETUAL.none.20.100ms", "data": {"timestamp": 1763737942650, "change_id": 98154795081, "instrument_name": "ETH-PERPETUAL", "bids": [[2742.3, 6001.0], [2742.0, 15390.0], [2741.85, 2100.0], [2741.65, 1701.0], [2741.4, 6097.0], [2741.35, 3707.0], [2741.25, 25997.0], [2741.2, 25786.0], [2741.15, 3708.0], [2740.95, 1107.0], [2740.9, 3708.0], [2740.8, 1107.0], [2740.7, 3710.0], [2740.65, 4632.0], [2740.6, 15519.0], [2740.5, 1108.0], [2740.45, 3711.0], [2740.35, 37336.0], [2740.3, 122500.0], [2740.25, 3711.0]], "asks": [[2742.35, 14192.0], [2742.4, 14925.0], [2743.05, 6253.0], [2743.1, 17193.0], [2743.15, 3788.0], [2743.55, 5308.0], [2743.6, 17783.0], [2743.65, 1354.0], [2743.7, 4537.0], [2743.9, 200.0], [2743.95, 27612.0], [2744.05, 3002.0], [2744.1, 77632.0], [2744.95, 3.0], [2745.1, 21641.0], [2745.15, 79185.0], [2745.3, 1415.0], [2745.85, 4098.0], [2745.9, 13730.0], [2746.0, 21641.0]]}}}
{"jsonrpc": "2.0", "method": "subscription", "params": {"channel": "book.ETH-PERPETUAL.none.20.100ms", "data": {"timestamp": 1763737942969, "change_id": 98154797387, "instrument_name": "ETH-PERPETUAL", "bids": [[2742.3, 6872.0], [2742.0, 9690.0], [2741.85, 2100.0], [2741.75, 5700.0], [2741.5, 1855.0], [2741.4, 6097.0], [2741.35, 3707.0], [2741.25, 18300.0], [2741.15, 3708.0], [2740.95, 1107.0], [2740.9, 3708.0], [2740.8, 1107.0], [2740.7, 3710.0], [2740.6, 2740.0], [2740.5, 7101.0], [2740.45, 3711.0], [2740.4, 17762.0], [2740.35, 27249.0], [2740.3, 72500.0], [2740.25, 29497.0]], "asks": [[2742.35, 15237.0], [2742.55, 14925.0], [2742.6, 50000.0], [2743.05, 11435.0], [2743.1, 37198.0], [2743.15, 3788.0], [2743.65, 1354.0], [2743.7, 4537.0], [2743.85, 5368.0], [2743.9, 20985.0], [2743.95, 27612.0], [2744.1, 77632.0], [2744.95, 3.0], [2745.1, 21641.0], [2745.15, 79185.0], [2745.3, 1415.0], [2745.85, 4098.0], [2745.9, 13730.0], [2746.0, 21641.0], [2746.05, 72500.0]]}}}
{"jsonrpc": "2.0", "method": "subscription", "params": {"channel": "book.ETH-PERPETUAL.none.20.100ms", "data": {"timestamp": 1763737943305, "change_id": 98154799375, "instrument_name": "ETH-PERPETUAL", "bids": [[2743.75, 1035.0], [2743.05, 1035.0], [2743.0, 1035.0], [2742.95, 7500.0], [2742.7, 1108.0], [2742.65, 3711.0], [2742.6, 3092.0], [2742.55, 2860.0], [2742.45, 7900.0], [2742.4, 20904.0], [2742.3, 10880.0], [2742.05, 1135.0], [2742.0, 3801.0], [2741.85, 4909.0], [2741.8, 3711.0], [2741.75, 5700.0], [2741.7, 1108.0], [2741.6, 3711.0], [2741.5, 21641.0], [2741.45, 72500.0]], "asks": [[2743.8, 1047.0], [2743.85, 32.0], [2744.0, 14925.0], [2744.3, 2239.0], [2744.35, 7500.0], [2744.4, 1121.0], [2744.45, 3756.0], [2744.55, 6313.0], [2744.6, 4534.0], [2744.7, 17193.0], [2744.95, 3.0], [2745.05, 17783.0], [2745.1, 21641.0], [2745.15, 79185.0], [2745.3, 1415.0], [2746.0, 21641.0], [2746.05, 72500.0], [2746.1, 2186.0], [2746.15, 7323.0], [2746.95, 22996.0]]}}}
{"jsonrpc": "2.0", "method": "subscription", "params": {"channel": "book.ETH-PERPETUAL.none.20.100ms", "data": {"timestamp": 1763737943646, "change_id": 98154801299, "instrument_name": "ETH-PERPETUAL", "bids": [[2743.8, 1238.0], [2743.75, 7524.0], [2743.6, 54.0], [2743.3, 6257.0], [2743.05, 1035.0], [2743.0, 8135.0], [2742.95, 7651.0], [2742.9, 18796.0], [2742.85, 3711.0], [2742.8, 821.0], [2742.7, 1108.0], [2742.65, 3711.0], [2742.5, 15820.0], [2742.45, 57353.0], [2742.4, 11173.0], [2742.3, 9021.0], [2742.15, 7005.0], [2742.1, 2742.0], [2742.05, 18897.0], [2742.0, 3801.0]], "asks": [[2743.85, 32.0], [2744.3, 16877.0], [2744.35, 7500.0], [2744.4, 1121.0], [2744.45, 3756.0], [2744.55, 1353.0], [2744.6, 4534.0], [2744.85, 5133.0], [2744.9, 17193.0], [2744.95, 3.0], [2745.0, 36566.0], [2745.15, 79185.0], [2745.3, 1415.0], [2745.65, 6204.0], [2745.7, 20785.0], [2746.0, 21641.0], [2746.05, 72500.0], [2746.1, 2186.0], [2746.15, 7323.0], [2746.3, 4619.0]]}}}
{"jsonrpc": "2.0", "method": "subscription", "params": {"channel": "book.ETH-PERPETUAL.none.20.100ms", "data": {"timestamp": 1763737943977, "change_id": 98154803927, "instrument_name": "ETH-PERPETUAL", "bids": [[2743.8, 5980.0], [2743.75, 642.0], [2743.6, 54.0], [2743.35, 1868.0], [2743.3, 5700.0], [2743.15, 5441.0], [2743.1, 17193.0], [2743.05, 1035.0], [2743.0, 3274.0], [2742.95, 7500.0], [2742.9, 1133.0], [2742.85, 3711.0], [2742.8, 85.0], [2742.7, 1108.0], [2742.65, 3711.0], [2742.5, 2998.0], [2742.45, 16857.0], [2742.4, 3711.0], [2742.3, 3711.0], [2742.25, 15044.0]], "asks": [[2743.85, 32.0], [2744.3, 2239.0], [2744.35, 7500.0], [2744.45, 50000.0], [2744.6, 1121.0], [2744.65, 3755.0], [2744.8, 1121.0], [2744.85, 3755.0], [2744.95, 3.0], [2745.3, 1415.0], [2745.45, 8014.0], [2745.5, 1353.0], [2745.55, 4532.0], [2745.85, 6204.0], [2745.9, 20785.0], [2746.0, 21641.0], [2746.05, 72500.0], [2746.6, 4100.0], [2746.65, 13734.0], [2746.95, 22996.0]]}}}
{"jsonrpc": "2.0", "method": "subscription", "params": {"channel": "book.ETH-PERPETUAL.none.20.100ms", "data": {"timestamp": 1763737944303, "change_id": 98154805413, "instrument_name": "ETH-PERPETUAL", "bids": [[2743.8, 9089.0], [2743.75, 42.0], [2743.6, 54.0], [2743.3, 485.0], [2743.2, 7500.0], [2743.05, 1035.0], [2743.0, 3274.0], [2742.9, 1133.0], [2742.85, 3711.0], [2742.8, 85.0], [2742.7, 1108.0], [2742.65, 3711.0], [2742.55, 5132.0], [2742.5, 17193.0], [2742.45, 2215.0], [2742.4, 3711.0], [2742.3, 8202.0], [2742.25, 29969.0], [2742.15, 15914.0], [2742.0, 53801.0]], "asks": [[2743.85, 2492.0], [2743.95, 14925.0], [2744.15, 14925.0], [2744.3, 6365.0], [2744.35, 7500.0], [2744.4, 14782.0], [2744.5, 5132.0], [2744.55, 17193.0], [2744.6, 1121.0], [2744.65, 3755.0], [2744.7, 1121.0], [2744.95, 3.0], [2745.05, 72500.0], [2745.25, 5554.0], [2745.45, 6488.0], [2745.5, 17783.0], [2745.55, 4532.0], [2745.9, 3002.0], [2746.0, 21641.0], [2746.05, 72500.0]]}}}
{"jsonrpc": "2.0", "method": "subscription", "params": {"channel": "book.ETH-PERPETUAL.none.20.100ms", "data": {"timestamp": 1763737944605, "change_id": 98154806420, "instrument_name": "ETH-PERPETUAL", "bids": [[2743.8, 11903.0], [2743.75, 42.0], [2743.6, 54.0], [2743.2, 7500.0], [2743.05, 1035.0], [2743.0, 5700.0], [2742.85, 3711.0], [2742.8, 85.0], [2742.7, 1108.0], [2742.65, 3711.0], [2742.55, 5132.0], [2742.5, 17193.0], [2742.45, 2215.0], [2742.4, 3711.0], [2742.3, 8202.0], [2742.25, 15044.0], [2742.15, 1135.0], [2742.0, 3801.0], [2741.9, 2998.0], [2741.85, 15891.0]], "asks": [[2743.85, 17960.0], [2744.05, 14925.0], [2744.1, 50000.0], [2744.3, 2100.0], [2744.35, 32.0], [2744.5, 5132.0], [2744.55, 19667.0], [2744.65, 8287.0], [2744.95, 5311.0], [2745.0, 44732.0], [2745.05, 75502.0], [2746.0, 21641.0], [2746.05, 72500.0], [2746.8, 4526.0], [2746.85, 15162.0], [2746.95, 22996.0], [2747.1, 72500.0], [2747.2, 2201.0], [2747.25, 7373.0], [2747.55, 42615.0]]}}}
{"jsonrpc": "2.0", "method": "subscription", "params": {"channel": "book.ETH-PERPETUAL.none.20.100ms", "data": {"timestamp": 1763737944970, "change_id": 98154807424, "instrument_name": "ETH-PERPETUAL", "bids": [[2743.8, 11570.0], [2743.75, 42.0], [2743.6, 54.0], [2743.2, 7500.0], [2743.1, 60000.0], [2743.05, 1035.0], [2743.0, 5700.0], [2742.85, 3711.0], [2742.8, 85.0], [2742.7, 1108.0], [2742.65, 3711.0], [2742.55, 5132.0], [2742.5, 17193.0], [2742.45, 2215.0], [2742.4, 3711.0], [2742.3, 8202.0], [2742.25, 15044.0], [2742.15, 1135.0], [2742.0, 3801.0], [2741.85, 2679.0]], "asks": [[2743.85, 15860.0], [2743.9, 64925.0], [2744.3, 2100.0], [2744.35, 32.0], [2744.5, 5132.0], [2744.55, 19667.0], [2744.65, 8287.0], [2744.95, 5311.0], [2745.0, 44732.0], [2745.05, 72500.0], [2746.0, 21641.0], [2746.05, 72500.0], [2746.8, 4526.0], [2746.85, 15162.0], [2746.95, 22996.0], [2747.1, 72500.0], [2747.2, 2201.0], [2747.25, 7373.0], [2747.55, 42615.0], [2747.6, 20369.0]]}}}
{"jsonrpc": "2.0", "method": "subscription", "params": {"channel": "book.ETH-PERPETUAL.none.20.100ms", "data": {"timestamp": 1763737945295, "change_id": 98154808554, "instrument_name": "ETH-PERPETUAL", "bids": [[2743.8, 11570.0], [2743.75, 42.0], [2743.6, 54.0], [2743.45, 7500.0], [2743.2, 5700.0], [2743.1, 60000.0], [2743.05, 1035.0], [2742.9, 1133.0], [2742.85, 3711.0], [2742.8, 85.0], [2742.7, 1108.0], [2742.65, 3711.0], [2742.55, 5132.0], [2742.5, 17193.0], [2742.45, 2215.0], [2742.4, 3711.0], [2742.35, 2999.0], [2742.3, 3711.0], [2742.15, 1135.0], [2742.0, 3801.0]], "asks": [[2743.85, 15660.0], [2743.95, 14925.0], [2744.0, 50000.0], [2744.35, 32.0], [2744.5, 5132.0], [2744.55, 19667.0], [2744.65, 8287.0], [2744.95, 3.0], [2745.0, 26949.0], [2745.05, 72500.0], [2745.4, 200.0], [2745.85, 10603.0], [2745.9, 37796.0], [2745.95, 3002.0], [2746.0, 21641.0], [2746.05, 72500.0], [2746.95, 22996.0], [2747.1, 72500.0], [2747.15, 2201.0], [2747.25, 7373.0]]}}}
{"jsonrpc": "2.0", "method": "subscription", "params": {"channel": "book.ETH-PERPETUAL.none.20.100ms", "data": {"timestamp": 1763737945630, "change_id": 98154809547, "instrument_name": "ETH-PERPETUAL", "bids": [[2743.8, 12031.0], [2743.75, 42.0], [2743.6, 54.0], [2743.55, 7500.0], [2743.4, 5700.0], [2743.15, 18219.0], [2743.1, 60000.0], [2743.05, 1035.0], [2742.95, 5132.0], [2742.9, 18326.0], [2742.85, 3711.0], [2742.8, 85.0], [2742.75, 1108.0], [2742.65, 3711.0], [2742.45, 2215.0], [2742.4, 3711.0], [2742.35, 2998.0], [2742.3, 3711.0], [2742.05, 1135.0], [2742.0, 9103.0]], "asks": [[2743.85, 1415.0], [2744.1, 5134.0], [2744.15, 9700.0], [2744.25, 7500.0], [2744.4, 50000.0], [2744.55, 1121.0], [2744.65, 3755.0], [2744.75, 32.0], [2744.9, 5133.0], [2744.95, 17193.0], [2745.4, 200.0], [2745.45, 6662.0], [2745.5, 17783.0], [2745.55, 4534.0], [2745.75, 6869.0], [2745.8, 20011.0], [2745.9, 3002.0], [2746.0, 21641.0], [2746.05, 72500.0], [2746.6, 4100.0]]}}}
{"jsonrpc": "2.0", "method": "subscription", "params": {"channel": "book.ETH-PERPETUAL.none.20.100ms", "data": {"timestamp": 1763737945957, "change_id": 98154810891, "instrument_name": "ETH-PERPETUAL", "bids": [[2743.4, 5700.0], [2743.1, 60000.0], [2742.8, 85.0], [2742.7, 7500.0], [2742.6, 1857.0], [2742.45, 3715.0], [2742.25, 1109.0], [2742.2, 3715.0], [2742.15, 6122.0], [2742.05, 17193.0], [2742.0, 3801.0], [2741.85, 1108.0], [2741.8, 3711.0], [2741.7, 1108.0], [2741.6, 3711.0], [2741.4, 1107.0], [2741.35, 3707.0], [2741.3, 2998.0], [2741.25, 8662.0], [2741.15, 3708.0]], "asks": [[2743.45, 9094.0], [2743.7, 15521.0], [2743.75, 20000.0], [2743.8, 20000.0], [2743.85, 1447.0], [2744.1, 2269.0], [2744.15, 7600.0], [2744.45, 7934.0], [2744.5, 20008.0], [2744.55, 4534.0], [2744.65, 3002.0], [2744.7, 27614.0], [2744.75, 72500.0], [2744.85, 5132.0], [2744.95, 17193.0], [2746.0, 21641.0], [2746.05, 72500.0], [2746.6, 4100.0], [2746.65, 15498.0], [2746.85, 4100.0]]}}}
{"jsonrpc": "2.0", "method": "subscription", "params": {"channel": "book.ETH-PERPETUAL.none.20.100ms", "data": {"timestamp": 1763737946290, "change_id": 98154812061, "instrument_name": "ETH-PERPETUAL", "bids": [[2743.1, 73575.0], [2742.8, 85.0], [2742.75, 3800.0], [2742.6, 1857.0], [2742.5, 1109.0], [2742.45, 3715.0], [2742.25, 1109.0], [2742.2, 3715.0], [2742.15, 6122.0], [2742.05, 17193.0], [2742.0, 3801.0], [2741.85, 1108.0], [2741.8, 3711.0], [2741.75, 2998.0], [2741.7, 1108.0], [2741.6, 3711.0], [2741.45, 17762.0], [2741.4, 1107.0], [2741.35, 3707.0], [2741.25, 3848.0]], "asks": [[2743.15, 992.0], [2743.4, 4180.0], [2743.45, 15100.0], [2743.7, 14982.0], [2743.75, 50000.0], [2743.8, 191.0], [2743.85, 1415.0], [2743.95, 1875.0], [2744.1, 2269.0], [2744.25, 17193.0], [2744.35, 32.0], [2744.5, 20005.0], [2744.55, 4534.0], [2744.7, 27614.0], [2744.75, 72500.0], [2745.0, 200.0], [2745.95, 3002.0], [2746.0, 21641.0], [2746.05, 72500.0], [2746.6, 4100.0]]}}}
{"jsonrpc": "2.0", "method": "subscription", "params": {"channel": "book.ETH-PERPETUAL.none.20.100ms", "data": {"timestamp": 1763737946605, "change_id": 98154813090, "instrument_name": "ETH-PERPETUAL", "bids": [[2743.4, 3209.0], [2743.35, 6001.0], [2743.15, 2100.0], [2743.1, 68606.0], [2742.8, 1219.0], [2742.75, 3800.0], [2742.6, 1857.0], [2742.5, 6099.0], [2742.45, 20908.0], [2742.25, 1109.0], [2742.2, 3715.0], [2742.15, 1135.0], [2742.0, 3801.0], [2741.9, 2998.0], [2741.85, 1108.0], [2741.8, 3711.0], [2741.7, 1108.0], [2741.6, 3711.0], [2741.5, 50000.0], [2741.4, 18869.0]], "asks": [[2743.45, 7858.0], [2743.65, 2296.0], [2743.7, 7500.0], [2743.8, 1544.0], [2743.85, 1415.0], [2743.95, 18682.0], [2744.1, 54842.0], [2744.2, 20004.0], [2744.25, 17193.0], [2744.35, 32.0], [2744.55, 4534.0], [2744.7, 27614.0], [2744.75, 72500.0], [2745.0, 200.0], [2745.95, 20785.0], [2746.0, 21641.0], [2746.05, 72500.0], [2746.6, 4100.0], [2746.65, 15498.0], [2746.7, 9515.0]]}}}
{"jsonrpc": "2.0", "method": "subscription", "params": {"channel": "book.ETH-PERPETUAL.none.20.100ms", "data": {"timestamp": 1763737946952, "change_id": 98154814291, "instrument_name": "ETH-PERPETUAL", "bids": [[2743.4, 10990.0], [2743.35, 6001.0], [2743.15, 2100.0], [2743.1, 1106.0], [2742.95, 3800.0], [2742.8, 85.0], [2742.6, 1857.0], [2742.5, 9603.0], [2742.45, 20908.0], [2742.25, 1109.0], [2742.2, 3715.0], [2742.15, 1135.0], [2742.05, 50000.0], [2742.0, 3801.0], [2741.9, 2741.0], [2741.85, 1108.0], [2741.8, 3711.0], [2741.7, 1108.0], [2741.65, 17762.0], [2741.6, 3711.0]], "asks": [[2743.45, 258.0], [2743.7, 5700.0], [2743.75, 7500.0], [2743.85, 1415.0], [2743.95, 1882.0], [2744.25, 15495.0], [2744.3, 50000.0], [2744.35, 1908.0], [2744.45, 1353.0], [2744.5, 20004.0], [2744.55, 4534.0], [2744.6, 17193.0], [2744.7, 27614.0], [2744.75, 72500.0], [2745.0, 200.0], [2745.9, 17783.0], [2745.95, 3002.0], [2746.0, 21641.0], [2746.05, 72500.0], [2746.6, 4100.0]]}}}
{"jsonrpc": "2.0", "method": "subscription", "params": {"channel": "book.ETH-PERPETUAL.none.20.100ms", "data": {"timestamp": 1763737947282, "change_id": 98154815085, "instrument_name": "ETH-PERPETUAL", "bids": [[2743.6, 16710.0], [2743.4, 4125.0], [2743.15, 5700.0], [2742.8, 1943.0], [2742.65, 3717.0], [2742.5, 9603.0], [2742.45, 20908.0], [2742.3, 2998.0], [2742.25, 1109.0], [2742.2, 3715.0], [2742.15, 1135.0], [2742.05, 50000.0], [2742.0, 3801.0], [2741.9, 2741.0], [2741.85, 18870.0], [2741.8, 3711.0], [2741.7, 1108.0], [2741.6, 3711.0], [2741.4, 1107.0], [2741.35, 3707.0]], "asks": [[2743.65, 992.0], [2743.7, 13200.0], [2743.85, 1415.0], [2744.25, 16811.0], [2744.3, 50000.0], [2744.35, 32.0], [2744.45, 3234.0], [2744.55, 24538.0], [2744.6, 17193.0], [2744.7, 27614.0], [2744.75, 72500.0], [2745.0, 200.0], [2745.85, 3002.0], [2745.9, 17783.0], [2746.0, 21641.0], [2746.05, 72500.0], [2746.6, 4100.0], [2746.65, 15498.0], [2746.7, 9515.0], [2746.75, 31876.0]]}}}
{"jsonrpc": "2.0", "method": "subscription", "params": {"channel": "book.ETH-PERPETUAL.none.20.100ms", "data": {"timestamp": 1763737947611, "change_id": 98154816182, "instrument_name": "ETH-PERPETUAL", "bids": [[2743.4, 6472.0], [2743.2, 2100.0], [2742.8, 1943.0], [2742.7, 1110.0], [2742.65, 3717.0], [2742.5, 9603.0], [2742.45, 20908.0], [2742.25, 1109.0], [2742.2, 3715.0], [2742.15, 1135.0], [2742.0, 3801.0], [2741.95, 18305.0], [2741.85, 1108.0], [2741.8, 3711.0], [2741.7, 1108.0], [2741.6, 53711.0], [2741.4, 18869.0], [2741.35, 3707.0], [2741.25, 1107.0], [2741.15, 76208.0]], "asks": [[2743.45, 9865.0], [2743.6, 20000.0], [2743.65, 2375.0], [2743.7, 5700.0], [2743.75, 14925.0], [2743.8, 51049.0], [2743.85, 1415.0], [2743.95, 2100.0], [2744.25, 3758.0], [2744.35, 6003.0], [2744.4, 20004.0], [2744.45, 3234.0], [2744.55, 4534.0], [2744.6, 17193.0], [2744.7, 27614.0], [2744.75, 72500.0], [2745.0, 200.0], [2745.85, 8310.0], [2745.9, 17783.0], [2746.0, 21641.0]]}}}
{"jsonrpc": "2.0", "method": "subscription", "params": {"channel": "book.ETH-PERPETUAL.none.20.100ms", "data": {"timestamp": 1763737947941, "change_id": 98154817287, "instrument_name": "ETH-PERPETUAL", "bids": [[2743.4, 210.0], [2742.8, 85.0], [2742.75, 7500.0], [2742.45, 5700.0], [2742.2, 1858.0], [2742.15, 6122.0], [2742.05, 17193.0], [2742.0, 3801.0], [2741.85, 1108.0], [2741.8, 3711.0], [2741.7, 1108.0], [2741.6, 3711.0], [2741.45, 2998.0], [2741.4, 1107.0], [2741.35, 3707.0], [2741.25, 1107.0], [2741.15, 76208.0], [2741.1, 17762.0], [2740.95, 1107.0], [2740.9, 3708.0]], "asks": [[2743.45, 65797.0], [2743.65, 2398.0], [2743.75, 17193.0], [2743.8, 6886.0], [2743.85, 1415.0], [2743.9, 20004.0], [2743.95, 2100.0], [2744.25, 3758.0], [2744.45, 1353.0], [2744.55, 4534.0], [2744.7, 48399.0], [2744.75, 72500.0], [2746.0, 21641.0], [2746.05, 72500.0], [2746.6, 4100.0], [2746.65, 15498.0], [2746.95, 22996.0], [2747.0, 13735.0], [2747.1, 72500.0], [2747.15, 2201.0]]}}}
{"jsonrpc": "2.0", "method": "subscription", "params": {"channel": "book.ETH-PERPETUAL.none.20.100ms", "data": {"timestamp": 1763737948272, "change_id": 98154819865, "instrument_name": "ETH-PERPETUAL", "bids": [[2742.0, 90.0], [2741.5, 7500.0], [2741.15, 5700.0], [2740.95, 1858.0], [2740.85, 1858.0], [2740.8, 1107.0], [2740.7, 3710.0], [2740.65, 17193.0], [2740.5, 1108.0], [2740.45, 3711.0], [2740.35, 1108.0], [2740.3, 1926.0], [2740.25, 6451.0], [2740.15, 2003.0], [2740.1, 2998.0], [2740.05, 4845.0], [2740.0, 17852.0], [2739.95, 3709.0], [2739.9, 1107.0], [2739.75, 3709.0]], "asks": [[2742.05, 2365.0], [2742.1, 11723.0], [2742.15, 40000.0], [2742.2, 2100.0], [2742.45, 1213.0], [2742.5, 3071.0], [2742.65, 5142.0], [2742.7, 17193.0], [2742.75, 1221.0], [2742.8, 2100.0], [2742.85, 1882.0], [2743.35, 14341.0], [2743.4, 17783.0], [2743.45, 20204.0], [2743.6, 1353.0], [2743.65, 4534.0], [2743.8, 28035.0], [2743.85, 73915.0], [2744.7, 27614.0], [2744.75, 72500.0]]}}}
{"jsonrpc": "2.0", "method": "subscription", "params": {"channel": "book.ETH-PERPETUAL.none.20.100ms", "data": {"timestamp": 1763737948604, "change_id": 98154822507, "instrument_name": "ETH-PERPETUAL", "bids": [[2741.25, 7574.0], [2741.15, 5700.0], [2740.8, 1107.0], [2740.7, 3710.0], [2740.5, 1108.0], [2740.45, 3711.0], [2740.3, 6098.0], [2740.25, 3711.0], [2740.2, 26893.0], [2740.1, 2998.0], [2740.05, 4845.0], [2740.0, 90.0], [2739.95, 3709.0], [2739.9, 1107.0], [2739.75, 3709.0], [2739.7, 2739.0], [2739.6, 6268.0], [2739.55, 17762.0], [2739.5, 3711.0], [2739.45, 1108.0]], "asks": [[2741.3, 2291.0], [2741.65, 7500.0], [2741.95, 4955.0], [2742.0, 26813.0], [2742.05, 55758.0], [2742.1, 1882.0], [2742.2, 5132.0], [2742.25, 17193.0], [2742.4, 5971.0], [2742.45, 20004.0], [2742.5, 971.0], [2742.75, 1189.0], [2742.8, 2100.0], [2742.85, 1940.0], [2742.9, 5906.0], [2743.0, 2001.0], [2743.35, 5467.0], [2743.45, 10531.0], [2743.6, 1353.0], [2743.65, 4534.0]]}}}
{"jsonrpc": "2.0", "method": "subscription", "params": {"channel": "book.ETH-PERPETUAL.none.20.100ms", "data": {"timestamp": 1763737948935, "change_id": 98154824591, "instrument_name": "ETH-PERPETUAL", "bids": [[2741.25, 13225.0], [2740.9, 5700.0], [2740.8, 1107.0], [2740.7, 3710.0], [2740.5, 1108.0], [2740.45, 5569.0], [2740.3, 6098.0], [2740.25, 3711.0], [2740.2, 18301.0], [2740.05, 4845.0], [2740.0, 90.0], [2739.95, 3709.0], [2739.85, 6369.0], [2739.75, 25992.0], [2739.7, 2739.0], [2739.65, 20760.0], [2739.55, 1108.0], [2739.5, 3711.0], [2739.45, 22622.0], [2739.4, 79497.0]], "asks": [[2741.3, 992.0], [2741.55, 3940.0], [2741.6, 5700.0], [2741.65, 7500.0], [2741.85, 15284.0], [2741.9, 50000.0], [2742.0, 1203.0], [2742.05, 58.0], [2742.1, 1882.0], [2742.2, 5132.0], [2742.25, 17193.0], [2742.7, 5971.0], [2742.75, 20005.0], [2742.8, 2100.0], [2743.0, 2001.0], [2743.2, 5308.0], [2743.25, 17783.0], [2743.3, 3002.0], [2743.35, 2465.0], [2743.4, 1415.0]]}}}
{"jsonrpc": "2.0", "method": "subscription", "params": {"channel": "book.ETH-PERPETUAL.none.20.100ms", "data": {"timestamp": 1763737949266, "change_id": 98154825558, "instrument_name": "ETH-PERPETUAL", "bids": [[2741.5, 6001.0], [2741.3, 2100.0], [2741.25, 15413.0], [2740.95, 1701.0], [2740.9, 5700.0], [2740.8, 1107.0], [2740.75, 1857.0], [2740.7, 3710.0], [2740.6, 5132.0], [2740.55, 17193.0], [2740.5, 1108.0], [2740.45, 3711.0], [2740.3, 1108.0], [2740.25, 3711.0], [2740.15, 1108.0], [2740.05, 4845.0], [2740.0, 3088.0], [2739.95, 3709.0], [2739.85, 26942.0], [2739.75, 21471.0]], "asks": [[2741.55, 23494.0], [2741.6, 13200.0], [2742.0, 232.0], [2742.1, 1882.0], [2742.15, 5132.0], [2742.25, 17193.0], [2742.6, 5971.0], [2742.65, 20005.0], [2742.7, 5971.0], [2742.8, 2100.0], [2743.0, 2001.0], [2743.25, 6204.0], [2743.3, 20785.0], [2743.4, 1415.0], [2743.6, 1353.0], [2743.65, 4534.0], [2743.8, 28035.0], [2743.85, 72500.0], [2743.95, 15489.0], [2744.7, 27614.0]]}}}
{"jsonrpc": "2.0", "method": "subscription", "params": {"channel": "book.ETH-PERPETUAL.none.20.100ms", "data": {"timestamp": 1763737949594, "change_id": 98154826504, "instrument_name": "ETH-PERPETUAL", "bids": [[2741.5, 1890.0], [2741.3, 2100.0], [2741.25, 12243.0], [2740.9, 5700.0], [2740.75, 1857.0], [2740.7, 3710.0], [2740.6, 9106.0], [2740.5, 1108.0], [2740.45, 3711.0], [2740.3, 1108.0], [2740.25, 3711.0], [2740.15, 1108.0], [2740.05, 3711.0], [2740.0, 1197.0], [2739.95, 3709.0], [2739.85, 6435.0], [2739.8, 14850.0], [2739.75, 3709.0], [2739.7, 21641.0], [2739.65, 2998.0]], "asks": [[2741.55, 4665.0], [2741.6, 13200.0], [2741.95, 2100.0], [2742.0, 32.0], [2742.1, 1882.0], [2742.15, 5132.0], [2742.2, 20005.0], [2742.25, 17193.0], [2743.0, 2001.0], [2743.1, 3002.0], [2743.4, 1415.0], [2743.8, 28035.0], [2743.85, 72500.0], [2743.95, 15489.0], [2744.7, 27614.0], [2744.75, 72500.0], [2744.85, 4097.0], [2744.9, 13725.0], [2745.0, 9608.0], [2745.05, 32186.0]]}}}
{"jsonrpc": "2.0", "method": "subscription", "params": {"channel": "book.ETH-PERPETUAL.none.20.100ms", "data": {"timestamp": 1763737949924, "change_id": 98154827402, "instrument_name": "ETH-PERPETUAL", "bids": [[2741.5, 6003.0], [2741.0, 7500.0], [2740.9, 5700.0], [2740.75, 1857.0], [2740.7, 3710.0], [2740.5, 1108.0], [2740.45, 3711.0], [2740.35, 6240.0], [2740.3, 17193.0], [2740.25, 3711.0], [2740.15, 1108.0], [2740.05, 3711.0], [2740.0, 1197.0], [2739.95, 3709.0], [2739.85, 6435.0], [2739.8, 14850.0], [2739.75, 6707.0], [2739.7, 21641.0], [2739.6, 95754.0], [2739.5, 3711.0]], "asks": [[2741.55, 4665.0], [2741.6, 63200.0], [2741.95, 2100.0], [2742.0, 32.0], [2742.1, 1882.0], [2742.15, 10447.0], [2742.2, 20005.0], [2742.25, 17193.0], [2742.35, 1875.0], [2742.6, 1353.0], [2742.7, 4532.0], [2742.9, 5906.0], [2742.95, 20785.0], [2743.0, 2001.0], [2743.4, 1415.0], [2743.8, 28035.0], [2743.85, 72500.0], [2743.95, 15489.0], [2744.7, 27614.0], [2744.75, 72500.0]]}}}
{"jsonrpc": "2.0", "method": "subscription", "params": {"channel": "book.ETH-PERPETUAL.none.20.100ms", "data": {"timestamp": 1763737950258, "change_id": 98154828271, "instrument_name": "ETH-PERPETUAL", "bids": [[2741.55, 9136.0], [2741.5, 557.0], [2741.2, 7500.0], [2740.95, 1701.0], [2740.9, 5700.0], [2740.8, 6581.0], [2740.75, 19050.0], [2740.7, 3710.0], [2740.5, 1108.0], [2740.45, 3711.0], [2740.35, 1108.0], [2740.25, 3711.0], [2740.15, 2003.0], [2740.05, 7844.0], [2740.0, 90.0], [2739.95, 3709.0], [2739.9, 1107.0], [2739.75, 26168.0], [2739.7, 17762.0], [2739.6, 76347.0]], "asks": [[2741.6, 2037.0], [2742.0, 2830.0], [2742.05, 7600.0], [2742.1, 1882.0], [2742.15, 2239.0], [2742.2, 7500.0], [2742.35, 1875.0], [2742.6, 6312.0], [2742.7, 4532.0], [2742.75, 17193.0], [2742.8, 5971.0], [2742.85, 20005.0], [2742.95, 32.0], [2743.35, 4022.0], [2743.4, 3415.0], [2743.7, 5308.0], [2743.75, 17783.0], [2743.9, 200.0], [2744.7, 27614.0], [2744.75, 72500.0]]}}}
{"jsonrpc": "2.0", "method": "subscription", "params": {"channel": "book.ETH-PERPETUAL.none.20.100ms", "data": {"timestamp": 1763737950591, "change_id": 98154829659, "instrument_name": "ETH-PERPETUAL", "bids": [[2741.55, 7323.0], [2741.5, 2194.0], [2741.2, 7500.0], [2740.9, 5700.0], [2740.8, 1662.0], [2740.75, 1857.0], [2740.7, 3710.0], [2740.5, 6098.0], [2740.45, 3711.0], [2740.35, 18301.0], [2740.25, 3711.0], [2740.15, 1108.0], [2740.05, 9254.0], [2740.0, 90.0], [2739.95, 3709.0], [2739.9, 15257.0], [2739.85, 16671.0], [2739.8, 2998.0], [2739.75, 26168.0], [2739.6, 81649.0]], "asks": [[2741.6, 19237.0], [2741.85, 14925.0], [2741.9, 50000.0], [2742.1, 1882.0], [2742.15, 4846.0], [2742.3, 17193.0], [2742.35, 1907.0], [2742.4, 5971.0], [2742.45, 20005.0], [2742.6, 1353.0], [2742.7, 4532.0], [2743.25, 6204.0], [2743.3, 17783.0], [2743.35, 4022.0], [2743.4, 3415.0], [2743.9, 200.0], [2744.55, 4646.0], [2744.6, 15566.0], [2744.7, 27614.0], [2744.75, 72500.0]]}}}
{"jsonrpc": "2.0", "method": "subscription", "params": {"channel": "book.ETH-PERPETUAL.none.20.100ms", "data": {"timestamp": 1763737950922, "change_id": 98154830377, "instrument_name": "ETH-PERPETUAL", "bids": [[2741.55, 6095.0], [2741.5, 2.0], [2741.2, 7500.0], [2740.95, 1701.0], [2740.9, 5700.0], [2740.8, 1662.0], [2740.75, 1857.0], [2740.7, 3710.0], [2740.5, 6098.0], [2740.45, 3711.0], [2740.35, 17193.0], [2740.25, 3711.0], [2740.2, 2999.0], [2740.15, 1108.0], [2740.05, 24510.0], [2740.0, 90.0], [2739.95, 3709.0], [2739.9, 65257.0], [2739.85, 1107.0], [2739.75, 26168.0]], "asks": [[2741.6, 15100.0], [2742.0, 15487.0], [2742.1, 1882.0], [2742.15, 55132.0], [2742.3, 17193.0], [2742.35, 1875.0], [2742.4, 32.0], [2742.6, 7151.0], [2742.65, 20005.0], [2742.7, 4532.0], [2743.25, 6404.0], [2743.3, 17783.0], [2743.35, 1020.0], [2743.4, 3415.0], [2744.5, 3002.0], [2744.55, 4646.0], [2744.6, 15566.0], [2744.7, 27614.0], [2744.75, 72500.0], [2745.4, 51040.0]]}}}
{"jsonrpc": "2.0", "method": "subscription", "params": {"channel": "book.ETH-PERPETUAL.none.20.100ms", "data": {"timestamp": 1763737951251, "change_id": 98154831751, "instrument_name": "ETH-PERPETUAL", "bids": [[2741.8, 26.0], [2741.75, 6001.0], [2741.55, 3377.0], [2741.5, 2.0], [2741.4, 7500.0], [2741.25, 1701.0], [2741.2, 5700.0], [2741.0, 6989.0], [2740.95, 18894.0], [2740.8, 1107.0], [2740.7, 3710.0], [2740.5, 1108.0], [2740.45, 3711.0], [2740.35, 17499.0], [2740.3, 55738.0], [2740.25, 3711.0], [2740.15, 1108.0], [2740.05, 13974.0], [2740.0, 17852.0], [2739.95, 3709.0]], "asks": [[2741.85, 15174.0], [2742.35, 1875.0], [2742.6, 16603.0], [2742.65, 51881.0], [2742.7, 4532.0], [2742.75, 32.0], [2742.85, 5971.0], [2742.9, 25137.0], [2742.95, 17193.0], [2743.25, 200.0], [2743.35, 1020.0], [2743.4, 3415.0], [2744.4, 3002.0], [2744.45, 6204.0], [2744.5, 17783.0], [2744.55, 4646.0], [2744.6, 15566.0], [2744.7, 27614.0], [2744.75, 72500.0], [2745.1, 9701.0]]}}}
{"jsonrpc": "2.0", "method": "subscription", "params": {"channel": "book.ETH-PERPETUAL.none.20.100ms", "data": {"timestamp": 1763737951581, "change_id": 98154833243, "instrument_name": "ETH-PERPETUAL", "bids": [[2741.75, 857.0], [2741.55, 42.0], [2741.5, 2.0], [2741.25, 7500.0], [2740.8, 1107.0], [2740.75, 1857.0], [2740.7, 3710.0], [2740.6, 5132.0], [2740.55, 17193.0], [2740.5, 1108.0], [2740.45, 3711.0], [2740.35, 1108.0], [2740.25, 3711.0], [2740.15, 1108.0], [2740.05, 9399.0], [2740.0, 90.0], [2739.95, 6707.0], [2739.9, 15257.0], [2739.85, 15891.0], [2739.75, 76168.0]], "asks": [[2741.8, 4697.0], [2741.85, 15100.0], [2741.95, 50000.0], [2742.25, 5971.0], [2742.3, 20005.0], [2742.35, 1875.0], [2742.5, 5132.0], [2742.55, 17193.0], [2742.6, 1924.0], [2742.65, 1881.0], [2742.7, 4532.0], [2743.3, 5308.0], [2743.35, 21805.0], [2743.4, 3415.0], [2744.55, 4646.0], [2744.6, 15566.0], [2744.7, 41338.0], [2744.75, 72500.0], [2745.1, 9701.0], [2745.15, 32500.0]]}}}
{"jsonrpc": "2.0", "method": "subscription", "params": {"channel": "book.ETH-PERPETUAL.none.20.100ms", "data": {"timestamp": 1763737951912, "change_id": 98154834085, "instrument_name": "ETH-PERPETUAL", "bids": [[2741.75, 6075.0], [2741.55, 42.0], [2741.5, 2.0], [2741.25, 2239.0], [2741.2, 7500.0], [2741.1, 1689.0], [2741.05, 3800.0], [2740.95, 1857.0], [2740.8, 1107.0], [2740.7, 3710.0], [2740.6, 5132.0], [2740.55, 20192.0], [2740.5, 1108.0], [2740.45, 3711.0], [2740.35, 16672.0], [2740.25, 53711.0], [2740.1, 1108.0], [2740.05, 9399.0], [2740.0, 90.0], [2739.95, 3709.0]], "asks": [[2741.8, 1066.0], [2741.85, 15100.0], [2742.35, 1875.0], [2742.5, 19433.0], [2742.55, 67193.0], [2742.6, 7640.0], [2742.65, 21886.0], [2742.7, 4532.0], [2743.3, 5508.0], [2743.35, 18803.0], [2743.4, 3415.0], [2744.5, 3002.0], [2744.55, 4646.0], [2744.6, 15566.0], [2744.7, 27614.0], [2744.75, 72500.0], [2745.1, 9701.0], [2745.15, 46226.0], [2745.4, 37313.0], [2745.45, 125000.0]]}}}
{"jsonrpc": "2.0", "method": "subscription", "params": {"channel": "book.ETH-PERPETUAL.none.20.100ms", "data": {"timestamp": 1763737952234, "change_id": 98154835060, "instrument_name": "ETH-PERPETUAL", "bids": [[2741.75, 6075.0], [2741.55, 42.0], [2741.5, 2.0], [2741.4, 7500.0], [2741.1, 1689.0], [2741.05, 3800.0], [2740.95, 1857.0], [2740.75, 1107.0], [2740.7, 3710.0], [2740.6, 5132.0], [2740.55, 17193.0], [2740.5, 1108.0], [2740.45, 3711.0], [2740.35, 14669.0], [2740.3, 2998.0], [2740.25, 3711.0], [2740.2, 51108.0], [2740.05, 9399.0], [2740.0, 90.0], [2739.95, 3709.0]], "asks": [[2741.8, 17240.0], [2742.35, 1875.0], [2742.45, 24617.0], [2742.5, 20037.0], [2742.55, 67193.0], [2742.6, 1924.0], [2742.65, 1881.0], [2742.7, 4532.0], [2743.3, 5508.0], [2743.35, 18802.0], [2743.4, 3415.0], [2744.5, 3002.0], [2744.55, 4646.0], [2744.6, 15566.0], [2744.7, 27614.0], [2744.75, 72500.0], [2745.1, 9701.0], [2745.15, 46226.0], [2745.4, 37313.0], [2745.45, 125000.0]]}}}
{"jsonrpc": "2.0", "method": "subscription", "params": {"channel": "book.ETH-PERPETUAL.none.20.100ms", "data": {"timestamp": 1763737952569, "change_id": 98154835891, "instrument_name": "ETH-PERPETUAL", "bids": [[2741.75, 6075.0], [2741.55, 42.0], [2741.5, 2.0], [2741.45, 2100.0], [2741.4, 7500.0], [2741.1, 1689.0], [2741.05, 3800.0], [2740.95, 1857.0], [2740.75, 1107.0], [2740.7, 3710.0], [2740.6, 5132.0], [2740.55, 17193.0], [2740.5, 1108.0], [2740.45, 3711.0], [2740.3, 1108.0], [2740.25, 6709.0], [2740.15, 15891.0], [2740.05, 54845.0], [2740.0, 90.0], [2739.95, 3709.0]], "asks": [[2741.8, 16345.0], [2742.3, 15485.0], [2742.35, 1875.0], [2742.4, 50000.0], [2742.45, 10456.0], [2742.5, 20037.0], [2742.55, 17193.0], [2742.6, 1914.0], [2742.65, 1881.0], [2742.7, 4532.0], [2743.3, 5508.0], [2743.35, 18802.0], [2743.4, 3415.0], [2744.55, 3002.0], [2744.7, 27614.0], [2744.75, 72500.0], [2744.85, 4097.0], [2744.9, 13725.0], [2745.1, 9701.0], [2745.15, 32500.0]]}}}
{"jsonrpc": "2.0", "method": "subscription", "params": {"channel": "book.ETH-PERPETUAL.none.20.100ms", "data": {"timestamp": 1763737952901, "change_id": 98154836762, "instrument_name": "ETH-PERPETUAL", "bids": [[2741.75, 13575.0], [2741.55, 42.0], [2741.5, 2.0], [2741.45, 2100.0], [2741.3, 1134.0], [2741.25, 3800.0], [2740.95, 1857.0], [2740.85, 5132.0], [2740.8, 17193.0], [2740.75, 1107.0], [2740.7, 3710.0], [2740.5, 15891.0], [2740.45, 3711.0], [2740.35, 51108.0], [2740.3, 2998.0], [2740.25, 3711.0], [2740.15, 1926.0], [2740.1, 2740.0], [2740.05, 13967.0], [2740.0, 15249.0]], "asks": [[2741.8, 8666.0], [2742.05, 7500.0], [2742.35, 1875.0], [2742.45, 19409.0], [2742.5, 50032.0], [2742.55, 17193.0], [2742.6, 7641.0], [2742.65, 21885.0], [2742.7, 4532.0], [2743.2, 6031.0], [2743.3, 200.0], [2743.35, 18802.0], [2743.4, 3415.0], [2743.85, 21641.0], [2743.9, 72500.0], [2744.05, 7538.0], [2744.1, 15195.0], [2744.7, 27614.0], [2744.75, 72500.0], [2745.4, 51040.0]]}}}
{"jsonrpc": "2.0", "method": "subscription", "params": {"channel": "book.ETH-PERPETUAL.none.20.100ms", "data": {"timestamp": 1763737953228, "change_id": 98154837551, "instrument_name": "ETH-PERPETUAL", "bids": [[2741.75, 6416.0], [2741.55, 42.0], [2741.5, 7502.0], [2741.45, 2100.0], [2741.3, 1134.0], [2741.25, 3800.0], [2741.0, 18464.0], [2740.95, 61857.0], [2740.85, 5132.0], [2740.8, 17193.0], [2740.75, 1107.0], [2740.7, 3710.0], [2740.5, 1108.0], [2740.45, 3711.0], [2740.35, 1108.0], [2740.3, 2998.0], [2740.25, 3711.0], [2740.15, 1108.0], [2740.05, 23571.0], [2740.0, 65249.0]], "asks": [[2741.8, 16166.0], [2742.35, 1875.0], [2742.45, 60455.0], [2742.5, 20036.0], [2742.55, 17193.0], [2742.6, 1914.0], [2742.65, 1881.0], [2742.7, 4532.0], [2743.3, 5508.0], [2743.35, 18802.0], [2743.4, 3415.0], [2743.8, 3002.0], [2743.85, 21641.0], [2743.9, 72500.0], [2744.05, 4536.0], [2744.1, 15195.0], [2744.7, 27614.0], [2744.75, 72500.0], [2745.4, 51040.0], [2745.45, 125000.0]]}}}
{"jsonrpc": "2.0", "method": "subscription", "params": {"channel": "book.ETH-PERPETUAL.none.20.100ms", "data": {"timestamp": 1763737953550, "change_id": 98154838130, "instrument_name": "ETH-PERPETUAL", "bids": [[2741.75, 6532.0], [2741.55, 42.0], [2741.5, 7502.0], [2741.3, 3234.0], [2741.25, 3800.0], [2741.0, 18464.0], [2740.95, 61857.0], [2740.85, 5132.0], [2740.8, 17193.0], [2740.75, 1107.0], [2740.7, 3710.0], [2740.5, 1108.0], [2740.45, 3711.0], [2740.4, 2998.0], [2740.35, 1108.0], [2740.25, 3711.0], [2740.15, 15891.0], [2740.05, 59370.0], [2740.0, 17989.0], [2739.95, 3709.0]], "asks": [[2741.8, 16166.0], [2742.35, 1875.0], [2742.45, 60455.0], [2742.5, 20036.0], [2742.55, 17193.0], [2742.6, 1914.0], [2742.65, 1881.0], [2742.7, 4532.0], [2743.3, 5508.0], [2743.35, 18802.0], [2743.4, 3415.0], [2743.8, 3002.0], [2743.85, 21641.0], [2743.9, 72500.0], [2744.05, 4536.0], [2744.1, 15195.0], [2744.7, 27614.0], [2744.75, 72500.0], [2745.25, 9646.0], [2745.3, 32314.0]]}}}
{"jsonrpc": "2.0", "method": "subscription", "params": {"channel": "book.ETH-PERPETUAL.none.20.100ms", "data": {"timestamp": 1763737953894, "change_id": 98154839620, "instrument_name": "ETH-PERPETUAL", "bids": [[2741.75, 2604.0], [2741.55, 42.0], [2741.5, 2.0], [2741.1, 7500.0], [2740.95, 61857.0], [2740.9, 5700.0], [2740.75, 1107.0], [2740.7, 3710.0], [2740.5, 1108.0], [2740.45, 3711.0], [2740.35, 1108.0], [2740.25, 3711.0], [2740.2, 2003.0], [2740.05, 20338.0], [2740.0, 52830.0], [2739.95, 3709.0], [2739.8, 1107.0], [2739.75, 3709.0], [2739.7, 5302.0], [2739.65, 17762.0]], "asks": [[2741.8, 16494.0], [2742.35, 51875.0], [2742.45, 19409.0], [2742.5, 32.0], [2742.55, 17193.0], [2742.6, 7641.0], [2742.65, 21885.0], [2742.7, 4532.0], [2743.3, 5508.0], [2743.35, 18802.0], [2743.4, 3415.0], [2743.8, 3002.0], [2743.85, 21641.0], [2743.9, 72500.0], [2744.05, 4536.0], [2744.1, 15195.0], [2744.7, 27614.0], [2744.75, 72500.0], [2745.25, 9646.0], [2745.3, 32314.0]]}}}
{"jsonrpc": "2.0", "method": "subscription", "params": {"channel": "book.ETH-PERPETUAL.none.20.100ms", "data": {"timestamp": 1763737954225, "change_id": 98154840595, "instrument_name": "ETH-PERPETUAL", "bids": [[2741.75, 6149.0], [2741.55, 42.0], [2741.5, 2.0], [2741.35, 2239.0], [2741.3, 7500.0], [2741.15, 1701.0], [2741.1, 5700.0], [2741.0, 18464.0], [2740.95, 61857.0], [2740.9, 17193.0], [2740.75, 1107.0], [2740.7, 3710.0], [2740.5, 1108.0], [2740.45, 3711.0], [2740.3, 1108.0], [2740.25, 53711.0], [2740.1, 1108.0], [2740.05, 4845.0], [2740.0, 17852.0], [2739.95, 3709.0]], "asks": [[2741.8, 10007.0], [2742.0, 2239.0], [2742.05, 7500.0], [2742.35, 1875.0], [2742.45, 5142.0], [2742.5, 32.0], [2742.55, 17193.0], [2742.6, 1914.0], [2742.65, 71885.0], [2742.7, 4532.0], [2743.3, 5508.0], [2743.35, 18802.0], [2743.4, 2000.0], [2743.85, 24643.0], [2743.9, 72500.0], [2744.05, 4536.0], [2744.1, 15195.0], [2744.7, 27614.0], [2744.75, 72500.0], [2745.25, 9646.0]]}}}
{"jsonrpc": "2.0", "method": "subscription", "params": {"channel": "book.ETH-PERPETUAL.none.20.100ms", "data": {"timestamp": 1763737954537, "change_id": 98154841491, "instrument_name": "ETH-PERPETUAL", "bids": [[2741.75, 6375.0], [2741.55, 42.0], [2741.5, 7502.0], [2741.4, 2100.0], [2741.35, 5700.0], [2741.0, 18464.0], [2740.95, 61857.0], [2740.9, 17193.0], [2740.75, 1107.0], [2740.7, 3710.0], [2740.5, 1108.0], [2740.45, 3711.0], [2740.3, 4106.0], [2740.25, 3711.0], [2740.15, 15131.0], [2740.1, 1108.0], [2740.05, 4845.0], [2740.0, 90.0], [2739.95, 3709.0], [2739.9, 52739.0]], "asks": [[2741.8, 15681.0], [2742.35, 1875.0], [2742.45, 5142.0], [2742.5, 32.0], [2742.55, 17193.0], [2742.6, 1914.0], [2742.65, 21885.0], [2742.7, 4532.0], [2743.3, 200.0], [2743.35, 17783.0], [2743.4, 2000.0], [2743.8, 3002.0], [2743.85, 21641.0], [2743.9, 72500.0], [2744.05, 4536.0], [2744.1, 15195.0], [2744.7, 27614.0], [2744.75, 72500.0], [2745.25, 9646.0], [2745.3, 32314.0]]}}}
{"jsonrpc": "2.0", "method": "subscription", "params": {"channel": "book.ETH-PERPETUAL.none.20.100ms", "data": {"timestamp": 1763737954876, "change_id": 98154842142, "instrument_name": "ETH-PERPETUAL", "bids": [[2741.75, 6918.0], [2741.55, 42.0], [2741.5, 7502.0], [2741.4, 3801.0], [2741.35, 5700.0], [2741.0, 18464.0], [2740.95, 61857.0], [2740.9, 17193.0], [2740.75, 1107.0], [2740.7, 3710.0], [2740.55, 2998.0], [2740.5, 1108.0], [2740.45, 3711.0], [2740.3, 1108.0], [2740.25, 3711.0], [2740.1, 68870.0], [2740.05, 4845.0], [2740.0, 90.0], [2739.95, 3709.0], [2739.9, 2739.0]], "asks": [[2741.8, 1415.0], [2742.05, 2239.0], [2742.1, 7500.0], [2742.35, 1875.0], [2742.45, 19409.0], [2742.5, 32.0], [2742.55, 67193.0], [2742.6, 1914.0], [2742.65, 1881.0], [2742.7, 4532.0], [2743.3, 20204.0], [2743.4, 2000.0], [2743.75, 17783.0], [2743.85, 21641.0], [2743.9, 72500.0], [2744.0, 3002.0], [2744.05, 3688.0], [2744.7, 27614.0], [2744.75, 72500.0], [2745.4, 51040.0]]}}}
{"jsonrpc": "2.0", "method": "subscription", "params": {"channel": "book.ETH-PERPETUAL.none.20.100ms", "data": {"timestamp": 1763737955193, "change_id": 98154843074, "instrument_name": "ETH-PERPETUAL", "bids": [[2741.75, 9219.0], [2741.55, 42.0], [2741.5, 7502.0], [2741.4, 3801.0], [2741.35, 5700.0], [2741.0, 18464.0], [2740.95, 61857.0], [2740.9, 17193.0], [2740.75, 1107.0], [2740.7, 3710.0], [2740.5, 1108.0], [2740.45, 3711.0], [2740.35, 2998.0], [2740.3, 1108.0], [2740.25, 3711.0], [2740.1, 1108.0], [2740.05, 4845.0], [2740.0, 50090.0], [2739.95, 3709.0], [2739.8, 18869.0]], "asks": [[2741.8, 16640.0], [2742.2, 14925.0], [2742.25, 50000.0], [2742.35, 1875.0], [2742.45, 5142.0], [2742.5, 32.0], [2742.55, 17193.0], [2742.6, 1914.0], [2742.65, 21885.0], [2742.7, 4532.0], [2743.3, 200.0], [2743.35, 17783.0], [2743.4, 2000.0], [2743.8, 3002.0], [2743.85, 21641.0], [2743.9, 72500.0], [2744.05, 3688.0], [2744.7, 27614.0], [2744.75, 72500.0], [2744.85, 4491.0]]}}}
{"jsonrpc": "2.0", "method": "subscription", "params": {"channel": "book.ETH-PERPETUAL.none.20.100ms", "data": {"timestamp": 1763737955545, "change_id": 98154843797, "instrument_name": "ETH-PERPETUAL", "bids": [[2741.75, 16728.0], [2741.55, 2142.0], [2741.5, 2.0], [2741.4, 3801.0], [2741.35, 5700.0], [2741.0, 18464.0], [2740.95, 66989.0], [2740.9, 17193.0], [2740.75, 1107.0], [2740.7, 3710.0], [2740.55, 2998.0], [2740.5, 1108.0], [2740.45, 3711.0], [2740.3, 51108.0], [2740.25, 6451.0], [2740.15, 15604.0], [2740.1, 18870.0], [2740.05, 4845.0], [2740.0, 90.0], [2739.95, 3709.0]], "asks": [[2741.8, 1415.0], [2742.0, 3654.0], [2742.05, 13200.0], [2742.35, 1875.0], [2742.45, 5142.0], [2742.5, 32.0], [2742.55, 17193.0], [2742.65, 1881.0], [2742.7, 50000.0], [2743.3, 20204.0], [2743.4, 2000.0], [2743.55, 17783.0], [2743.6, 4532.0], [2743.8, 3002.0], [2743.85, 21641.0], [2743.9, 72500.0], [2744.05, 3688.0], [2744.3, 4566.0], [2744.35, 15296.0], [2744.7, 27614.0]]}}}
{"jsonrpc": "2.0", "method": "subscription", "params": {"channel": "book.ETH-PERPETUAL.none.20.100ms", "data": {"timestamp": 1763737955865, "change_id": 98154844318, "instrument_name": "ETH-PERPETUAL", "bids": [[2741.75, 15595.0], [2741.55, 2142.0], [2741.4, 3801.0], [2741.35, 5700.0], [2741.0, 18464.0], [2740.95, 66989.0], [2740.9, 17193.0], [2740.75, 1107.0], [2740.7, 3710.0], [2740.5, 1108.0], [2740.45, 3711.0], [2740.35, 2998.0], [2740.3, 1108.0], [2740.25, 56451.0], [2740.15, 15604.0], [2740.1, 18870.0], [2740.05, 4845.0], [2740.0, 90.0], [2739.95, 3709.0], [2739.8, 3566.0]], "asks": [[2741.8, 15607.0], [2742.35, 1875.0], [2742.45, 19409.0], [2742.5, 32.0], [2742.55, 17193.0], [2742.6, 50000.0], [2742.65, 1881.0], [2743.3, 200.0], [2743.4, 2000.0], [2743.5, 23006.0], [2743.55, 17783.0], [2743.6, 7275.0], [2743.85, 21641.0], [2743.9, 72500.0], [2744.05, 3688.0], [2744.3, 4566.0], [2744.35, 15296.0], [2744.7, 27614.0], [2744.75, 72500.0], [2745.4, 82509.0]]}}}
{"jsonrpc": "2.0", "method": "subscription", "params": {"channel": "book.ETH-PERPETUAL.none.20.100ms", "data": {"timestamp": 1763737956205, "change_id": 98154844752, "instrument_name": "ETH-PERPETUAL", "bids": [[2741.75, 6425.0], [2741.55, 42.0], [2741.5, 7500.0], [2741.4, 2100.0], [2741.35, 5700.0], [2741.0, 18464.0], [2740.95, 66989.0], [2740.9, 17193.0], [2740.75, 1107.0], [2740.7, 3710.0], [2740.5, 1108.0], [2740.45, 3711.0], [2740.35, 2998.0], [2740.3, 1108.0], [2740.25, 6451.0], [2740.15, 15604.0], [2740.1, 1108.0], [2740.05, 4845.0], [2740.0, 50090.0], [2739.95, 3709.0]], "asks": [[2741.8, 15681.0], [2742.35, 1875.0], [2742.4, 34929.0], [2742.45, 60455.0], [2742.5, 32.0], [2742.55, 17193.0], [2742.65, 1881.0], [2743.3, 200.0], [2743.35, 17783.0], [2743.4, 2000.0], [2743.55, 3002.0], [2743.6, 7275.0], [2743.85, 21641.0], [2743.9, 72500.0], [2744.05, 3688.0], [2744.3, 4566.0], [2744.35, 15296.0], [2744.7, 27614.0], [2744.75, 72500.0], [2745.4, 82509.0]]}}}
{"jsonrpc": "2.0", "method": "subscription", "params": {"channel": "book.ETH-PERPETUAL.none.20.100ms", "data": {"timestamp": 1763737956536, "change_id": 98154845268, "instrument_name": "ETH-PERPETUAL", "bids": [[2741.75, 5200.0], [2741.55, 42.0], [2741.5, 7500.0], [2741.35, 5700.0], [2741.0, 18464.0], [2740.95, 61857.0], [2740.75, 1107.0], [2740.7, 3710.0], [2740.5, 1108.0], [2740.45, 20904.0], [2740.3, 1108.0], [2740.25, 3711.0], [2740.2, 2998.0], [2740.15, 15604.0], [2740.1, 1108.0], [2740.05, 4845.0], [2740.0, 90.0], [2739.95, 3709.0], [2739.8, 1107.0], [2739.75, 53709.0]], "asks": [[2741.8, 17981.0], [2742.15, 64925.0], [2742.3, 6531.0], [2742.35, 21879.0], [2742.45, 5142.0], [2742.5, 32.0], [2742.55, 17193.0], [2742.65, 1881.0], [2743.3, 3002.0], [2743.35, 17783.0], [2743.4, 2000.0], [2743.6, 7275.0], [2743.85, 21641.0], [2743.9, 72500.0], [2744.05, 3688.0], [2744.3, 4566.0], [2744.35, 15296.0], [2744.7, 27614.0], [2744.75, 72500.0], [2744.85, 4491.0]]}}}
{"jsonrpc": "2.0", "method": "subscription", "params": {"channel": "book.ETH-PERPETUAL.none.20.100ms", "data": {"timestamp": 1763737956865, "change_id": 98154847169, "instrument_name": "ETH-PERPETUAL", "bids": [[2740.95, 60005.0], [2740.6, 7500.0], [2740.4, 1134.0], [2740.35, 3800.0], [2740.3, 1108.0], [2740.25, 3711.0], [2740.2, 5766.0], [2740.15, 17461.0], [2740.05, 4845.0], [2740.0, 90.0], [2739.95, 3709.0], [2739.9, 6239.0], [2739.85, 17193.0], [2739.75, 3709.0], [2739.55, 1108.0], [2739.5, 3711.0], [2739.45, 3847.0], [2739.4, 3711.0], [2739.35, 2998.0], [2739.25, 1108.0]], "asks": [[2741.0, 17063.0], [2741.45, 15552.0], [2741.5, 50000.0], [2741.6, 232.0], [2741.7, 7303.0], [2741.75, 19293.0], [2741.8, 5173.0], [2741.95, 20004.0], [2742.55, 6204.0], [2742.6, 22138.0], [2742.65, 4532.0], [2743.4, 2000.0], [2743.85, 21641.0], [2743.9, 72500.0], [2744.0, 1101.0], [2744.05, 3688.0], [2744.15, 2147.0], [2744.2, 7193.0], [2744.3, 4566.0], [2744.35, 15296.0]]}}}
{"jsonrpc": "2.0", "method": "subscription", "params": {"channel": "book.ETH-PERPETUAL.none.20.100ms", "data": {"timestamp": 1763737957186, "change_id": 98154847790, "instrument_name": "ETH-PERPETUAL", "bids": [[2740.95, 73945.0], [2740.55, 3800.0], [2740.3, 1108.0], [2740.25, 3711.0], [2740.2, 1662.0], [2740.15, 1857.0], [2740.05, 3711.0], [2740.0, 1197.0], [2739.95, 3709.0], [2739.9, 6239.0], [2739.85, 17193.0], [2739.75, 3709.0], [2739.65, 2998.0], [2739.6, 15891.0], [2739.5, 53711.0], [2739.45, 1108.0], [2739.4, 3711.0], [2739.3, 6410.0], [2739.25, 2739.0], [2739.2, 3711.0]], "asks": [[2741.0, 17063.0], [2741.55, 15460.0], [2741.6, 51793.0], [2741.7, 7303.0], [2741.75, 19293.0], [2741.8, 5173.0], [2742.35, 5971.0], [2742.4, 20004.0], [2742.45, 5308.0], [2742.6, 19136.0], [2742.65, 4532.0], [2742.7, 2742.0], [2743.3, 3002.0], [2743.4, 2000.0], [2743.85, 21641.0], [2743.9, 72500.0], [2744.0, 1101.0], [2744.05, 3688.0], [2744.15, 2147.0], [2744.2, 7193.0]]}}}
