{"jsonrpc": "2.0", "id": 1, "result": ["book.ETH-PERPETUAL.none.20.100ms"], "usIn": 1757653713110577, "usOut": 1757653713110836, "usDiff": 259, "testnet": false}
{"jsonrpc": "2.0", "method": "subscription", "params": {"channel": "book.ETH-PERPETUAL.none.20.100ms", "data": {"timestamp": 1757653713106, "change_id": 86196467891, "instrument_name": "ETH-PERPETUAL", "bids": [[4522.4, 8039.0], [4522.0, 179.0], [4521.75, 70.0], [4521.7, 10113.0], [4521.65, 33600.0], [4521.5, 39775.0], [4521.45, 20000.0], [4521.35, 94731.0], [4521.25, 3545.0], [4521.2, 22091.0], [4521.15, 31317.0], [4521.0, 10906.0], [4520.9, 33540.0], [4520.75, 2813.0], [4520.7, 8793.0], [4520.65, 12832.0], [4520.55, 19087.0], [4520.5, 50000.0], [4520.4, 3804.0], [4520.35, 12681.0]], "asks": [[4522.45, 257499.0], [4522.5, 10270.0], [4522.55, 51500.0], [4522.6, 77384.0], [4522.65, 200000.0], [4522.85, 8009.0], [4522.9, 20008.0], [4522.95, 2483.0], [4523.25, 12773.0], [4523.35, 17783.0], [4523.4, 20808.0], [4523.45, 2445.0], [4523.5, 9389.0], [4523.55, 31212.0], [4523.6, 6056.0], [4523.65, 12645.0], [4523.7, 12561.0], [4523.75, 6836.0], [4523.8, 20808.0], [4523.85, 1861.0]]}}}
{"jsonrpc": "2.0", "method": "subscription", "params": {"channel": "book.ETH-PERPETUAL.none.20.100ms", "data": {"timestamp": 1757653713379, "change_id": 86196468100, "instrument_name": "ETH-PERPETUAL", "bids": [[4522.4, 8039.0], [4522.0, 179.0], [4521.75, 70.0], [4521.7, 10113.0], [4521.65, 33600.0], [4521.6, 100.0], [4521.5, 39775.0], [4521.45, 20000.0], [4521.35, 94631.0], [4521.25, 3545.0], [4521.2, 22091.0], [4521.15, 31317.0], [4521.0, 10906.0], [4520.9, 33540.0], [4520.75, 2813.0], [4520.7, 8793.0], [4520.65, 12832.0], [4520.55, 19087.0], [4520.5, 1301.0], [4520.45, 1397.0]], "asks": [[4522.45, 257253.0], [4522.5, 10270.0], [4522.55, 51500.0], [4522.6, 77384.0], [4522.65, 200000.0], [4522.85, 8009.0], [4522.9, 20008.0], [4522.95, 2483.0], [4523.25, 12773.0], [4523.35, 17783.0], [4523.4, 20808.0], [4523.45, 2445.0], [4523.5, 9389.0], [4523.55, 31212.0], [4523.6, 6056.0], [4523.65, 12645.0], [4523.7, 12561.0], [4523.75, 6836.0], [4523.8, 20808.0], [4523.85, 1861.0]]}}}
{"jsonrpc": "2.0", "method": "subscription", "params": {"channel": "book.ETH-PERPETUAL.none.20.100ms", "data": {"timestamp": 1757653713624, "change_id": 86196468545, "instrument_name": "ETH-PERPETUAL", "bids": [[4522.4, 8039.0], [4522.0, 179.0], [4521.75, 70.0], [4521.7, 10113.0], [4521.65, 33600.0], [4521.6, 100.0], [4521.5, 39775.0], [4521.45, 20000.0], [4521.35, 94631.0], [4521.3, 31196.0], [4521.25, 3545.0], [4521.2, 22091.0], [4521.15, 31317.0], [4521.0, 10906.0], [4520.9, 33540.0], [4520.75, 2813.0], [4520.7, 8793.0], [4520.65, 12832.0], [4520.55, 19087.0], [4520.5, 1301.0]], "asks": [[4522.45, 256530.0], [4522.5, 10270.0], [4522.55, 51500.0], [4522.6, 77384.0], [4522.65, 200000.0], [4522.85, 8009.0], [4522.9, 20008.0], [4522.95, 2483.0], [4523.25, 12773.0], [4523.35, 17783.0], [4523.4, 20808.0], [4523.45, 2445.0], [4523.5, 9389.0], [4523.55, 31212.0], [4523.6, 6056.0], [4523.65, 12645.0], [4523.7, 12561.0], [4523.75, 6836.0], [4523.8, 20808.0], [4523.85, 1861.0]]}}}
{"jsonrpc": "2.0", "method": "subscription", "params": {"channel": "book.ETH-PERPETUAL.none.20.100ms", "data": {"timestamp": 1757653714081, "change_id": 86196469160, "instrument_name": "ETH-PERPETUAL", "bids": [[4522.4, 8079.0], [4522.0, 179.0], [4521.85, 6021.0], [4521.8, 20000.0], [4521.75, 70.0], [4521.7, 10113.0], [4521.65, 33600.0], [4521.6, 100.0], [4521.5, 39775.0], [4521.35, 94631.0], [4521.3, 31196.0], [4521.25, 34249.0], [4521.2, 12696.0], [4521.15, 6317.0], [4521.0, 10906.0], [4520.9, 33540.0], [4520.75, 2813.0], [4520.7, 8793.0], [4520.65, 12832.0], [4520.55, 19087.0]], "asks": [[4522.45, 256533.0], [4522.5, 10270.0], [4522.55, 51500.0], [4522.6, 77384.0], [4522.65, 200000.0], [4522.85, 8009.0], [4522.9, 20008.0], [4522.95, 2483.0], [4523.25, 12773.0], [4523.35, 17783.0], [4523.4, 20808.0], [4523.45, 2445.0], [4523.5, 9389.0], [4523.55, 31212.0], [4523.6, 6056.0], [4523.65, 12645.0], [4523.7, 12561.0], [4523.75, 6836.0], [4523.8, 20808.0], [4523.85, 1861.0]]}}}
{"jsonrpc": "2.0", "method": "subscription", "params": {"channel": "book.ETH-PERPETUAL.none.20.100ms", "data": {"timestamp": 1757653714382, "change_id": 86196469420, "instrument_name": "ETH-PERPETUAL", "bids": [[4522.4, 8079.0], [4522.0, 179.0], [4521.85, 6021.0], [4521.8, 20000.0], [4521.75, 70.0], [4521.7, 10113.0], [4521.65, 33600.0], [4521.6, 100.0], [4521.5, 39775.0], [4521.35, 94631.0], [4521.3, 31196.0], [4521.25, 34249.0], [4521.2, 12696.0], [4521.15, 6317.0], [4521.0, 10906.0], [4520.9, 33540.0], [4520.75, 2813.0], [4520.7, 8793.0], [4520.65, 12832.0], [4520.55, 19087.0]], "asks": [[4522.45, 256397.0], [4522.5, 10270.0], [4522.55, 51500.0], [4522.6, 77384.0], [4522.65, 200000.0], [4522.85, 8009.0], [4522.9, 20008.0], [4522.95, 2483.0], [4523.25, 12773.0], [4523.35, 17783.0], [4523.4, 20808.0], [4523.45, 2445.0], [4523.5, 9389.0], [4523.55, 31212.0], [4523.6, 6056.0], [4523.65, 12645.0], [4523.7, 12561.0], [4523.75, 6836.0], [4523.8, 20808.0], [4523.85, 1861.0]]}}}
{"jsonrpc": "2.0", "method": "subscription", "params": {"channel": "book.ETH-PERPETUAL.none.20.100ms", "data": {"timestamp": 1757653714744, "change_id": 86196470018, "instrument_name": "ETH-PERPETUAL", "bids": [[4522.4, 8079.0], [4522.0, 179.0], [4521.85, 6021.0], [4521.8, 20000.0], [4521.75, 70.0], [4521.7, 15121.0], [4521.65, 33600.0], [4521.6, 100.0], [4521.5, 60583.0], [4521.4, 2491.0], [4521.35, 114361.0], [4521.3, 31196.0], [4521.25, 9249.0], [4521.2, 12696.0], [4521.15, 6317.0], [4521.0, 10906.0], [4520.9, 33540.0], [4520.75, 2813.0], [4520.7, 8793.0], [4520.65, 12832.0]], "asks": [[4522.45, 251397.0], [4522.5, 10270.0], [4522.55, 51500.0], [4522.6, 77384.0], [4522.65, 200000.0], [4522.8, 2258.0], [4522.85, 5042.0], [4522.95, 2483.0], [4523.15, 6002.0], [4523.2, 20008.0], [4523.25, 12773.0], [4523.35, 17783.0], [4523.4, 20808.0], [4523.45, 2445.0], [4523.5, 9389.0], [4523.55, 31212.0], [4523.6, 6056.0], [4523.65, 12645.0], [4523.7, 12561.0], [4523.75, 6836.0]]}}}
{"jsonrpc": "2.0", "method": "subscription", "params": {"channel": "book.ETH-PERPETUAL.none.20.100ms", "data": {"timestamp": 1757653715050, "change_id": 86196470563, "instrument_name": "ETH-PERPETUAL", "bids": [[4522.4, 8079.0], [4522.0, 179.0], [4521.85, 6121.0], [4521.8, 20000.0], [4521.75, 70.0], [4521.7, 15121.0], [4521.65, 33600.0], [4521.6, 5270.0], [4521.5, 60583.0], [4521.4, 2491.0], [4521.35, 114361.0], [4521.3, 31196.0], [4521.25, 9249.0], [4521.2, 12696.0], [4521.15, 6317.0], [4521.0, 10906.0], [4520.9, 33540.0], [4520.75, 2813.0], [4520.7, 8793.0], [4520.65, 12832.0]], "asks": [[4522.45, 252249.0], [4522.5, 10270.0], [4522.55, 51500.0], [4522.6, 77384.0], [4522.65, 200000.0], [4522.8, 7978.0], [4522.85, 5042.0], [4522.9, 20008.0], [4522.95, 2483.0], [4523.25, 12773.0], [4523.35, 17783.0], [4523.4, 20808.0], [4523.45, 2445.0], [4523.5, 9389.0], [4523.55, 31212.0], [4523.6, 6056.0], [4523.65, 12645.0], [4523.7, 12561.0], [4523.75, 6836.0], [4523.8, 20808.0]]}}}
{"jsonrpc": "2.0", "method": "subscription", "params": {"channel": "book.ETH-PERPETUAL.none.20.100ms", "data": {"timestamp": 1757653715369, "change_id": 86196470791, "instrument_name": "ETH-PERPETUAL", "bids": [[4522.4, 8079.0], [4522.0, 179.0], [4521.85, 6121.0], [4521.8, 20000.0], [4521.75, 70.0], [4521.7, 15121.0], [4521.65, 33600.0], [4521.6, 5270.0], [4521.5, 39775.0], [4521.4, 2491.0], [4521.35, 114361.0], [4521.3, 31196.0], [4521.25, 9249.0], [4521.2, 12696.0], [4521.15, 6317.0], [4521.0, 10906.0], [4520.9, 33540.0], [4520.75, 2813.0], [4520.7, 8793.0], [4520.65, 12832.0]], "asks": [[4522.45, 258483.0], [4522.5, 10270.0], [4522.55, 51500.0], [4522.6, 77384.0], [4522.65, 200000.0], [4522.8, 7978.0], [4522.85, 42.0], [4522.9, 20008.0], [4522.95, 2483.0], [4523.25, 12773.0], [4523.35, 17783.0], [4523.4, 20808.0], [4523.45, 2445.0], [4523.5, 9389.0], [4523.55, 31212.0], [4523.6, 6056.0], [4523.65, 12645.0], [4523.7, 12561.0], [4523.75, 6836.0], [4523.8, 20808.0]]}}}
{"jsonrpc": "2.0", "method": "subscription", "params": {"channel": "book.ETH-PERPETUAL.none.20.100ms", "data": {"timestamp": 1757653715735, "change_id": 86196471213, "instrument_name": "ETH-PERPETUAL", "bids": [[4522.4, 8079.0], [4522.0, 179.0], [4521.85, 6121.0], [4521.8, 20000.0], [4521.75, 70.0], [4521.7, 15121.0], [4521.65, 33600.0], [4521.6, 5270.0], [4521.5, 39775.0], [4521.4, 2491.0], [4521.35, 114361.0], [4521.3, 31196.0], [4521.25, 9249.0], [4521.2, 12696.0], [4521.15, 6317.0], [4521.0, 10906.0], [4520.9, 33540.0], [4520.75, 2813.0], [4520.7, 18442.0], [4520.65, 12832.0]], "asks": [[4522.45, 256012.0], [4522.5, 10270.0], [4522.55, 51500.0], [4522.6, 77384.0], [4522.65, 200000.0], [4522.8, 7978.0], [4522.85, 42.0], [4522.9, 20008.0], [4522.95, 2483.0], [4523.25, 12773.0], [4523.35, 17783.0], [4523.4, 20808.0], [4523.45, 2445.0], [4523.5, 9389.0], [4523.55, 31212.0], [4523.6, 6056.0], [4523.65, 12645.0], [4523.7, 12561.0], [4523.75, 20961.0], [4523.8, 20808.0]]}}}
{"jsonrpc": "2.0", "method": "subscription", "params": {"channel": "book.ETH-PERPETUAL.none.20.100ms", "data": {"timestamp": 1757653716047, "change_id": 86196471746, "instrument_name": "ETH-PERPETUAL", "bids": [[4522.4, 28079.0], [4522.0, 179.0], [4521.85, 100.0], [4521.75, 70.0], [4521.7, 23546.0], [4521.65, 33600.0], [4521.6, 5270.0], [4521.5, 85583.0], [4521.4, 2491.0], [4521.35, 89361.0], [4521.3, 31196.0], [4521.25, 9249.0], [4521.2, 12696.0], [4521.15, 6317.0], [4521.0, 60906.0], [4520.9, 33540.0], [4520.75, 2813.0], [4520.65, 12832.0], [4520.55, 1005.0], [4520.5, 1301.0]], "asks": [[4522.45, 233188.0], [4522.5, 10270.0], [4522.55, 51500.0], [4522.6, 77384.0], [4522.65, 200000.0], [4522.8, 6488.0], [4522.85, 42.0], [4522.9, 100.0], [4522.95, 21483.0], [4523.15, 6002.0], [4523.2, 20008.0], [4523.25, 7073.0], [4523.4, 20808.0], [4523.45, 2445.0], [4523.5, 9389.0], [4523.55, 48995.0], [4523.6, 6056.0], [4523.65, 12645.0], [4523.7, 12561.0], [4523.75, 6836.0]]}}}
{"jsonrpc": "2.0", "method": "subscription", "params": {"channel": "book.ETH-PERPETUAL.none.20.100ms", "data": {"timestamp": 1757653716337, "change_id": 86196471929, "instrument_name": "ETH-PERPETUAL", "bids": [[4522.4, 28179.0], [4522.0, 6071.0], [4521.95, 14300.0], [4521.85, 5270.0], [4521.75, 70.0], [4521.7, 23546.0], [4521.65, 58600.0], [4521.5, 60583.0], [4521.4, 2491.0], [4521.35, 89361.0], [4521.3, 31196.0], [4521.25, 9249.0], [4521.2, 12696.0], [4521.15, 6317.0], [4521.0, 10906.0], [4520.9, 33540.0], [4520.75, 2813.0], [4520.65, 12832.0], [4520.55, 1005.0], [4520.5, 1301.0]], "asks": [[4522.45, 233181.0], [4522.5, 10270.0], [4522.55, 51500.0], [4522.6, 77384.0], [4522.65, 200000.0], [4522.8, 6488.0], [4522.85, 42.0], [4522.9, 100.0], [4522.95, 21483.0], [4523.15, 6002.0], [4523.2, 20008.0], [4523.25, 7073.0], [4523.4, 20808.0], [4523.45, 2445.0], [4523.5, 9389.0], [4523.55, 31212.0], [4523.6, 6056.0], [4523.65, 30428.0], [4523.7, 12561.0], [4523.75, 6836.0]]}}}
{"jsonrpc": "2.0", "method": "subscription", "params": {"channel": "book.ETH-PERPETUAL.none.20.100ms", "data": {"timestamp": 1757653716704, "change_id": 86196472550, "instrument_name": "ETH-PERPETUAL", "bids": [[4522.4, 28262.0], [4522.0, 6071.0], [4521.95, 14300.0], [4521.85, 5270.0], [4521.75, 70.0], [4521.7, 23546.0], [4521.65, 58600.0], [4521.5, 60583.0], [4521.4, 2491.0], [4521.35, 89361.0], [4521.3, 31196.0], [4521.25, 9249.0], [4521.2, 12696.0], [4521.15, 6317.0], [4521.0, 60906.0], [4520.9, 33540.0], [4520.75, 2813.0], [4520.65, 12832.0], [4520.55, 1005.0], [4520.5, 1301.0]], "asks": [[4522.45, 233178.0], [4522.5, 10270.0], [4522.55, 51500.0], [4522.6, 77384.0], [4522.65, 200000.0], [4522.8, 6488.0], [4522.85, 42.0], [4522.9, 100.0], [4522.95, 21483.0], [4523.15, 6002.0], [4523.2, 20008.0], [4523.25, 7073.0], [4523.4, 20808.0], [4523.45, 2445.0], [4523.5, 9389.0], [4523.55, 31212.0], [4523.6, 6056.0], [4523.65, 30428.0], [4523.7, 12561.0], [4523.75, 6836.0]]}}}
{"jsonrpc": "2.0", "method": "subscription", "params": {"channel": "book.ETH-PERPETUAL.none.20.100ms", "data": {"timestamp": 1757653716982, "change_id": 86196472991, "instrument_name": "ETH-PERPETUAL", "bids": [[4522.4, 28262.0], [4522.0, 6071.0], [4521.95, 14300.0], [4521.85, 5270.0], [4521.75, 70.0], [4521.7, 23546.0], [4521.65, 58600.0], [4521.5, 60583.0], [4521.4, 2491.0], [4521.35, 89361.0], [4521.3, 31196.0], [4521.25, 9249.0], [4521.2, 12696.0], [4521.15, 6317.0], [4521.0, 60906.0], [4520.9, 33540.0], [4520.75, 2813.0], [4520.65, 12832.0], [4520.55, 1005.0], [4520.5, 1301.0]], "asks": [[4522.45, 233182.0], [4522.5, 10270.0], [4522.55, 51500.0], [4522.6, 77384.0], [4522.65, 200000.0], [4522.8, 6488.0], [4522.85, 42.0], [4522.9, 100.0], [4522.95, 21483.0], [4523.15, 6002.0], [4523.2, 20008.0], [4523.25, 7073.0], [4523.4, 20808.0], [4523.45, 2445.0], [4523.5, 9389.0], [4523.55, 31212.0], [4523.6, 6056.0], [4523.65, 30428.0], [4523.7, 12561.0], [4523.75, 6836.0]]}}}
{"jsonrpc": "2.0", "method": "subscription", "params": {"channel": "book.ETH-PERPETUAL.none.20.100ms", "data": {"timestamp": 1757653717387, "change_id": 86196473490, "instrument_name": "ETH-PERPETUAL", "bids": [[4522.4, 39121.0], [4522.1, 6294.0], [4522.05, 20800.0], [4522.0, 1781.0], [4521.85, 5270.0], [4521.75, 70.0], [4521.7, 35912.0], [4521.65, 58600.0], [4521.5, 110583.0], [4521.4, 2491.0], [4521.35, 89361.0], [4521.3, 31196.0], [4521.25, 9249.0], [4521.2, 12696.0], [4521.15, 6317.0], [4521.0, 10906.0], [4520.9, 33540.0], [4520.75, 2813.0], [4520.65, 12832.0], [4520.55, 1005.0]], "asks": [[4522.45, 232332.0], [4522.5, 1786.0], [4522.55, 16300.0], [4522.6, 60854.0], [4522.65, 200000.0], [4522.8, 8258.0], [4522.85, 25042.0], [4522.95, 2483.0], [4523.15, 4230.0], [4523.2, 14100.0], [4523.25, 12191.0], [4523.35, 25008.0], [4523.4, 20808.0], [4523.45, 2445.0], [4523.5, 9389.0], [4523.6, 5018.0], [4523.65, 30428.0], [4523.7, 12561.0], [4523.75, 6836.0], [4523.8, 20808.0]]}}}
{"jsonrpc": "2.0", "method": "subscription", "params": {"channel": "book.ETH-PERPETUAL.none.20.100ms", "data": {"timestamp": 1757653717687, "change_id": 86196473952, "instrument_name": "ETH-PERPETUAL", "bids": [[4522.4, 28262.0], [4522.1, 6294.0], [4522.05, 20800.0], [4522.0, 1781.0], [4521.85, 5270.0], [4521.75, 70.0], [4521.7, 23546.0], [4521.65, 58600.0], [4521.5, 60583.0], [4521.4, 2491.0], [4521.35, 89361.0], [4521.3, 31196.0], [4521.25, 23536.0], [4521.2, 12696.0], [4521.15, 6317.0], [4521.0, 60906.0], [4520.9, 33540.0], [4520.75, 2813.0], [4520.65, 12832.0], [4520.55, 1005.0]], "asks": [[4522.45, 232332.0], [4522.55, 16300.0], [4522.6, 60854.0], [4522.65, 200000.0], [4522.75, 25000.0], [4522.85, 42.0], [4522.95, 2583.0], [4523.05, 5000.0], [4523.15, 4230.0], [4523.2, 14000.0], [4523.25, 13691.0], [4523.3, 20008.0], [4523.4, 20808.0], [4523.45, 2445.0], [4523.5, 9389.0], [4523.6, 5018.0], [4523.65, 30428.0], [4523.7, 12561.0], [4523.75, 6836.0], [4523.8, 20808.0]]}}}
{"jsonrpc": "2.0", "method": "subscription", "params": {"channel": "book.ETH-PERPETUAL.none.20.100ms", "data": {"timestamp": 1757653718010, "change_id": 86196474482, "instrument_name": "ETH-PERPETUAL", "bids": [[4522.4, 28262.0], [4522.1, 6294.0], [4522.05, 20800.0], [4522.0, 1781.0], [4521.85, 5270.0], [4521.75, 70.0], [4521.7, 23546.0], [4521.65, 58600.0], [4521.5, 60583.0], [4521.4, 2491.0], [4521.35, 89361.0], [4521.3, 31196.0], [4521.25, 9249.0], [4521.2, 12696.0], [4521.15, 6317.0], [4521.0, 10906.0], [4520.9, 33540.0], [4520.75, 2813.0], [4520.65, 12832.0], [4520.55, 1005.0]], "asks": [[4522.45, 232316.0], [4522.55, 16300.0], [4522.6, 60854.0], [4522.65, 200000.0], [4522.75, 25000.0], [4522.85, 42.0], [4522.95, 2583.0], [4523.05, 5000.0], [4523.15, 4230.0], [4523.2, 14000.0], [4523.25, 12191.0], [4523.35, 20008.0], [4523.4, 20808.0], [4523.45, 2445.0], [4523.5, 9389.0], [4523.6, 5018.0], [4523.65, 30428.0], [4523.7, 12561.0], [4523.75, 6836.0], [4523.8, 20808.0]]}}}
{"jsonrpc": "2.0", "method": "subscription", "params": {"channel": "book.ETH-PERPETUAL.none.20.100ms", "data": {"timestamp": 1757653718383, "change_id": 86196475403, "instrument_name": "ETH-PERPETUAL", "bids": [[4522.4, 68303.0], [4522.3, 21787.0], [4522.25, 25000.0], [4522.15, 23100.0], [4522.05, 20800.0], [4522.0, 53259.0], [4521.95, 33600.0], [4521.9, 2547.0], [4521.75, 136334.0], [4521.7, 6275.0], [4521.5, 31024.0], [4521.4, 2491.0], [4521.3, 31196.0], [4521.25, 5704.0], [4521.2, 12696.0], [4521.15, 6317.0], [4521.0, 60906.0], [4520.9, 33540.0], [4520.75, 2813.0], [4520.65, 12832.0]], "asks": [[4522.45, 8774.0], [4522.65, 200000.0], [4522.85, 136305.0], [4523.0, 33600.0], [4523.25, 13688.0], [4523.3, 25000.0], [4523.35, 5270.0], [4523.4, 20808.0], [4523.45, 2445.0], [4523.5, 9389.0], [4523.6, 5118.0], [4523.65, 12645.0], [4523.7, 12561.0], [4523.75, 6836.0], [4523.8, 20808.0], [4523.85, 890.0], [4523.9, 5000.0], [4524.0, 4581.0], [4524.05, 20008.0], [4524.1, 15104.0]]}}}
{"jsonrpc": "2.0", "method": "subscription", "params": {"channel": "book.ETH-PERPETUAL.none.20.100ms", "data": {"timestamp": 1757653718712, "change_id": 86196476312, "instrument_name": "ETH-PERPETUAL", "bids": [[4522.4, 68303.0], [4522.3, 33600.0], [4522.25, 62666.0], [4522.2, 161263.0], [4522.15, 23100.0], [4522.05, 20800.0], [4522.0, 3722.0], [4521.9, 2547.0], [4521.75, 70.0], [4521.7, 20491.0], [4521.5, 72777.0], [4521.4, 2491.0], [4521.35, 1005.0], [4521.3, 1302.0], [4521.25, 7101.0], [4521.2, 12696.0], [4521.15, 6317.0], [4521.0, 10906.0], [4520.9, 33540.0], [4520.75, 2813.0]], "asks": [[4522.45, 8027.0], [4522.65, 200000.0], [4522.85, 136305.0], [4523.0, 33600.0], [4523.35, 13600.0], [4523.4, 20808.0], [4523.45, 2445.0], [4523.5, 322.0], [4523.55, 14878.0], [4523.6, 5018.0], [4523.65, 12645.0], [4523.7, 12561.0], [4523.75, 20836.0], [4523.8, 20808.0], [4523.85, 890.0], [4523.9, 5000.0], [4523.95, 100.0], [4524.0, 4581.0], [4524.1, 15104.0], [4524.35, 20008.0]]}}}
{"jsonrpc": "2.0", "method": "subscription", "params": {"channel": "book.ETH-PERPETUAL.none.20.100ms", "data": {"timestamp": 1757653719026, "change_id": 86196476843, "instrument_name": "ETH-PERPETUAL", "bids": [[4522.4, 68303.0], [4522.3, 33600.0], [4522.25, 62666.0], [4522.2, 161263.0], [4522.15, 23100.0], [4522.1, 31202.0], [4522.05, 20800.0], [4522.0, 3722.0], [4521.9, 2547.0], [4521.75, 70.0], [4521.7, 6275.0], [4521.5, 22777.0], [4521.4, 2491.0], [4521.35, 1005.0], [4521.3, 1302.0], [4521.25, 7101.0], [4521.2, 12696.0], [4521.15, 6317.0], [4521.0, 10906.0], [4520.9, 33540.0]], "asks": [[4522.45, 7869.0], [4522.65, 200000.0], [4522.85, 136305.0], [4523.0, 33600.0], [4523.35, 13600.0], [4523.4, 20808.0], [4523.45, 2445.0], [4523.5, 322.0], [4523.55, 14878.0], [4523.6, 5018.0], [4523.65, 12645.0], [4523.7, 12661.0], [4523.75, 20836.0], [4523.8, 20808.0], [4523.85, 890.0], [4523.9, 5000.0], [4524.0, 4581.0], [4524.05, 20008.0], [4524.1, 15104.0], [4524.4, 12663.0]]}}}
{"jsonrpc": "2.0", "method": "subscription", "params": {"channel": "book.ETH-PERPETUAL.none.20.100ms", "data": {"timestamp": 1757653719314, "change_id": 86196476985, "instrument_name": "ETH-PERPETUAL", "bids": [[4522.4, 70803.0], [4522.35, 26400.0], [4522.3, 40200.0], [4522.25, 62666.0], [4522.2, 161263.0], [4522.1, 31202.0], [4522.0, 3722.0], [4521.9, 2547.0], [4521.75, 70.0], [4521.7, 20491.0], [4521.5, 72777.0], [4521.4, 2491.0], [4521.35, 1005.0], [4521.3, 1302.0], [4521.25, 7101.0], [4521.2, 68202.0], [4521.15, 6317.0], [4521.0, 10906.0], [4520.9, 33540.0], [4520.75, 2813.0]], "asks": [[4522.45, 7869.0], [4522.65, 200000.0], [4522.85, 136305.0], [4523.0, 38600.0], [4523.35, 13600.0], [4523.4, 20808.0], [4523.45, 2445.0], [4523.5, 322.0], [4523.55, 14878.0], [4523.6, 5018.0], [4523.65, 12645.0], [4523.7, 12661.0], [4523.75, 20836.0], [4523.8, 20808.0], [4523.85, 890.0], [4523.9, 5000.0], [4524.0, 4581.0], [4524.1, 15104.0], [4524.35, 20008.0], [4524.4, 12663.0]]}}}
{"jsonrpc": "2.0", "method": "subscription", "params": {"channel": "book.ETH-PERPETUAL.none.20.100ms", "data": {"timestamp": 1757653719704, "change_id": 86196477632, "instrument_name": "ETH-PERPETUAL", "bids": [[4522.4, 70803.0], [4522.35, 26400.0], [4522.3, 40200.0], [4522.25, 62666.0], [4522.2, 161263.0], [4522.1, 31202.0], [4522.0, 3722.0], [4521.9, 2547.0], [4521.75, 70.0], [4521.7, 20491.0], [4521.5, 72777.0], [4521.4, 2491.0], [4521.35, 1005.0], [4521.3, 1302.0], [4521.25, 23040.0], [4521.2, 68202.0], [4521.15, 6317.0], [4521.0, 10906.0], [4520.9, 33540.0], [4520.75, 2813.0]], "asks": [[4522.45, 7869.0], [4522.65, 200000.0], [4522.85, 136305.0], [4523.0, 33600.0], [4523.35, 13600.0], [4523.4, 20808.0], [4523.45, 2445.0], [4523.5, 322.0], [4523.55, 14878.0], [4523.6, 5018.0], [4523.65, 12645.0], [4523.7, 12661.0], [4523.75, 20836.0], [4523.8, 20808.0], [4523.85, 890.0], [4523.9, 5000.0], [4524.0, 4581.0], [4524.1, 15104.0], [4524.35, 20008.0], [4524.4, 12663.0]]}}}
{"jsonrpc": "2.0", "method": "subscription", "params": {"channel": "book.ETH-PERPETUAL.none.20.100ms", "data": {"timestamp": 1757653719886, "change_id": 86196478038, "instrument_name": "ETH-PERPETUAL", "bids": [[4522.4, 70803.0], [4522.35, 26400.0], [4522.3, 40200.0], [4522.25, 62666.0], [4522.2, 161263.0], [4522.1, 31202.0], [4522.0, 3722.0], [4521.9, 2547.0], [4521.75, 70.0], [4521.7, 20491.0], [4521.5, 72777.0], [4521.4, 2491.0], [4521.35, 1005.0], [4521.3, 1302.0], [4521.25, 23040.0], [4521.2, 68202.0], [4521.15, 6317.0], [4521.0, 10906.0], [4520.9, 33540.0], [4520.75, 2813.0]], "asks": [[4522.45, 7869.0], [4522.65, 200000.0], [4522.85, 136305.0], [4522.9, 5000.0], [4523.0, 33600.0], [4523.05, 25000.0], [4523.35, 13600.0], [4523.4, 20808.0], [4523.45, 2445.0], [4523.5, 322.0], [4523.55, 14878.0], [4523.6, 5018.0], [4523.65, 12645.0], [4523.7, 12661.0], [4523.75, 20836.0], [4523.8, 20808.0], [4523.85, 890.0], [4523.9, 5000.0], [4524.0, 4581.0], [4524.1, 15104.0]]}}}
{"jsonrpc": "2.0", "method": "subscription", "params": {"channel": "book.ETH-PERPETUAL.none.20.100ms", "data": {"timestamp": 1757653720349, "change_id": 86196478305, "instrument_name": "ETH-PERPETUAL", "bids": [[4522.4, 70803.0], [4522.35, 26400.0], [4522.3, 47400.0], [4522.25, 62666.0], [4522.2, 161263.0], [4522.1, 31202.0], [4522.0, 53722.0], [4521.9, 2547.0], [4521.75, 70.0], [4521.7, 6275.0], [4521.5, 22777.0], [4521.4, 2491.0], [4521.35, 1005.0], [4521.3, 1302.0], [4521.25, 23040.0], [4521.2, 68202.0], [4521.15, 6317.0], [4521.0, 10906.0], [4520.9, 33540.0], [4520.75, 2813.0]], "asks": [[4522.45, 7869.0], [4522.65, 200000.0], [4522.85, 136305.0], [4523.0, 33600.0], [4523.05, 25000.0], [4523.35, 13600.0], [4523.4, 20808.0], [4523.45, 2445.0], [4523.5, 322.0], [4523.55, 14878.0], [4523.6, 5018.0], [4523.65, 12645.0], [4523.7, 12661.0], [4523.75, 20836.0], [4523.8, 20808.0], [4523.85, 890.0], [4523.9, 5000.0], [4524.0, 4581.0], [4524.1, 15104.0], [4524.35, 20008.0]]}}}
{"jsonrpc": "2.0", "method": "subscription", "params": {"channel": "book.ETH-PERPETUAL.none.20.100ms", "data": {"timestamp": 1757653720699, "change_id": 86196478887, "instrument_name": "ETH-PERPETUAL", "bids": [[4522.4, 70803.0], [4522.35, 26400.0], [4522.3, 47400.0], [4522.25, 62666.0], [4522.2, 161263.0], [4522.1, 31202.0], [4522.0, 3722.0], [4521.9, 2547.0], [4521.75, 70.0], [4521.7, 35731.0], [4521.55, 100800.0], [4521.5, 22777.0], [4521.4, 2491.0], [4521.35, 1005.0], [4521.3, 1302.0], [4521.25, 36047.0], [4521.2, 68202.0], [4521.15, 6317.0], [4521.0, 60906.0], [4520.9, 33540.0]], "asks": [[4522.45, 7869.0], [4522.65, 200000.0], [4522.85, 136305.0], [4523.0, 33600.0], [4523.05, 25000.0], [4523.35, 8330.0], [4523.4, 26078.0], [4523.45, 2445.0], [4523.5, 322.0], [4523.55, 9097.0], [4523.6, 5018.0], [4523.65, 12645.0], [4523.7, 12561.0], [4523.75, 6836.0], [4523.8, 20808.0], [4523.85, 890.0], [4523.9, 5000.0], [4524.0, 7115.0], [4524.1, 15104.0], [4524.2, 10000.0]]}}}
{"jsonrpc": "2.0", "method": "subscription", "params": {"channel": "book.ETH-PERPETUAL.none.20.100ms", "data": {"timestamp": 1757653720996, "change_id": 86196479341, "instrument_name": "ETH-PERPETUAL", "bids": [[4522.4, 70803.0], [4522.35, 26400.0], [4522.3, 47400.0], [4522.25, 62666.0], [4522.2, 161263.0], [4522.1, 31202.0], [4522.0, 3722.0], [4521.9, 2547.0], [4521.75, 70.0], [4521.7, 35731.0], [4521.55, 100800.0], [4521.5, 22777.0], [4521.4, 2491.0], [4521.35, 1005.0], [4521.3, 1302.0], [4521.25, 1397.0], [4521.2, 68202.0], [4521.15, 6317.0], [4521.0, 10906.0], [4520.9, 33540.0]], "asks": [[4522.45, 7360.0], [4522.65, 200000.0], [4522.85, 136305.0], [4523.0, 33600.0], [4523.05, 25000.0], [4523.35, 8330.0], [4523.4, 26078.0], [4523.45, 2445.0], [4523.5, 322.0], [4523.55, 9097.0], [4523.6, 5018.0], [4523.65, 12645.0], [4523.7, 12561.0], [4523.75, 10300.0], [4523.8, 20808.0], [4523.85, 10890.0], [4523.9, 5000.0], [4524.0, 4581.0], [4524.1, 15104.0], [4524.35, 54047.0]]}}}
{"jsonrpc": "2.0", "method": "subscription", "params": {"channel": "book.ETH-PERPETUAL.none.20.100ms", "data": {"timestamp": 1757653721318, "change_id": 86196479490, "instrument_name": "ETH-PERPETUAL", "bids": [[4522.4, 44303.0], [4522.35, 51400.0], [4522.3, 47400.0], [4522.25, 62666.0], [4522.2, 136263.0], [4522.1, 31202.0], [4522.0, 53722.0], [4521.9, 2547.0], [4521.75, 70.0], [4521.7, 35731.0], [4521.55, 100800.0], [4521.5, 22777.0], [4521.4, 2491.0], [4521.35, 1005.0], [4521.3, 1302.0], [4521.25, 1397.0], [4521.2, 68202.0], [4521.15, 6317.0], [4521.0, 10906.0], [4520.9, 33540.0]], "asks": [[4522.45, 7360.0], [4522.65, 200000.0], [4522.85, 136305.0], [4523.0, 33600.0], [4523.3, 25000.0], [4523.35, 8330.0], [4523.4, 26078.0], [4523.45, 2445.0], [4523.5, 322.0], [4523.55, 9097.0], [4523.6, 5018.0], [4523.65, 12645.0], [4523.7, 12561.0], [4523.75, 10300.0], [4523.8, 20808.0], [4523.85, 10890.0], [4523.9, 5000.0], [4524.0, 4581.0], [4524.1, 15104.0], [4524.35, 54047.0]]}}}
{"jsonrpc": "2.0", "method": "subscription", "params": {"channel": "book.ETH-PERPETUAL.none.20.100ms", "data": {"timestamp": 1757653721671, "change_id": 86196479936, "instrument_name": "ETH-PERPETUAL", "bids": [[4522.4, 44303.0], [4522.35, 51400.0], [4522.3, 47400.0], [4522.25, 62666.0], [4522.2, 136263.0], [4522.1, 31202.0], [4522.0, 3722.0], [4521.9, 2547.0], [4521.75, 70.0], [4521.7, 35731.0], [4521.55, 100800.0], [4521.5, 22777.0], [4521.4, 2491.0], [4521.35, 1005.0], [4521.3, 1302.0], [4521.25, 1397.0], [4521.2, 12696.0], [4521.15, 6317.0], [4521.0, 60906.0], [4520.9, 33540.0]], "asks": [[4522.45, 7360.0], [4522.65, 200000.0], [4522.85, 136305.0], [4523.0, 33600.0], [4523.15, 25000.0], [4523.35, 8330.0], [4523.4, 26078.0], [4523.45, 2445.0], [4523.5, 322.0], [4523.55, 9097.0], [4523.6, 5018.0], [4523.65, 12645.0], [4523.7, 12561.0], [4523.75, 10300.0], [4523.8, 20808.0], [4523.85, 10890.0], [4523.9, 5000.0], [4524.0, 4581.0], [4524.1, 15104.0], [4524.35, 54047.0]]}}}
{"jsonrpc": "2.0", "method": "subscription", "params": {"channel": "book.ETH-PERPETUAL.none.20.100ms", "data": {"timestamp": 1757653721825, "change_id": 86196480198, "instrument_name": "ETH-PERPETUAL", "bids": [[4522.4, 44303.0], [4522.35, 51400.0], [4522.3, 47400.0], [4522.25, 62666.0], [4522.2, 136263.0], [4522.1, 31202.0], [4522.0, 3722.0], [4521.9, 2547.0], [4521.75, 70.0], [4521.7, 35731.0], [4521.55, 100800.0], [4521.5, 38452.0], [4521.45, 53026.0], [4521.4, 2491.0], [4521.35, 1005.0], [4521.3, 1302.0], [4521.25, 1397.0], [4521.2, 29591.0], [4521.15, 6317.0], [4521.0, 60906.0]], "asks": [[4522.45, 7360.0], [4522.65, 200000.0], [4522.85, 136305.0], [4523.0, 33600.0], [4523.15, 25000.0], [4523.35, 8330.0], [4523.4, 26078.0], [4523.45, 2445.0], [4523.5, 322.0], [4523.55, 9097.0], [4523.6, 5018.0], [4523.65, 12645.0], [4523.7, 12561.0], [4523.75, 10300.0], [4523.8, 20808.0], [4523.85, 10890.0], [4523.9, 5000.0], [4524.0, 4581.0], [4524.1, 15104.0], [4524.35, 54047.0]]}}}
{"jsonrpc": "2.0", "method": "subscription", "params": {"channel": "book.ETH-PERPETUAL.none.20.100ms", "data": {"timestamp": 1757653722273, "change_id": 86196480538, "instrument_name": "ETH-PERPETUAL", "bids": [[4522.4, 70703.0], [4522.35, 51400.0], [4522.3, 33600.0], [4522.25, 62666.0], [4522.2, 136263.0], [4522.1, 31202.0], [4522.0, 3722.0], [4521.9, 2547.0], [4521.75, 70.0], [4521.7, 35731.0], [4521.55, 100800.0], [4521.5, 38452.0], [4521.45, 53026.0], [4521.4, 2491.0], [4521.35, 1005.0], [4521.3, 1302.0], [4521.25, 1397.0], [4521.2, 29591.0], [4521.15, 6317.0], [4521.0, 60906.0]], "asks": [[4522.45, 88.0], [4522.65, 200000.0], [4522.85, 136305.0], [4523.0, 33600.0], [4523.15, 25000.0], [4523.35, 8330.0], [4523.4, 26078.0], [4523.45, 2445.0], [4523.5, 322.0], [4523.55, 9097.0], [4523.6, 5018.0], [4523.65, 12645.0], [4523.7, 12561.0], [4523.75, 10300.0], [4523.8, 20808.0], [4523.85, 10890.0], [4523.9, 5000.0], [4524.0, 4581.0], [4524.1, 15104.0], [4524.35, 54047.0]]}}}
{"jsonrpc": "2.0", "method": "subscription", "params": {"channel": "book.ETH-PERPETUAL.none.20.100ms", "data": {"timestamp": 1757653722638, "change_id": 86196480968, "instrument_name": "ETH-PERPETUAL", "bids": [[4522.4, 70703.0], [4522.35, 51400.0], [4522.3, 33600.0], [4522.25, 62666.0], [4522.2, 136263.0], [4522.1, 31202.0], [4522.0, 53722.0], [4521.9, 2547.0], [4521.75, 70.0], [4521.7, 35731.0], [4521.55, 100800.0], [4521.5, 38452.0], [4521.45, 53026.0], [4521.4, 2491.0], [4521.35, 1005.0], [4521.3, 1302.0], [4521.25, 1397.0], [4521.2, 12696.0], [4521.15, 6317.0], [4521.0, 10906.0]], "asks": [[4522.45, 88.0], [4522.65, 200000.0], [4522.85, 136305.0], [4523.0, 33600.0], [4523.15, 25000.0], [4523.35, 8330.0], [4523.4, 26078.0], [4523.45, 2445.0], [4523.5, 322.0], [4523.55, 9097.0], [4523.6, 5018.0], [4523.65, 12645.0], [4523.7, 12561.0], [4523.75, 10300.0], [4523.8, 20808.0], [4523.85, 10890.0], [4523.9, 5000.0], [4524.0, 4581.0], [4524.1, 15104.0], [4524.35, 54047.0]]}}}
{"jsonrpc": "2.0", "method": "subscription", "params": {"channel": "book.ETH-PERPETUAL.none.20.100ms", "data": {"timestamp": 1757653723011, "change_id": 86196481444, "instrument_name": "ETH-PERPETUAL", "bids": [[4522.4, 70703.0], [4522.35, 51400.0], [4522.3, 33600.0], [4522.25, 62666.0], [4522.2, 136263.0], [4522.1, 31202.0], [4522.0, 53722.0], [4521.9, 2547.0], [4521.75, 70.0], [4521.7, 35731.0], [4521.55, 100800.0], [4521.5, 38452.0], [4521.45, 53026.0], [4521.4, 2491.0], [4521.35, 1005.0], [4521.3, 1302.0], [4521.25, 7101.0], [4521.2, 12696.0], [4521.15, 6317.0], [4521.0, 10906.0]], "asks": [[4522.45, 88.0], [4522.65, 200000.0], [4522.85, 136305.0], [4523.0, 33600.0], [4523.1, 5000.0], [4523.15, 25000.0], [4523.35, 8330.0], [4523.4, 20808.0], [4523.45, 2445.0], [4523.5, 322.0], [4523.55, 9097.0], [4523.6, 5018.0], [4523.65, 12645.0], [4523.7, 12561.0], [4523.75, 10300.0], [4523.8, 20808.0], [4523.85, 10890.0], [4523.9, 5000.0], [4524.0, 4581.0], [4524.1, 15104.0]]}}}
{"jsonrpc": "2.0", "method": "subscription", "params": {"channel": "book.ETH-PERPETUAL.none.20.100ms", "data": {"timestamp": 1757653723344, "change_id": 86196482329, "instrument_name": "ETH-PERPETUAL", "bids": [[4522.6, 311592.0], [4522.45, 60100.0], [4522.4, 109792.0], [4522.25, 10477.0], [4522.1, 31202.0], [4522.0, 3722.0], [4521.9, 2547.0], [4521.75, 70.0], [4521.7, 35731.0], [4521.55, 100800.0], [4521.5, 38452.0], [4521.45, 53026.0], [4521.4, 2491.0], [4521.35, 7344.0], [4521.25, 20808.0], [4521.2, 12696.0], [4520.9, 12732.0], [4520.75, 2813.0], [4520.65, 12832.0], [4520.4, 3804.0]], "asks": [[4522.65, 27428.0], [4522.85, 42.0], [4523.5, 322.0], [4523.6, 38618.0], [4523.7, 25000.0], [4524.0, 50.0], [4524.05, 2345.0], [4524.1, 5270.0], [4524.15, 2547.0], [4524.3, 6348.0], [4524.35, 2680.0], [4524.4, 2600.0], [4524.5, 13751.0], [4524.7, 12680.0], [4524.75, 13770.0], [4524.8, 10741.0], [4524.85, 20008.0], [4524.95, 2529.0], [4525.0, 12866.0], [4525.2, 17783.0]]}}}
{"jsonrpc": "2.0", "method": "subscription", "params": {"channel": "book.ETH-PERPETUAL.none.20.100ms", "data": {"timestamp": 1757653723675, "change_id": 86196483046, "instrument_name": "ETH-PERPETUAL", "bids": [[4522.6, 331592.0], [4522.45, 60100.0], [4522.4, 89792.0], [4522.2, 1005.0], [4522.15, 1927.0], [4522.1, 1302.0], [4522.0, 5120.0], [4521.9, 2547.0], [4521.75, 70.0], [4521.7, 35731.0], [4521.55, 100800.0], [4521.5, 38452.0], [4521.45, 53026.0], [4521.4, 2491.0], [4521.35, 6339.0], [4521.25, 20808.0], [4521.2, 12696.0], [4520.9, 12732.0], [4520.75, 2813.0], [4520.65, 12832.0]], "asks": [[4522.65, 13103.0], [4522.85, 42.0], [4523.5, 322.0], [4523.6, 76032.0], [4523.7, 25000.0], [4524.0, 4002.0], [4524.05, 5270.0], [4524.1, 6332.0], [4524.15, 2547.0], [4524.25, 2684.0], [4524.3, 6348.0], [4524.4, 2600.0], [4524.5, 7419.0], [4524.65, 10890.0], [4524.75, 12732.0], [4524.8, 10741.0], [4524.9, 20008.0], [4524.95, 2529.0], [4525.0, 12866.0], [4525.25, 12898.0]]}}}
{"jsonrpc": "2.0", "method": "subscription", "params": {"channel": "book.ETH-PERPETUAL.none.20.100ms", "data": {"timestamp": 1757653724003, "change_id": 86196483651, "instrument_name": "ETH-PERPETUAL", "bids": [[4522.6, 331592.0], [4522.45, 60100.0], [4522.4, 89792.0], [4522.2, 1005.0], [4522.15, 17482.0], [4522.1, 1302.0], [4522.05, 52655.0], [4522.0, 5120.0], [4521.9, 2547.0], [4521.75, 70.0], [4521.7, 35731.0], [4521.55, 100800.0], [4521.5, 22777.0], [4521.4, 2491.0], [4521.35, 6339.0], [4521.25, 20808.0], [4521.2, 12696.0], [4520.9, 12732.0], [4520.75, 2813.0], [4520.65, 12832.0]], "asks": [[4522.65, 12966.0], [4522.85, 42.0], [4523.5, 322.0], [4523.6, 76032.0], [4523.7, 25000.0], [4524.0, 4002.0], [4524.05, 5270.0], [4524.1, 6332.0], [4524.15, 2547.0], [4524.25, 6174.0], [4524.3, 19099.0], [4524.4, 2600.0], [4524.5, 7419.0], [4524.65, 10890.0], [4524.75, 12732.0], [4524.8, 10741.0], [4524.95, 22537.0], [4525.0, 12866.0], [4525.25, 63862.0], [4525.3, 38400.0]]}}}
{"jsonrpc": "2.0", "method": "subscription", "params": {"channel": "book.ETH-PERPETUAL.none.20.100ms", "data": {"timestamp": 1757653724337, "change_id": 86196483906, "instrument_name": "ETH-PERPETUAL", "bids": [[4522.8, 124086.0], [4522.65, 76693.0], [4522.6, 169860.0], [4522.5, 4018.0], [4522.4, 13392.0], [4522.2, 1005.0], [4522.15, 30538.0], [4522.1, 1302.0], [4522.05, 52655.0], [4522.0, 55120.0], [4521.95, 7028.0], [4521.9, 23355.0], [4521.75, 70.0], [4521.7, 35731.0], [4521.6, 12742.0], [4521.55, 107133.0], [4521.5, 22777.0], [4521.4, 2491.0], [4521.2, 12696.0], [4520.9, 12732.0]], "asks": [[4522.85, 42.0], [4523.5, 322.0], [4523.6, 76032.0], [4523.7, 25000.0], [4524.0, 10970.0], [4524.05, 5270.0], [4524.1, 12677.0], [4524.15, 20808.0], [4524.25, 6174.0], [4524.3, 12751.0], [4524.35, 2547.0], [4524.4, 2600.0], [4524.5, 12402.0], [4524.55, 20808.0], [4524.65, 10890.0], [4524.75, 12732.0], [4524.8, 120.0], [4524.9, 20008.0], [4524.95, 2529.0], [4525.0, 12866.0]]}}}
{"jsonrpc": "2.0", "method": "subscription", "params": {"channel": "book.ETH-PERPETUAL.none.20.100ms", "data": {"timestamp": 1757653724631, "change_id": 86196484459, "instrument_name": "ETH-PERPETUAL", "bids": [[4522.8, 129356.0], [4522.65, 76693.0], [4522.6, 169860.0], [4522.5, 2437.0], [4522.4, 8122.0], [4522.2, 1005.0], [4522.15, 30538.0], [4522.1, 1302.0], [4522.05, 52655.0], [4522.0, 55120.0], [4521.95, 7028.0], [4521.9, 23355.0], [4521.75, 70.0], [4521.7, 35731.0], [4521.6, 12742.0], [4521.55, 107133.0], [4521.5, 39004.0], [4521.4, 2491.0], [4521.2, 12696.0], [4520.9, 12732.0]], "asks": [[4522.85, 42.0], [4523.5, 322.0], [4523.6, 76032.0], [4523.7, 25000.0], [4524.0, 10970.0], [4524.05, 5270.0], [4524.1, 12677.0], [4524.15, 20808.0], [4524.25, 6174.0], [4524.3, 12751.0], [4524.35, 2547.0], [4524.4, 2600.0], [4524.5, 12402.0], [4524.55, 20808.0], [4524.65, 10890.0], [4524.75, 12732.0], [4524.8, 120.0], [4524.9, 20008.0], [4524.95, 2529.0], [4525.0, 12866.0]]}}}
{"jsonrpc": "2.0", "method": "subscription", "params": {"channel": "book.ETH-PERPETUAL.none.20.100ms", "data": {"timestamp": 1757653724995, "change_id": 86196484978, "instrument_name": "ETH-PERPETUAL", "bids": [[4522.8, 132897.0], [4522.65, 76693.0], [4522.6, 169860.0], [4522.5, 2437.0], [4522.4, 8122.0], [4522.2, 1005.0], [4522.15, 30538.0], [4522.1, 1302.0], [4522.05, 52655.0], [4522.0, 51577.0], [4521.95, 7028.0], [4521.9, 23355.0], [4521.75, 70.0], [4521.7, 35731.0], [4521.6, 12742.0], [4521.55, 107133.0], [4521.5, 39004.0], [4521.4, 2491.0], [4521.2, 12696.0], [4520.95, 4664.0]], "asks": [[4522.85, 42.0], [4523.5, 322.0], [4523.6, 76032.0], [4523.7, 25000.0], [4524.0, 10970.0], [4524.05, 5270.0], [4524.1, 12677.0], [4524.15, 20808.0], [4524.25, 6174.0], [4524.3, 12751.0], [4524.35, 2547.0], [4524.4, 2600.0], [4524.5, 12402.0], [4524.55, 20808.0], [4524.65, 10890.0], [4524.75, 12732.0], [4524.8, 120.0], [4524.9, 20008.0], [4524.95, 2529.0], [4525.0, 12866.0]]}}}
{"jsonrpc": "2.0", "method": "subscription", "params": {"channel": "book.ETH-PERPETUAL.none.20.100ms", "data": {"timestamp": 1757653725304, "change_id": 86196485141, "instrument_name": "ETH-PERPETUAL", "bids": [[4522.8, 130397.0], [4522.7, 13600.0], [4522.65, 50193.0], [4522.6, 169860.0], [4522.5, 2437.0], [4522.4, 8122.0], [4522.2, 1005.0], [4522.15, 29578.0], [4522.1, 1302.0], [4522.05, 52655.0], [4522.0, 51577.0], [4521.95, 7028.0], [4521.9, 23355.0], [4521.75, 70.0], [4521.7, 35731.0], [4521.6, 12742.0], [4521.55, 107133.0], [4521.5, 39004.0], [4521.4, 2491.0], [4521.2, 12696.0]], "asks": [[4522.85, 42.0], [4523.5, 322.0], [4523.55, 30310.0], [4523.6, 76032.0], [4523.7, 25000.0], [4523.85, 2547.0], [4524.0, 10970.0], [4524.05, 5270.0], [4524.1, 12677.0], [4524.15, 20908.0], [4524.25, 6174.0], [4524.3, 12751.0], [4524.35, 2547.0], [4524.4, 2500.0], [4524.5, 17781.0], [4524.55, 20808.0], [4524.65, 10890.0], [4524.7, 20008.0], [4524.75, 12732.0], [4524.8, 120.0]]}}}
{"jsonrpc": "2.0", "method": "subscription", "params": {"channel": "book.ETH-PERPETUAL.none.20.100ms", "data": {"timestamp": 1757653725642, "change_id": 86196485675, "instrument_name": "ETH-PERPETUAL", "bids": [[4522.8, 47072.0], [4522.65, 50193.0], [4522.6, 169860.0], [4522.5, 27437.0], [4522.4, 8122.0], [4522.2, 1005.0], [4522.15, 29578.0], [4522.1, 1302.0], [4522.05, 52655.0], [4522.0, 51577.0], [4521.95, 7028.0], [4521.9, 23355.0], [4521.75, 70.0], [4521.7, 35731.0], [4521.6, 12742.0], [4521.55, 107133.0], [4521.5, 39004.0], [4521.4, 2491.0], [4521.2, 12696.0], [4520.95, 4664.0]], "asks": [[4522.85, 84.0], [4523.45, 1597.0], [4523.5, 5322.0], [4523.55, 55310.0], [4523.6, 76032.0], [4523.75, 2360.0], [4523.8, 5270.0], [4523.85, 2547.0], [4524.0, 10970.0], [4524.1, 12677.0], [4524.15, 20908.0], [4524.25, 13570.0], [4524.3, 22751.0], [4524.35, 2547.0], [4524.4, 2500.0], [4524.5, 32410.0], [4524.55, 20808.0], [4524.65, 890.0], [4524.75, 12732.0], [4524.8, 120.0]]}}}
{"jsonrpc": "2.0", "method": "subscription", "params": {"channel": "book.ETH-PERPETUAL.none.20.100ms", "data": {"timestamp": 1757653725981, "change_id": 86196486206, "instrument_name": "ETH-PERPETUAL", "bids": [[4522.8, 47072.0], [4522.75, 31206.0], [4522.65, 50193.0], [4522.6, 169860.0], [4522.5, 27437.0], [4522.4, 8122.0], [4522.2, 1005.0], [4522.15, 29578.0], [4522.1, 1302.0], [4522.05, 52655.0], [4522.0, 51577.0], [4521.95, 7028.0], [4521.9, 23355.0], [4521.75, 70.0], [4521.7, 35731.0], [4521.6, 12742.0], [4521.55, 107133.0], [4521.5, 39004.0], [4521.4, 2491.0], [4521.2, 12696.0]], "asks": [[4522.85, 172.0], [4523.5, 322.0], [4523.55, 60580.0], [4523.6, 76032.0], [4523.85, 2547.0], [4524.0, 10970.0], [4524.1, 12677.0], [4524.15, 20908.0], [4524.25, 13570.0], [4524.3, 22751.0], [4524.35, 2547.0], [4524.4, 2500.0], [4524.5, 32410.0], [4524.55, 20808.0], [4524.65, 890.0], [4524.75, 12732.0], [4524.8, 120.0], [4524.9, 9953.0], [4524.95, 20312.0], [4525.0, 12866.0]]}}}
{"jsonrpc": "2.0", "method": "subscription", "params": {"channel": "book.ETH-PERPETUAL.none.20.100ms", "data": {"timestamp": 1757653726323, "change_id": 86196486355, "instrument_name": "ETH-PERPETUAL", "bids": [[4522.8, 66902.0], [4522.75, 31206.0], [4522.7, 25000.0], [4522.65, 50193.0], [4522.6, 169860.0], [4522.5, 2437.0], [4522.4, 8122.0], [4522.2, 1005.0], [4522.15, 29578.0], [4522.1, 1302.0], [4522.05, 52655.0], [4522.0, 51577.0], [4521.95, 7028.0], [4521.9, 23355.0], [4521.75, 70.0], [4521.7, 35731.0], [4521.6, 12742.0], [4521.55, 107133.0], [4521.5, 39004.0], [4521.4, 2491.0]], "asks": [[4522.85, 42.0], [4523.5, 322.0], [4523.55, 30310.0], [4523.6, 76032.0], [4523.7, 25000.0], [4523.85, 2547.0], [4524.0, 10970.0], [4524.05, 6323.0], [4524.1, 12677.0], [4524.15, 20908.0], [4524.25, 13570.0], [4524.3, 22751.0], [4524.35, 2547.0], [4524.4, 2500.0], [4524.5, 32410.0], [4524.55, 20808.0], [4524.65, 890.0], [4524.75, 12732.0], [4524.8, 120.0], [4524.9, 9953.0]]}}}
{"jsonrpc": "2.0", "method": "subscription", "params": {"channel": "book.ETH-PERPETUAL.none.20.100ms", "data": {"timestamp": 1757653726595, "change_id": 86196486807, "instrument_name": "ETH-PERPETUAL", "bids": [[4522.8, 41802.0], [4522.75, 31206.0], [4522.7, 31323.0], [4522.65, 50193.0], [4522.6, 169860.0], [4522.5, 2437.0], [4522.4, 7791.0], [4522.2, 1005.0], [4522.15, 16660.0], [4522.1, 1302.0], [4522.0, 51577.0], [4521.95, 7028.0], [4521.9, 23355.0], [4521.75, 70.0], [4521.7, 35731.0], [4521.6, 12742.0], [4521.55, 107133.0], [4521.5, 39004.0], [4521.4, 2491.0], [4521.2, 12696.0]], "asks": [[4522.85, 42.0], [4523.5, 322.0], [4523.55, 30310.0], [4523.6, 76032.0], [4523.7, 25000.0], [4523.85, 2547.0], [4524.0, 10970.0], [4524.05, 6323.0], [4524.1, 12677.0], [4524.15, 20908.0], [4524.25, 13570.0], [4524.3, 22751.0], [4524.35, 2547.0], [4524.4, 2500.0], [4524.5, 32410.0], [4524.55, 20808.0], [4524.65, 890.0], [4524.75, 12732.0], [4524.8, 120.0], [4524.9, 9953.0]]}}}
{"jsonrpc": "2.0", "method": "subscription", "params": {"channel": "book.ETH-PERPETUAL.none.20.100ms", "data": {"timestamp": 1757653726970, "change_id": 86196487354, "instrument_name": "ETH-PERPETUAL", "bids": [[4522.8, 42129.0], [4522.75, 31206.0], [4522.7, 31323.0], [4522.65, 50193.0], [4522.6, 169860.0], [4522.5, 2437.0], [4522.4, 7791.0], [4522.2, 1005.0], [4522.15, 16660.0], [4522.1, 1302.0], [4522.0, 51577.0], [4521.95, 22623.0], [4521.9, 23355.0], [4521.85, 54914.0], [4521.75, 70.0], [4521.7, 35731.0], [4521.6, 12742.0], [4521.55, 107133.0], [4521.5, 39004.0], [4521.4, 2491.0]], "asks": [[4522.85, 130.0], [4523.5, 322.0], [4523.55, 30310.0], [4523.6, 76032.0], [4523.7, 25000.0], [4523.85, 2547.0], [4524.0, 10970.0], [4524.05, 6323.0], [4524.1, 12677.0], [4524.15, 20908.0], [4524.25, 13570.0], [4524.3, 22751.0], [4524.35, 2547.0], [4524.4, 2500.0], [4524.5, 32410.0], [4524.55, 20808.0], [4524.65, 890.0], [4524.75, 12732.0], [4524.8, 120.0], [4524.9, 9953.0]]}}}
{"jsonrpc": "2.0", "method": "subscription", "params": {"channel": "book.ETH-PERPETUAL.none.20.100ms", "data": {"timestamp": 1757653727286, "change_id": 86196487481, "instrument_name": "ETH-PERPETUAL", "bids": [[4522.8, 68629.0], [4522.75, 40606.0], [4522.7, 31323.0], [4522.65, 50193.0], [4522.6, 169860.0], [4522.5, 2437.0], [4522.4, 7791.0], [4522.2, 1005.0], [4522.15, 16660.0], [4522.1, 1302.0], [4522.0, 51577.0], [4521.95, 22623.0], [4521.9, 23355.0], [4521.85, 54914.0], [4521.75, 70.0], [4521.7, 35731.0], [4521.6, 12742.0], [4521.55, 107133.0], [4521.5, 39004.0], [4521.4, 2491.0]], "asks": [[4522.85, 130.0], [4523.5, 322.0], [4523.55, 30310.0], [4523.6, 76032.0], [4523.7, 25000.0], [4523.85, 2547.0], [4524.0, 10970.0], [4524.05, 6323.0], [4524.1, 17677.0], [4524.15, 20908.0], [4524.25, 13570.0], [4524.3, 22751.0], [4524.35, 2547.0], [4524.5, 32410.0], [4524.55, 20808.0], [4524.65, 890.0], [4524.75, 12732.0], [4524.8, 120.0], [4524.9, 9953.0], [4524.95, 20312.0]]}}}
{"jsonrpc": "2.0", "method": "subscription", "params": {"channel": "book.ETH-PERPETUAL.none.20.100ms", "data": {"timestamp": 1757653727466, "change_id": 86196487783, "instrument_name": "ETH-PERPETUAL", "bids": [[4522.8, 68629.0], [4522.75, 40606.0], [4522.7, 31323.0], [4522.65, 50193.0], [4522.6, 169860.0], [4522.5, 2437.0], [4522.4, 7791.0], [4522.2, 1005.0], [4522.15, 16660.0], [4522.1, 1302.0], [4522.0, 51577.0], [4521.95, 22623.0], [4521.9, 23355.0], [4521.85, 54914.0], [4521.75, 70.0], [4521.7, 35731.0], [4521.6, 12742.0], [4521.55, 107133.0], [4521.5, 39004.0], [4521.4, 2491.0]], "asks": [[4522.85, 130.0], [4523.5, 322.0], [4523.55, 30310.0], [4523.6, 76032.0], [4523.7, 25000.0], [4523.85, 2547.0], [4524.0, 10970.0], [4524.05, 6323.0], [4524.1, 17677.0], [4524.15, 20908.0], [4524.25, 13570.0], [4524.3, 22751.0], [4524.35, 2547.0], [4524.5, 32410.0], [4524.55, 20808.0], [4524.65, 890.0], [4524.75, 12732.0], [4524.8, 120.0], [4524.9, 9953.0], [4524.95, 20312.0]]}}}
{"jsonrpc": "2.0", "method": "subscription", "params": {"channel": "book.ETH-PERPETUAL.none.20.100ms", "data": {"timestamp": 1757653727973, "change_id": 86196488422, "instrument_name": "ETH-PERPETUAL", "bids": [[4522.8, 42129.0], [4522.75, 31206.0], [4522.7, 31323.0], [4522.65, 50193.0], [4522.6, 169860.0], [4522.5, 2437.0], [4522.4, 7791.0], [4522.2, 1005.0], [4522.15, 16660.0], [4522.1, 1302.0], [4522.0, 51577.0], [4521.95, 22623.0], [4521.9, 23355.0], [4521.85, 54914.0], [4521.75, 70.0], [4521.7, 35731.0], [4521.6, 12742.0], [4521.55, 107133.0], [4521.5, 39004.0], [4521.4, 2491.0]], "asks": [[4522.85, 130.0], [4523.5, 322.0], [4523.55, 30310.0], [4523.6, 76032.0], [4523.7, 25000.0], [4523.85, 2547.0], [4523.9, 100.0], [4524.0, 10970.0], [4524.05, 6323.0], [4524.1, 17677.0], [4524.15, 20808.0], [4524.25, 13570.0], [4524.3, 22751.0], [4524.35, 2547.0], [4524.5, 32410.0], [4524.55, 20808.0], [4524.65, 890.0], [4524.75, 12732.0], [4524.8, 120.0], [4524.9, 9953.0]]}}}
{"jsonrpc": "2.0", "method": "subscription", "params": {"channel": "book.ETH-PERPETUAL.none.20.100ms", "data": {"timestamp": 1757653728245, "change_id": 86196488560, "instrument_name": "ETH-PERPETUAL", "bids": [[4522.8, 68629.0], [4522.75, 44306.0], [4522.7, 31323.0], [4522.65, 50193.0], [4522.6, 169860.0], [4522.5, 2437.0], [4522.4, 7791.0], [4522.2, 1005.0], [4522.15, 16660.0], [4522.1, 1302.0], [4522.0, 51577.0], [4521.95, 22623.0], [4521.9, 23355.0], [4521.85, 54914.0], [4521.75, 70.0], [4521.7, 35731.0], [4521.6, 12742.0], [4521.55, 107133.0], [4521.5, 39004.0], [4521.4, 2491.0]], "asks": [[4522.85, 130.0], [4523.5, 322.0], [4523.55, 30310.0], [4523.6, 76032.0], [4523.7, 25000.0], [4523.85, 2547.0], [4523.9, 100.0], [4524.0, 10970.0], [4524.05, 6323.0], [4524.1, 17677.0], [4524.15, 20808.0], [4524.25, 12643.0], [4524.3, 22751.0], [4524.35, 2547.0], [4524.5, 32410.0], [4524.55, 20808.0], [4524.65, 890.0], [4524.75, 12732.0], [4524.8, 120.0], [4524.9, 9953.0]]}}}
{"jsonrpc": "2.0", "method": "subscription", "params": {"channel": "book.ETH-PERPETUAL.none.20.100ms", "data": {"timestamp": 1757653728630, "change_id": 86196489062, "instrument_name": "ETH-PERPETUAL", "bids": [[4522.8, 71131.0], [4522.75, 44306.0], [4522.7, 31323.0], [4522.65, 50193.0], [4522.6, 169860.0], [4522.5, 2437.0], [4522.4, 7791.0], [4522.25, 16020.0], [4522.2, 1005.0], [4522.1, 1302.0], [4522.0, 51577.0], [4521.95, 22623.0], [4521.9, 23355.0], [4521.85, 54914.0], [4521.75, 70.0], [4521.7, 35731.0], [4521.6, 12742.0], [4521.55, 107133.0], [4521.5, 39004.0], [4521.4, 2491.0]], "asks": [[4522.85, 130.0], [4523.5, 322.0], [4523.55, 30310.0], [4523.6, 76032.0], [4523.7, 25000.0], [4523.85, 2547.0], [4524.0, 10970.0], [4524.1, 12677.0], [4524.15, 20808.0], [4524.25, 7589.0], [4524.3, 22851.0], [4524.35, 2547.0], [4524.5, 12402.0], [4524.55, 20808.0], [4524.6, 5000.0], [4524.65, 890.0], [4524.7, 20008.0], [4524.75, 12732.0], [4524.8, 120.0], [4524.95, 2529.0]]}}}
{"jsonrpc": "2.0", "method": "subscription", "params": {"channel": "book.ETH-PERPETUAL.none.20.100ms", "data": {"timestamp": 1757653728926, "change_id": 86196489605, "instrument_name": "ETH-PERPETUAL", "bids": [[4522.8, 71131.0], [4522.75, 44306.0], [4522.7, 31323.0], [4522.65, 50193.0], [4522.6, 169860.0], [4522.5, 2437.0], [4522.4, 7791.0], [4522.25, 16020.0], [4522.2, 1005.0], [4522.1, 1302.0], [4522.0, 51577.0], [4521.95, 7028.0], [4521.9, 23355.0], [4521.75, 70.0], [4521.7, 35731.0], [4521.6, 12742.0], [4521.55, 107133.0], [4521.5, 39004.0], [4521.4, 2491.0], [4521.25, 3809.0]], "asks": [[4522.85, 130.0], [4523.5, 322.0], [4523.55, 30310.0], [4523.6, 76032.0], [4523.75, 7515.0], [4523.8, 25000.0], [4524.0, 10970.0], [4524.1, 12677.0], [4524.15, 20808.0], [4524.2, 6323.0], [4524.25, 7589.0], [4524.3, 22851.0], [4524.35, 2547.0], [4524.5, 12402.0], [4524.55, 20808.0], [4524.6, 5000.0], [4524.65, 890.0], [4524.7, 20008.0], [4524.75, 12732.0], [4524.8, 120.0]]}}}
{"jsonrpc": "2.0", "method": "subscription", "params": {"channel": "book.ETH-PERPETUAL.none.20.100ms", "data": {"timestamp": 1757653729272, "change_id": 86196489780, "instrument_name": "ETH-PERPETUAL", "bids": [[4522.8, 71131.0], [4522.75, 44306.0], [4522.7, 31323.0], [4522.65, 50193.0], [4522.6, 169860.0], [4522.5, 2437.0], [4522.4, 7791.0], [4522.25, 16020.0], [4522.2, 1005.0], [4522.1, 1302.0], [4522.0, 51577.0], [4521.95, 22384.0], [4521.9, 23355.0], [4521.85, 54117.0], [4521.75, 70.0], [4521.7, 35731.0], [4521.6, 12742.0], [4521.55, 107133.0], [4521.5, 39004.0], [4521.4, 2491.0]], "asks": [[4522.85, 130.0], [4523.5, 322.0], [4523.55, 30310.0], [4523.6, 76032.0], [4523.75, 7515.0], [4523.8, 25000.0], [4524.0, 11070.0], [4524.1, 12677.0], [4524.15, 20808.0], [4524.2, 6323.0], [4524.25, 7589.0], [4524.3, 27751.0], [4524.35, 2547.0], [4524.5, 12402.0], [4524.55, 40816.0], [4524.65, 890.0], [4524.75, 12732.0], [4524.8, 120.0], [4524.9, 17783.0], [4524.95, 2529.0]]}}}
{"jsonrpc": "2.0", "method": "subscription", "params": {"channel": "book.ETH-PERPETUAL.none.20.100ms", "data": {"timestamp": 1757653729598, "change_id": 86196490198, "instrument_name": "ETH-PERPETUAL", "bids": [[4522.8, 207388.0], [4522.75, 63783.0], [4522.7, 31323.0], [4522.6, 33600.0], [4522.5, 2437.0], [4522.4, 7791.0], [4522.25, 16020.0], [4522.2, 1005.0], [4522.1, 1302.0], [4522.0, 51577.0], [4521.95, 22384.0], [4521.9, 23355.0], [4521.85, 54117.0], [4521.75, 70.0], [4521.7, 35731.0], [4521.6, 12742.0], [4521.55, 107133.0], [4521.5, 39004.0], [4521.4, 2491.0], [4521.25, 3809.0]], "asks": [[4522.85, 130.0], [4523.5, 322.0], [4523.55, 30310.0], [4523.6, 76032.0], [4523.75, 7515.0], [4523.8, 25000.0], [4523.85, 2502.0], [4524.0, 11070.0], [4524.1, 12677.0], [4524.15, 20808.0], [4524.2, 6323.0], [4524.25, 7589.0], [4524.3, 27751.0], [4524.35, 2547.0], [4524.5, 12402.0], [4524.55, 40816.0], [4524.65, 890.0], [4524.75, 12732.0], [4524.8, 120.0], [4524.9, 17783.0]]}}}
{"jsonrpc": "2.0", "method": "subscription", "params": {"channel": "book.ETH-PERPETUAL.none.20.100ms", "data": {"timestamp": 1757653729926, "change_id": 86196490697, "instrument_name": "ETH-PERPETUAL", "bids": [[4522.8, 210388.0], [4522.75, 50683.0], [4522.7, 31323.0], [4522.6, 33600.0], [4522.5, 2437.0], [4522.4, 7791.0], [4522.25, 16020.0], [4522.2, 1005.0], [4522.1, 1302.0], [4522.0, 51577.0], [4521.95, 22384.0], [4521.9, 23355.0], [4521.85, 54117.0], [4521.75, 70.0], [4521.7, 35731.0], [4521.6, 12742.0], [4521.55, 107133.0], [4521.5, 39004.0], [4521.4, 2491.0], [4521.25, 3809.0]], "asks": [[4522.85, 130.0], [4523.5, 322.0], [4523.55, 30310.0], [4523.6, 76032.0], [4523.75, 7515.0], [4523.8, 25000.0], [4523.85, 2502.0], [4524.0, 11070.0], [4524.1, 12677.0], [4524.15, 20808.0], [4524.2, 6323.0], [4524.25, 7589.0], [4524.3, 27751.0], [4524.35, 2547.0], [4524.5, 12402.0], [4524.55, 40816.0], [4524.65, 890.0], [4524.75, 12732.0], [4524.8, 120.0], [4524.9, 17783.0]]}}}
{"jsonrpc": "2.0", "method": "subscription", "params": {"channel": "book.ETH-PERPETUAL.none.20.100ms", "data": {"timestamp": 1757653730271, "change_id": 86196490838, "instrument_name": "ETH-PERPETUAL", "bids": [[4522.8, 210388.0], [4522.75, 50683.0], [4522.7, 31323.0], [4522.6, 33600.0], [4522.5, 2437.0], [4522.4, 7791.0], [4522.25, 16020.0], [4522.2, 1005.0], [4522.1, 1302.0], [4522.0, 51577.0], [4521.95, 22384.0], [4521.9, 23355.0], [4521.85, 54117.0], [4521.75, 70.0], [4521.7, 35731.0], [4521.6, 12742.0], [4521.55, 107133.0], [4521.5, 39004.0], [4521.4, 2491.0], [4521.25, 3809.0]], "asks": [[4522.85, 88.0], [4523.5, 322.0], [4523.55, 30310.0], [4523.6, 81032.0], [4523.75, 7515.0], [4523.8, 25000.0], [4523.85, 2502.0], [4524.0, 11070.0], [4524.1, 12677.0], [4524.15, 20808.0], [4524.2, 6323.0], [4524.25, 7589.0], [4524.3, 27751.0], [4524.35, 2547.0], [4524.5, 12402.0], [4524.55, 40816.0], [4524.65, 890.0], [4524.75, 12732.0], [4524.8, 120.0], [4524.85, 9953.0]]}}}
{"jsonrpc": "2.0", "method": "subscription", "params": {"channel": "book.ETH-PERPETUAL.none.20.100ms", "data": {"timestamp": 1757653730614, "change_id": 86196491302, "instrument_name": "ETH-PERPETUAL", "bids": [[4522.8, 207886.0], [4522.75, 50683.0], [4522.7, 31323.0], [4522.6, 33600.0], [4522.5, 2437.0], [4522.4, 7791.0], [4522.25, 16020.0], [4522.2, 1005.0], [4522.1, 1302.0], [4522.0, 51577.0], [4521.95, 22384.0], [4521.9, 23355.0], [4521.85, 54117.0], [4521.75, 70.0], [4521.7, 35731.0], [4521.6, 12742.0], [4521.55, 107133.0], [4521.5, 39004.0], [4521.4, 2491.0], [4521.25, 3809.0]], "asks": [[4522.85, 88.0], [4523.5, 322.0], [4523.55, 30310.0], [4523.6, 79487.0], [4523.65, 25000.0], [4523.85, 2502.0], [4524.0, 11070.0], [4524.1, 12677.0], [4524.15, 20808.0], [4524.2, 6323.0], [4524.25, 14143.0], [4524.3, 27751.0], [4524.35, 2547.0], [4524.5, 32410.0], [4524.55, 20808.0], [4524.65, 890.0], [4524.75, 12732.0], [4524.8, 120.0], [4524.9, 17783.0], [4524.95, 2529.0]]}}}
{"jsonrpc": "2.0", "method": "subscription", "params": {"channel": "book.ETH-PERPETUAL.none.20.100ms", "data": {"timestamp": 1757653730935, "change_id": 86196491784, "instrument_name": "ETH-PERPETUAL", "bids": [[4522.8, 181386.0], [4522.75, 50683.0], [4522.7, 31323.0], [4522.6, 33600.0], [4522.5, 2437.0], [4522.4, 7791.0], [4522.25, 16020.0], [4522.2, 1005.0], [4522.1, 1302.0], [4522.0, 51577.0], [4521.95, 22384.0], [4521.9, 23355.0], [4521.85, 54117.0], [4521.75, 70.0], [4521.7, 35731.0], [4521.6, 12742.0], [4521.55, 107133.0], [4521.5, 39004.0], [4521.4, 2491.0], [4521.25, 3809.0]], "asks": [[4522.85, 88.0], [4523.5, 322.0], [4523.55, 30310.0], [4523.6, 76032.0], [4523.65, 25000.0], [4523.85, 2502.0], [4524.0, 11070.0], [4524.1, 12677.0], [4524.15, 20808.0], [4524.2, 6323.0], [4524.25, 14143.0], [4524.3, 27751.0], [4524.35, 2547.0], [4524.5, 32410.0], [4524.55, 20808.0], [4524.65, 890.0], [4524.75, 12732.0], [4524.8, 120.0], [4524.9, 17783.0], [4524.95, 2529.0]]}}}
{"jsonrpc": "2.0", "method": "subscription", "params": {"channel": "book.ETH-PERPETUAL.none.20.100ms", "data": {"timestamp": 1757653731195, "change_id": 86196491917, "instrument_name": "ETH-PERPETUAL", "bids": [[4522.8, 207886.0], [4522.75, 50683.0], [4522.7, 31323.0], [4522.6, 33600.0], [4522.5, 2437.0], [4522.4, 7791.0], [4522.25, 16020.0], [4522.2, 1005.0], [4522.1, 1302.0], [4522.0, 51577.0], [4521.95, 22384.0], [4521.9, 23355.0], [4521.85, 54117.0], [4521.75, 70.0], [4521.7, 35731.0], [4521.6, 12742.0], [4521.55, 107133.0], [4521.5, 39004.0], [4521.4, 2491.0], [4521.25, 3809.0]], "asks": [[4522.85, 88.0], [4523.5, 322.0], [4523.55, 30310.0], [4523.6, 76032.0], [4523.65, 25000.0], [4523.85, 2502.0], [4524.0, 11070.0], [4524.1, 12677.0], [4524.15, 20808.0], [4524.2, 6323.0], [4524.25, 14143.0], [4524.3, 27751.0], [4524.35, 2547.0], [4524.5, 32410.0], [4524.55, 20808.0], [4524.65, 890.0], [4524.75, 12732.0], [4524.8, 120.0], [4524.9, 17783.0], [4524.95, 2529.0]]}}}
{"jsonrpc": "2.0", "method": "subscription", "params": {"channel": "book.ETH-PERPETUAL.none.20.100ms", "data": {"timestamp": 1757653731601, "change_id": 86196492368, "instrument_name": "ETH-PERPETUAL", "bids": [[4522.8, 178386.0], [4522.75, 50683.0], [4522.7, 31323.0], [4522.6, 33600.0], [4522.5, 2437.0], [4522.4, 7791.0], [4522.25, 16020.0], [4522.2, 1005.0], [4522.1, 1302.0], [4522.0, 51577.0], [4521.95, 22384.0], [4521.9, 23355.0], [4521.85, 54117.0], [4521.75, 70.0], [4521.7, 35731.0], [4521.6, 12742.0], [4521.55, 107133.0], [4521.5, 39004.0], [4521.4, 2491.0], [4521.25, 3809.0]], "asks": [[4522.85, 88.0], [4523.3, 5000.0], [4523.5, 322.0], [4523.55, 30310.0], [4523.6, 76032.0], [4523.65, 25000.0], [4523.85, 2502.0], [4524.0, 11070.0], [4524.1, 12677.0], [4524.15, 20808.0], [4524.2, 6323.0], [4524.25, 14143.0], [4524.3, 27751.0], [4524.35, 2547.0], [4524.5, 32410.0], [4524.55, 20808.0], [4524.65, 890.0], [4524.75, 12732.0], [4524.8, 120.0], [4524.85, 9953.0]]}}}
{"jsonrpc": "2.0", "method": "subscription", "params": {"channel": "book.ETH-PERPETUAL.none.20.100ms", "data": {"timestamp": 1757653731856, "change_id": 86196492676, "instrument_name": "ETH-PERPETUAL", "bids": [[4522.8, 178386.0], [4522.75, 50683.0], [4522.7, 31323.0], [4522.6, 33600.0], [4522.5, 2437.0], [4522.4, 7791.0], [4522.25, 16020.0], [4522.2, 1005.0], [4522.1, 1302.0], [4522.0, 51577.0], [4521.95, 22384.0], [4521.9, 23355.0], [4521.85, 54117.0], [4521.75, 70.0], [4521.7, 35731.0], [4521.6, 12742.0], [4521.55, 107133.0], [4521.5, 39004.0], [4521.4, 2491.0], [4521.25, 3809.0]], "asks": [[4522.85, 88.0], [4523.5, 322.0], [4523.55, 30310.0], [4523.6, 76032.0], [4523.65, 25000.0], [4523.85, 2502.0], [4524.0, 11070.0], [4524.1, 12677.0], [4524.15, 20808.0], [4524.2, 6323.0], [4524.25, 14143.0], [4524.3, 27751.0], [4524.35, 2547.0], [4524.5, 32410.0], [4524.55, 20808.0], [4524.65, 890.0], [4524.75, 12732.0], [4524.8, 120.0], [4524.85, 9953.0], [4524.9, 17783.0]]}}}
{"jsonrpc": "2.0", "method": "subscription", "params": {"channel": "book.ETH-PERPETUAL.none.20.100ms", "data": {"timestamp": 1757653732272, "change_id": 86196493182, "instrument_name": "ETH-PERPETUAL", "bids": [[4523.45, 38261.0], [4523.1, 40877.0], [4523.05, 136256.0], [4522.95, 27532.0], [4522.9, 33600.0], [4522.8, 26968.0], [4522.75, 45671.0], [4522.7, 31323.0], [4522.5, 26657.0], [4522.45, 2502.0], [4522.4, 7791.0], [4522.25, 28742.0], [4522.2, 7324.0], [4522.1, 1302.0], [4522.0, 51577.0], [4521.95, 22384.0], [4521.9, 23355.0], [4521.85, 54117.0], [4521.75, 70.0], [4521.7, 35731.0]], "asks": [[4523.5, 51074.0], [4523.55, 30310.0], [4523.6, 76032.0], [4523.65, 25000.0], [4523.85, 2502.0], [4524.0, 11070.0], [4524.1, 12677.0], [4524.15, 20808.0], [4524.2, 6323.0], [4524.25, 14143.0], [4524.3, 27751.0], [4524.35, 2547.0], [4524.5, 32410.0], [4524.55, 20808.0], [4524.65, 890.0], [4524.75, 12732.0], [4524.8, 120.0], [4524.85, 9953.0], [4524.9, 38591.0], [4524.95, 2529.0]]}}}
{"jsonrpc": "2.0", "method": "subscription", "params": {"channel": "book.ETH-PERPETUAL.none.20.100ms", "data": {"timestamp": 1757653732579, "change_id": 86196493853, "instrument_name": "ETH-PERPETUAL", "bids": [[4523.45, 38261.0], [4523.1, 40877.0], [4523.05, 136256.0], [4522.95, 27532.0], [4522.9, 33600.0], [4522.85, 25000.0], [4522.8, 26968.0], [4522.75, 40603.0], [4522.7, 6323.0], [4522.5, 26657.0], [4522.45, 2502.0], [4522.4, 7791.0], [4522.25, 28742.0], [4522.2, 7324.0], [4522.1, 1302.0], [4522.0, 51577.0], [4521.95, 22384.0], [4521.9, 23355.0], [4521.85, 54117.0], [4521.75, 70.0]], "asks": [[4523.5, 51802.0], [4523.55, 30310.0], [4523.6, 76032.0], [4523.85, 10047.0], [4523.9, 25000.0], [4524.0, 11070.0], [4524.1, 12677.0], [4524.15, 20808.0], [4524.2, 6323.0], [4524.25, 14143.0], [4524.3, 27751.0], [4524.35, 2547.0], [4524.5, 32410.0], [4524.55, 20808.0], [4524.65, 890.0], [4524.75, 12732.0], [4524.8, 120.0], [4524.85, 9953.0], [4524.9, 38591.0], [4524.95, 2529.0]]}}}
{"jsonrpc": "2.0", "method": "subscription", "params": {"channel": "book.ETH-PERPETUAL.none.20.100ms", "data": {"timestamp": 1757653732924, "change_id": 86196494347, "instrument_name": "ETH-PERPETUAL", "bids": [[4523.45, 20140.0], [4523.1, 40877.0], [4523.05, 136256.0], [4522.95, 27532.0], [4522.9, 33600.0], [4522.85, 25000.0], [4522.8, 26968.0], [4522.75, 6242.0], [4522.5, 26657.0], [4522.45, 2502.0], [4522.4, 7791.0], [4522.25, 28742.0], [4522.2, 7324.0], [4522.1, 1302.0], [4522.0, 51577.0], [4521.95, 7028.0], [4521.9, 23355.0], [4521.75, 70.0], [4521.7, 35731.0], [4521.6, 12742.0]], "asks": [[4523.5, 51793.0], [4523.55, 30310.0], [4523.6, 76032.0], [4523.75, 8296.0], [4523.8, 25000.0], [4523.85, 2502.0], [4524.0, 11070.0], [4524.1, 12677.0], [4524.15, 20808.0], [4524.2, 6323.0], [4524.25, 14143.0], [4524.3, 27751.0], [4524.35, 2547.0], [4524.5, 32410.0], [4524.55, 20808.0], [4524.65, 890.0], [4524.75, 12732.0], [4524.8, 120.0], [4524.85, 9953.0], [4524.9, 38591.0]]}}}
{"jsonrpc": "2.0", "method": "subscription", "params": {"channel": "book.ETH-PERPETUAL.none.20.100ms", "data": {"timestamp": 1757653733226, "change_id": 86196494633, "instrument_name": "ETH-PERPETUAL", "bids": [[4523.45, 30250.0], [4523.15, 18100.0], [4523.1, 40877.0], [4523.05, 136256.0], [4522.95, 45067.0], [4522.9, 33600.0], [4522.8, 26968.0], [4522.75, 12565.0], [4522.5, 26657.0], [4522.45, 2502.0], [4522.4, 7791.0], [4522.25, 28742.0], [4522.2, 7324.0], [4522.1, 1302.0], [4522.0, 51577.0], [4521.95, 22186.0], [4521.9, 23355.0], [4521.85, 53456.0], [4521.75, 70.0], [4521.7, 35731.0]], "asks": [[4523.5, 83195.0], [4523.55, 56710.0], [4523.6, 76032.0], [4523.7, 26400.0], [4523.75, 8296.0], [4523.8, 25000.0], [4523.85, 2502.0], [4524.0, 11070.0], [4524.1, 12677.0], [4524.15, 20808.0], [4524.2, 6323.0], [4524.25, 14143.0], [4524.3, 27751.0], [4524.35, 2547.0], [4524.5, 32410.0], [4524.55, 20808.0], [4524.65, 890.0], [4524.75, 12732.0], [4524.8, 120.0], [4524.85, 9953.0]]}}}
{"jsonrpc": "2.0", "method": "subscription", "params": {"channel": "book.ETH-PERPETUAL.none.20.100ms", "data": {"timestamp": 1757653733561, "change_id": 86196495033, "instrument_name": "ETH-PERPETUAL", "bids": [[4523.45, 20140.0], [4523.1, 40877.0], [4523.05, 136256.0], [4522.95, 45067.0], [4522.9, 33600.0], [4522.8, 26968.0], [4522.75, 21147.0], [4522.6, 31206.0], [4522.5, 26657.0], [4522.45, 2502.0], [4522.4, 7791.0], [4522.25, 28742.0], [4522.2, 7324.0], [4522.1, 1302.0], [4522.0, 51577.0], [4521.95, 22186.0], [4521.9, 23355.0], [4521.85, 53456.0], [4521.75, 70.0], [4521.7, 35731.0]], "asks": [[4523.5, 83199.0], [4523.55, 56710.0], [4523.6, 76032.0], [4523.7, 26400.0], [4523.75, 8296.0], [4523.8, 25000.0], [4523.85, 2502.0], [4524.0, 11070.0], [4524.1, 12677.0], [4524.15, 20808.0], [4524.2, 6323.0], [4524.25, 14143.0], [4524.3, 27751.0], [4524.35, 2547.0], [4524.5, 32410.0], [4524.55, 20808.0], [4524.65, 890.0], [4524.75, 12732.0], [4524.8, 120.0], [4524.85, 9953.0]]}}}
{"jsonrpc": "2.0", "method": "subscription", "params": {"channel": "book.ETH-PERPETUAL.none.20.100ms", "data": {"timestamp": 1757653733891, "change_id": 86196495537, "instrument_name": "ETH-PERPETUAL", "bids": [[4523.45, 20140.0], [4523.1, 40877.0], [4523.05, 136256.0], [4522.95, 45067.0], [4522.9, 33600.0], [4522.8, 26968.0], [4522.75, 21147.0], [4522.6, 31206.0], [4522.5, 26657.0], [4522.45, 2502.0], [4522.4, 7791.0], [4522.25, 28742.0], [4522.2, 7324.0], [4522.1, 1302.0], [4522.0, 51577.0], [4521.95, 22186.0], [4521.9, 23355.0], [4521.85, 53456.0], [4521.75, 70.0], [4521.7, 35731.0]], "asks": [[4523.5, 86597.0], [4523.55, 56710.0], [4523.6, 76032.0], [4523.7, 26400.0], [4523.75, 8296.0], [4523.8, 25000.0], [4523.85, 2502.0], [4524.0, 11070.0], [4524.1, 12677.0], [4524.15, 20808.0], [4524.2, 6323.0], [4524.25, 14143.0], [4524.3, 27751.0], [4524.35, 2547.0], [4524.5, 32410.0], [4524.55, 20808.0], [4524.65, 890.0], [4524.75, 12732.0], [4524.8, 120.0], [4524.85, 9953.0]]}}}
{"jsonrpc": "2.0", "method": "subscription", "params": {"channel": "book.ETH-PERPETUAL.none.20.100ms", "data": {"timestamp": 1757653734260, "change_id": 86196496676, "instrument_name": "ETH-PERPETUAL", "bids": [[4522.9, 40.0], [4522.85, 1190.0], [4522.8, 3868.0], [4522.75, 100.0], [4522.5, 9545.0], [4522.4, 32791.0], [4522.25, 60047.0], [4522.2, 20000.0], [4522.0, 185827.0], [4521.95, 21589.0], [4521.9, 63278.0], [4521.75, 70.0], [4521.7, 35731.0], [4521.65, 6321.0], [4521.6, 12742.0], [4521.55, 121608.0], [4521.5, 18196.0], [4521.4, 2491.0], [4521.25, 3809.0], [4521.2, 12696.0]], "asks": [[4522.95, 53553.0], [4523.0, 11323.0], [4523.1, 17580.0], [4523.15, 25000.0], [4523.25, 33600.0], [4523.3, 24826.0], [4523.35, 26400.0], [4523.4, 2502.0], [4523.45, 26400.0], [4523.5, 66762.0], [4523.55, 26400.0], [4523.6, 42432.0], [4523.65, 10000.0], [4523.7, 31400.0], [4523.75, 12767.0], [4523.9, 20808.0], [4523.95, 20008.0], [4524.0, 10970.0], [4524.1, 12677.0], [4524.15, 20808.0]]}}}
{"jsonrpc": "2.0", "method": "subscription", "params": {"channel": "book.ETH-PERPETUAL.none.20.100ms", "data": {"timestamp": 1757653734565, "change_id": 86196497272, "instrument_name": "ETH-PERPETUAL", "bids": [[4522.9, 20140.0], [4522.85, 1190.0], [4522.8, 3868.0], [4522.5, 49520.0], [4522.4, 32791.0], [4522.35, 136253.0], [4522.0, 179.0], [4521.95, 21589.0], [4521.9, 63278.0], [4521.85, 31200.0], [4521.75, 70.0], [4521.7, 58194.0], [4521.65, 6321.0], [4521.6, 12742.0], [4521.55, 121608.0], [4521.5, 68196.0], [4521.45, 1302.0], [4521.4, 4893.0], [4521.25, 3809.0], [4521.2, 12696.0]], "asks": [[4522.95, 54621.0], [4523.0, 5000.0], [4523.1, 10080.0], [4523.25, 33600.0], [4523.3, 24826.0], [4523.35, 32723.0], [4523.4, 27502.0], [4523.45, 26400.0], [4523.5, 52223.0], [4523.55, 26400.0], [4523.6, 42432.0], [4523.65, 10000.0], [4523.7, 5000.0], [4523.75, 12767.0], [4523.9, 20808.0], [4523.95, 20008.0], [4524.0, 10970.0], [4524.1, 12677.0], [4524.15, 20808.0], [4524.3, 31572.0]]}}}
{"jsonrpc": "2.0", "method": "subscription", "params": {"channel": "book.ETH-PERPETUAL.none.20.100ms", "data": {"timestamp": 1757653734913, "change_id": 86196497797, "instrument_name": "ETH-PERPETUAL", "bids": [[4522.9, 20040.0], [4522.85, 1190.0], [4522.8, 3868.0], [4522.6, 100.0], [4522.5, 49520.0], [4522.4, 32791.0], [4522.35, 136253.0], [4522.0, 179.0], [4521.95, 21589.0], [4521.9, 63278.0], [4521.75, 70.0], [4521.7, 58194.0], [4521.65, 6321.0], [4521.6, 12742.0], [4521.55, 121608.0], [4521.5, 18196.0], [4521.45, 1302.0], [4521.4, 4893.0], [4521.25, 3809.0], [4521.2, 12696.0]], "asks": [[4522.95, 54721.0], [4523.0, 5000.0], [4523.1, 10080.0], [4523.25, 33600.0], [4523.3, 49826.0], [4523.35, 32723.0], [4523.4, 2502.0], [4523.45, 26400.0], [4523.5, 52014.0], [4523.55, 26400.0], [4523.6, 42432.0], [4523.65, 10000.0], [4523.7, 5000.0], [4523.75, 12767.0], [4523.9, 20808.0], [4523.95, 20008.0], [4524.0, 10970.0], [4524.1, 12677.0], [4524.15, 20808.0], [4524.3, 31572.0]]}}}
{"jsonrpc": "2.0", "method": "subscription", "params": {"channel": "book.ETH-PERPETUAL.none.20.100ms", "data": {"timestamp": 1757653735210, "change_id": 86196498049, "instrument_name": "ETH-PERPETUAL", "bids": [[4522.9, 20140.0], [4522.85, 8962.0], [4522.8, 3868.0], [4522.55, 26400.0], [4522.5, 49520.0], [4522.45, 18300.0], [4522.4, 32791.0], [4522.35, 136253.0], [4522.3, 31204.0], [4522.0, 179.0], [4521.95, 21589.0], [4521.9, 63278.0], [4521.75, 70.0], [4521.7, 58194.0], [4521.65, 6321.0], [4521.6, 12742.0], [4521.55, 121608.0], [4521.5, 68196.0], [4521.45, 1302.0], [4521.4, 4893.0]], "asks": [[4522.95, 80984.0], [4523.0, 5000.0], [4523.1, 23828.0], [4523.2, 26400.0], [4523.25, 71774.0], [4523.3, 25000.0], [4523.35, 6323.0], [4523.4, 7502.0], [4523.5, 17652.0], [4523.6, 42432.0], [4523.65, 10000.0], [4523.75, 12767.0], [4523.9, 20808.0], [4523.95, 20008.0], [4524.0, 10970.0], [4524.1, 12677.0], [4524.15, 20808.0], [4524.3, 31572.0], [4524.35, 2547.0], [4524.55, 31219.0]]}}}
{"jsonrpc": "2.0", "method": "subscription", "params": {"channel": "book.ETH-PERPETUAL.none.20.100ms", "data": {"timestamp": 1757653735510, "change_id": 86196498374, "instrument_name": "ETH-PERPETUAL", "bids": [[4522.9, 20140.0], [4522.85, 8962.0], [4522.8, 3868.0], [4522.55, 26400.0], [4522.5, 49520.0], [4522.45, 18300.0], [4522.4, 32791.0], [4522.35, 136253.0], [4522.3, 31204.0], [4522.0, 179.0], [4521.95, 21589.0], [4521.9, 63278.0], [4521.75, 70.0], [4521.7, 58194.0], [4521.65, 6321.0], [4521.6, 12742.0], [4521.55, 121608.0], [4521.5, 68196.0], [4521.45, 1302.0], [4521.4, 4893.0]], "asks": [[4522.95, 80952.0], [4523.0, 5000.0], [4523.1, 23828.0], [4523.2, 26400.0], [4523.25, 71774.0], [4523.3, 25000.0], [4523.35, 6323.0], [4523.4, 7502.0], [4523.5, 17652.0], [4523.6, 42432.0], [4523.65, 10000.0], [4523.75, 12767.0], [4523.9, 20808.0], [4523.95, 20008.0], [4524.0, 10970.0], [4524.1, 12677.0], [4524.15, 20808.0], [4524.3, 31572.0], [4524.35, 2547.0], [4524.5, 13744.0]]}}}
{"jsonrpc": "2.0", "method": "subscription", "params": {"channel": "book.ETH-PERPETUAL.none.20.100ms", "data": {"timestamp": 1757653735913, "change_id": 86196498896, "instrument_name": "ETH-PERPETUAL", "bids": [[4522.9, 20040.0], [4522.85, 1190.0], [4522.8, 3868.0], [4522.6, 90.0], [4522.5, 49520.0], [4522.4, 32791.0], [4522.35, 136253.0], [4522.3, 31204.0], [4522.0, 179.0], [4521.95, 21589.0], [4521.9, 63278.0], [4521.75, 70.0], [4521.7, 58194.0], [4521.65, 6321.0], [4521.6, 12742.0], [4521.55, 121608.0], [4521.5, 18196.0], [4521.45, 1302.0], [4521.4, 4893.0], [4521.25, 3809.0]], "asks": [[4522.95, 80942.0], [4523.0, 5000.0], [4523.1, 23828.0], [4523.2, 26400.0], [4523.25, 71774.0], [4523.3, 25000.0], [4523.35, 6323.0], [4523.4, 7502.0], [4523.5, 17652.0], [4523.6, 42432.0], [4523.65, 10000.0], [4523.75, 12767.0], [4523.9, 20808.0], [4523.95, 20008.0], [4524.0, 10970.0], [4524.1, 12677.0], [4524.15, 20808.0], [4524.3, 31572.0], [4524.35, 2547.0], [4524.5, 13744.0]]}}}
{"jsonrpc": "2.0", "method": "subscription", "params": {"channel": "book.ETH-PERPETUAL.none.20.100ms", "data": {"timestamp": 1757653736240, "change_id": 86196499153, "instrument_name": "ETH-PERPETUAL", "bids": [[4522.9, 27885.0], [4522.85, 14989.0], [4522.8, 3868.0], [4522.55, 24500.0], [4522.5, 74520.0], [4522.4, 36.0], [4522.35, 136253.0], [4522.3, 31204.0], [4522.0, 179.0], [4521.95, 21589.0], [4521.9, 63278.0], [4521.75, 70.0], [4521.7, 58194.0], [4521.65, 6321.0], [4521.6, 12742.0], [4521.55, 121608.0], [4521.5, 18196.0], [4521.45, 1302.0], [4521.4, 4893.0], [4521.25, 3809.0]], "asks": [[4522.95, 80905.0], [4523.0, 5000.0], [4523.05, 26400.0], [4523.1, 23828.0], [4523.2, 26400.0], [4523.25, 45374.0], [4523.3, 25000.0], [4523.35, 6323.0], [4523.4, 7502.0], [4523.5, 17652.0], [4523.6, 42432.0], [4523.65, 10000.0], [4523.75, 12767.0], [4523.9, 20808.0], [4523.95, 20008.0], [4524.0, 10970.0], [4524.1, 12677.0], [4524.15, 20808.0], [4524.3, 31572.0], [4524.35, 2547.0]]}}}
{"jsonrpc": "2.0", "method": "subscription", "params": {"channel": "book.ETH-PERPETUAL.none.20.100ms", "data": {"timestamp": 1757653736543, "change_id": 86196499497, "instrument_name": "ETH-PERPETUAL", "bids": [[4522.9, 27795.0], [4522.8, 3541.0], [4522.55, 7590.0], [4522.5, 74520.0], [4522.4, 36.0], [4522.35, 169853.0], [4522.3, 31204.0], [4522.0, 179.0], [4521.95, 8924.0], [4521.9, 29678.0], [4521.75, 70.0], [4521.7, 58194.0], [4521.65, 6321.0], [4521.6, 12742.0], [4521.55, 121608.0], [4521.5, 18196.0], [4521.45, 1302.0], [4521.4, 4893.0], [4521.25, 34200.0], [4521.2, 12696.0]], "asks": [[4522.95, 82674.0], [4523.0, 5000.0], [4523.05, 26400.0], [4523.1, 23828.0], [4523.2, 26400.0], [4523.25, 45374.0], [4523.3, 25000.0], [4523.35, 6323.0], [4523.4, 7502.0], [4523.5, 17552.0], [4523.6, 42432.0], [4523.65, 10000.0], [4523.75, 11478.0], [4523.85, 20008.0], [4523.9, 20808.0], [4524.0, 10970.0], [4524.1, 12677.0], [4524.15, 20808.0], [4524.25, 17783.0], [4524.3, 13789.0]]}}}
{"jsonrpc": "2.0", "method": "subscription", "params": {"channel": "book.ETH-PERPETUAL.none.20.100ms", "data": {"timestamp": 1757653736862, "change_id": 86196500244, "instrument_name": "ETH-PERPETUAL", "bids": [[4522.9, 8121.0], [4522.5, 36516.0], [4522.4, 36.0], [4522.35, 33600.0], [4522.25, 121825.0], [4522.1, 3539.0], [4522.05, 12852.0], [4522.0, 45987.0], [4521.75, 70.0], [4521.7, 58194.0], [4521.65, 6321.0], [4521.6, 19065.0], [4521.55, 121608.0], [4521.5, 20055.0], [4521.45, 1302.0], [4521.4, 4893.0], [4521.25, 3809.0], [4521.2, 12696.0], [4520.9, 12732.0], [4520.75, 2813.0]], "asks": [[4522.95, 149798.0], [4523.0, 72621.0], [4523.05, 26400.0], [4523.1, 136252.0], [4523.2, 26400.0], [4523.4, 2502.0], [4523.5, 10267.0], [4523.55, 20008.0], [4523.6, 5018.0], [4523.65, 10000.0], [4523.75, 10810.0], [4523.9, 20808.0], [4523.95, 17783.0], [4524.0, 10970.0], [4524.1, 12677.0], [4524.15, 20808.0], [4524.3, 13789.0], [4524.35, 2547.0], [4524.5, 13744.0], [4524.55, 31219.0]]}}}
{"jsonrpc": "2.0", "method": "subscription", "params": {"channel": "book.ETH-PERPETUAL.none.20.100ms", "data": {"timestamp": 1757653737202, "change_id": 86196500536, "instrument_name": "ETH-PERPETUAL", "bids": [[4522.9, 8121.0], [4522.5, 36516.0], [4522.4, 36.0], [4522.35, 33600.0], [4522.25, 141825.0], [4522.1, 3539.0], [4522.05, 12852.0], [4522.0, 45987.0], [4521.75, 70.0], [4521.7, 58194.0], [4521.65, 6321.0], [4521.6, 19065.0], [4521.55, 121608.0], [4521.5, 20055.0], [4521.45, 1302.0], [4521.4, 4893.0], [4521.25, 3809.0], [4521.2, 12696.0], [4520.9, 12732.0], [4520.75, 2813.0]], "asks": [[4522.95, 159931.0], [4523.0, 72621.0], [4523.05, 26400.0], [4523.1, 136252.0], [4523.4, 2502.0], [4523.5, 10267.0], [4523.55, 20008.0], [4523.6, 5018.0], [4523.75, 10810.0], [4523.9, 20808.0], [4523.95, 17783.0], [4524.0, 10970.0], [4524.1, 12677.0], [4524.15, 20808.0], [4524.3, 13789.0], [4524.35, 2547.0], [4524.5, 13744.0], [4524.55, 31219.0], [4524.65, 50890.0], [4524.75, 13704.0]]}}}
{"jsonrpc": "2.0", "method": "subscription", "params": {"channel": "book.ETH-PERPETUAL.none.20.100ms", "data": {"timestamp": 1757653737566, "change_id": 86196501078, "instrument_name": "ETH-PERPETUAL", "bids": [[4522.9, 8081.0], [4522.4, 36.0], [4522.35, 33600.0], [4522.25, 20090.0], [4522.1, 3539.0], [4522.05, 7554.0], [4522.0, 25179.0], [4521.75, 70.0], [4521.7, 58194.0], [4521.65, 6321.0], [4521.6, 19065.0], [4521.55, 121608.0], [4521.5, 20055.0], [4521.45, 1302.0], [4521.4, 4893.0], [4521.25, 3809.0], [4521.2, 12696.0], [4520.9, 12732.0], [4520.75, 2813.0], [4520.7, 18369.0]], "asks": [[4522.95, 160748.0], [4523.0, 72621.0], [4523.05, 26400.0], [4523.1, 136252.0], [4523.3, 6850.0], [4523.4, 2502.0], [4523.45, 20008.0], [4523.5, 322.0], [4523.55, 1505.0], [4523.6, 5018.0], [4523.75, 10810.0], [4523.9, 20808.0], [4523.95, 17783.0], [4524.0, 10970.0], [4524.1, 12677.0], [4524.15, 20808.0], [4524.3, 13789.0], [4524.35, 2547.0], [4524.45, 50000.0], [4524.5, 13744.0]]}}}
{"jsonrpc": "2.0", "method": "subscription", "params": {"channel": "book.ETH-PERPETUAL.none.20.100ms", "data": {"timestamp": 1757653737857, "change_id": 86196501551, "instrument_name": "ETH-PERPETUAL", "bids": [[4522.9, 8081.0], [4522.4, 36.0], [4522.35, 33600.0], [4522.25, 20000.0], [4522.1, 3539.0], [4522.05, 7554.0], [4522.0, 60965.0], [4521.95, 119125.0], [4521.85, 90.0], [4521.75, 70.0], [4521.7, 58194.0], [4521.65, 6321.0], [4521.6, 19065.0], [4521.55, 121608.0], [4521.5, 20055.0], [4521.45, 1302.0], [4521.4, 4893.0], [4521.25, 3809.0], [4521.2, 12696.0], [4520.9, 12732.0]], "asks": [[4522.95, 165058.0], [4523.0, 72621.0], [4523.05, 26400.0], [4523.1, 136252.0], [4523.3, 6850.0], [4523.4, 2502.0], [4523.45, 20008.0], [4523.5, 322.0], [4523.55, 1505.0], [4523.6, 5018.0], [4523.75, 10810.0], [4523.85, 17783.0], [4523.9, 20808.0], [4524.0, 10970.0], [4524.1, 12677.0], [4524.15, 20808.0], [4524.3, 13789.0], [4524.35, 2547.0], [4524.45, 50000.0], [4524.65, 890.0]]}}}
{"jsonrpc": "2.0", "method": "subscription", "params": {"channel": "book.ETH-PERPETUAL.none.20.100ms", "data": {"timestamp": 1757653738215, "change_id": 86196501904, "instrument_name": "ETH-PERPETUAL", "bids": [[4522.9, 8081.0], [4522.4, 36.0], [4522.3, 6000.0], [4522.25, 20000.0], [4522.1, 3539.0], [4522.05, 7554.0], [4522.0, 25179.0], [4521.85, 54017.0], [4521.8, 132560.0], [4521.75, 70.0], [4521.7, 58194.0], [4521.65, 6321.0], [4521.6, 19065.0], [4521.55, 121608.0], [4521.5, 20055.0], [4521.45, 1302.0], [4521.4, 4893.0], [4521.25, 3809.0], [4521.2, 12696.0], [4520.9, 12732.0]], "asks": [[4522.95, 162994.0], [4523.0, 49281.0], [4523.05, 26400.0], [4523.1, 136252.0], [4523.3, 6850.0], [4523.4, 2502.0], [4523.45, 20008.0], [4523.5, 322.0], [4523.55, 1505.0], [4523.6, 5018.0], [4523.75, 10810.0], [4523.85, 17783.0], [4523.9, 20808.0], [4524.0, 10970.0], [4524.05, 31215.0], [4524.1, 12677.0], [4524.15, 20808.0], [4524.3, 13789.0], [4524.35, 2547.0], [4524.45, 50000.0]]}}}
{"jsonrpc": "2.0", "method": "subscription", "params": {"channel": "book.ETH-PERPETUAL.none.20.100ms", "data": {"timestamp": 1757653738546, "change_id": 86196502238, "instrument_name": "ETH-PERPETUAL", "bids": [[4522.9, 8121.0], [4522.4, 36.0], [4522.3, 6000.0], [4522.25, 20000.0], [4522.1, 3629.0], [4522.05, 12852.0], [4522.0, 45987.0], [4521.85, 38526.0], [4521.8, 132560.0], [4521.75, 70.0], [4521.7, 58194.0], [4521.65, 6321.0], [4521.6, 19065.0], [4521.55, 121608.0], [4521.5, 20055.0], [4521.45, 1302.0], [4521.4, 4893.0], [4521.25, 3809.0], [4521.2, 12696.0], [4521.0, 50000.0]], "asks": [[4522.95, 161511.0], [4523.0, 49281.0], [4523.05, 26400.0], [4523.1, 136252.0], [4523.3, 6850.0], [4523.4, 2502.0], [4523.45, 20008.0], [4523.5, 322.0], [4523.55, 1505.0], [4523.6, 5018.0], [4523.75, 10810.0], [4523.85, 17783.0], [4523.9, 20808.0], [4524.0, 10970.0], [4524.05, 31215.0], [4524.1, 12677.0], [4524.15, 20808.0], [4524.25, 19901.0], [4524.3, 13789.0], [4524.35, 2547.0]]}}}
{"jsonrpc": "2.0", "method": "subscription", "params": {"channel": "book.ETH-PERPETUAL.none.20.100ms", "data": {"timestamp": 1757653738891, "change_id": 86196502768, "instrument_name": "ETH-PERPETUAL", "bids": [[4522.9, 8121.0], [4522.4, 36.0], [4522.3, 6000.0], [4522.25, 20000.0], [4522.1, 3629.0], [4522.05, 12852.0], [4522.0, 45987.0], [4521.85, 38526.0], [4521.8, 132560.0], [4521.75, 70.0], [4521.7, 58194.0], [4521.65, 6321.0], [4521.6, 19065.0], [4521.55, 121608.0], [4521.5, 20055.0], [4521.45, 1302.0], [4521.4, 4893.0], [4521.25, 3809.0], [4521.2, 12696.0], [4521.0, 50000.0]], "asks": [[4522.95, 161248.0], [4523.0, 49281.0], [4523.05, 26400.0], [4523.1, 136252.0], [4523.4, 2502.0], [4523.5, 7830.0], [4523.55, 20008.0], [4523.6, 5018.0], [4523.75, 10810.0], [4523.85, 17783.0], [4523.9, 20808.0], [4524.0, 10970.0], [4524.05, 31215.0], [4524.1, 12677.0], [4524.15, 20808.0], [4524.25, 19901.0], [4524.3, 13789.0], [4524.35, 2547.0], [4524.45, 50000.0], [4524.65, 890.0]]}}}
{"jsonrpc": "2.0", "method": "subscription", "params": {"channel": "book.ETH-PERPETUAL.none.20.100ms", "data": {"timestamp": 1757653739222, "change_id": 86196503165, "instrument_name": "ETH-PERPETUAL", "bids": [[4522.9, 28211.0], [4522.5, 14439.0], [4522.45, 26400.0], [4522.4, 36.0], [4522.25, 25000.0], [4522.2, 7385.0], [4522.1, 3539.0], [4522.0, 20987.0], [4521.95, 6323.0], [4521.9, 2549.0], [4521.85, 38526.0], [4521.8, 132560.0], [4521.75, 70.0], [4521.7, 58194.0], [4521.65, 6321.0], [4521.6, 12742.0], [4521.55, 121608.0], [4521.5, 20055.0], [4521.45, 1302.0], [4521.4, 4893.0]], "asks": [[4522.95, 113970.0], [4523.0, 21792.0], [4523.05, 26400.0], [4523.25, 25000.0], [4523.35, 100.0], [4523.4, 2502.0], [4523.45, 6323.0], [4523.5, 1827.0], [4523.6, 5018.0], [4523.75, 11478.0], [4523.85, 20008.0], [4523.9, 20808.0], [4524.0, 10970.0], [4524.1, 12677.0], [4524.15, 20808.0], [4524.2, 17783.0], [4524.3, 12751.0], [4524.35, 2547.0], [4524.65, 890.0], [4524.75, 13704.0]]}}}
{"jsonrpc": "2.0", "method": "subscription", "params": {"channel": "book.ETH-PERPETUAL.none.20.100ms", "data": {"timestamp": 1757653739539, "change_id": 86196503560, "instrument_name": "ETH-PERPETUAL", "bids": [[4522.9, 28211.0], [4522.5, 14439.0], [4522.45, 26400.0], [4522.4, 36.0], [4522.25, 25000.0], [4522.2, 7385.0], [4522.1, 3539.0], [4522.0, 20987.0], [4521.95, 6323.0], [4521.9, 2549.0], [4521.85, 69726.0], [4521.8, 132560.0], [4521.75, 70.0], [4521.65, 6321.0], [4521.6, 49257.0], [4521.55, 121608.0], [4521.5, 1969.0], [4521.45, 1302.0], [4521.4, 4893.0], [4521.25, 3809.0]], "asks": [[4522.95, 250425.0], [4523.0, 21815.0], [4523.05, 26400.0], [4523.25, 25000.0], [4523.35, 2844.0], [4523.4, 2502.0], [4523.45, 6323.0], [4523.5, 1827.0], [4523.6, 5018.0], [4523.75, 15925.0], [4523.8, 5000.0], [4523.85, 32008.0], [4523.9, 20808.0], [4524.0, 10970.0], [4524.1, 12677.0], [4524.15, 20808.0], [4524.2, 17783.0], [4524.3, 12751.0], [4524.35, 2547.0], [4524.65, 890.0]]}}}
{"jsonrpc": "2.0", "method": "subscription", "params": {"channel": "book.ETH-PERPETUAL.none.20.100ms", "data": {"timestamp": 1757653739856, "change_id": 86196504004, "instrument_name": "ETH-PERPETUAL", "bids": [[4522.9, 35771.0], [4522.5, 14439.0], [4522.45, 26400.0], [4522.4, 36.0], [4522.25, 25000.0], [4522.2, 7385.0], [4522.1, 3539.0], [4522.0, 20987.0], [4521.95, 6323.0], [4521.9, 2549.0], [4521.85, 69726.0], [4521.8, 132560.0], [4521.75, 70.0], [4521.65, 6321.0], [4521.6, 49257.0], [4521.55, 121608.0], [4521.5, 1969.0], [4521.45, 1302.0], [4521.4, 4893.0], [4521.25, 3809.0]], "asks": [[4522.95, 250430.0], [4523.0, 24956.0], [4523.05, 26400.0], [4523.25, 25000.0], [4523.35, 2844.0], [4523.4, 2502.0], [4523.45, 6323.0], [4523.5, 1827.0], [4523.6, 5018.0], [4523.75, 15925.0], [4523.8, 5000.0], [4523.85, 12000.0], [4523.9, 20808.0], [4523.95, 20008.0], [4524.0, 10970.0], [4524.1, 12677.0], [4524.15, 20808.0], [4524.3, 30534.0], [4524.35, 2547.0], [4524.65, 890.0]]}}}
{"jsonrpc": "2.0", "method": "subscription", "params": {"channel": "book.ETH-PERPETUAL.none.20.100ms", "data": {"timestamp": 1757653740200, "change_id": 86196504378, "instrument_name": "ETH-PERPETUAL", "bids": [[4522.9, 28211.0], [4522.4, 36.0], [4522.2, 13935.0], [4522.1, 3539.0], [4522.0, 45987.0], [4521.95, 6323.0], [4521.9, 2549.0], [4521.85, 69726.0], [4521.8, 132560.0], [4521.75, 70.0], [4521.65, 6321.0], [4521.6, 49257.0], [4521.55, 121608.0], [4521.5, 1969.0], [4521.45, 1302.0], [4521.4, 4893.0], [4521.25, 3809.0], [4521.2, 12696.0], [4520.9, 12732.0], [4520.85, 16695.0]], "asks": [[4522.95, 254490.0], [4523.0, 5000.0], [4523.05, 7500.0], [4523.1, 25000.0], [4523.35, 4001.0], [4523.4, 2502.0], [4523.45, 6323.0], [4523.5, 6827.0], [4523.6, 5018.0], [4523.75, 15925.0], [4523.8, 20008.0], [4523.85, 12000.0], [4523.9, 20808.0], [4524.0, 10970.0], [4524.1, 12677.0], [4524.15, 20808.0], [4524.25, 17783.0], [4524.3, 12751.0], [4524.35, 2547.0], [4524.65, 890.0]]}}}
{"jsonrpc": "2.0", "method": "subscription", "params": {"channel": "book.ETH-PERPETUAL.none.20.100ms", "data": {"timestamp": 1757653740545, "change_id": 86196504742, "instrument_name": "ETH-PERPETUAL", "bids": [[4522.9, 8121.0], [4522.55, 90.0], [4522.5, 6011.0], [4522.45, 20000.0], [4522.4, 36.0], [4522.2, 13935.0], [4522.1, 3539.0], [4522.0, 45987.0], [4521.95, 6323.0], [4521.85, 69726.0], [4521.8, 132560.0], [4521.75, 70.0], [4521.65, 6321.0], [4521.6, 49257.0], [4521.55, 121608.0], [4521.5, 1969.0], [4521.45, 1302.0], [4521.4, 4893.0], [4521.25, 3809.0], [4521.2, 12696.0]], "asks": [[4522.95, 254502.0], [4523.0, 30000.0], [4523.35, 7456.0], [4523.4, 2502.0], [4523.45, 6323.0], [4523.5, 24642.0], [4523.55, 20008.0], [4523.6, 5018.0], [4523.8, 13960.0], [4523.9, 20808.0], [4523.95, 17783.0], [4524.0, 10970.0], [4524.1, 12677.0], [4524.15, 20808.0], [4524.3, 28515.0], [4524.35, 2547.0], [4524.45, 50000.0], [4524.65, 890.0], [4524.75, 12732.0], [4524.95, 23113.0]]}}}
{"jsonrpc": "2.0", "method": "subscription", "params": {"channel": "book.ETH-PERPETUAL.none.20.100ms", "data": {"timestamp": 1757653740845, "change_id": 86196505176, "instrument_name": "ETH-PERPETUAL", "bids": [[4522.9, 8121.0], [4522.55, 90.0], [4522.5, 6011.0], [4522.45, 20000.0], [4522.4, 36.0], [4522.2, 13935.0], [4522.1, 3539.0], [4522.0, 45987.0], [4521.95, 6323.0], [4521.85, 69726.0], [4521.8, 132560.0], [4521.75, 70.0], [4521.65, 6321.0], [4521.6, 49257.0], [4521.55, 121608.0], [4521.5, 1969.0], [4521.45, 1302.0], [4521.4, 4893.0], [4521.25, 3809.0], [4521.2, 12696.0]], "asks": [[4522.95, 267929.0], [4523.0, 30000.0], [4523.35, 2744.0], [4523.4, 2502.0], [4523.45, 6323.0], [4523.5, 7642.0], [4523.55, 20008.0], [4523.6, 5018.0], [4523.8, 13960.0], [4523.9, 20808.0], [4523.95, 17783.0], [4524.0, 10970.0], [4524.1, 12677.0], [4524.15, 20808.0], [4524.3, 28515.0], [4524.35, 2547.0], [4524.45, 50000.0], [4524.65, 890.0], [4524.75, 12732.0], [4524.95, 23113.0]]}}}
{"jsonrpc": "2.0", "method": "subscription", "params": {"channel": "book.ETH-PERPETUAL.none.20.100ms", "data": {"timestamp": 1757653741199, "change_id": 86196505527, "instrument_name": "ETH-PERPETUAL", "bids": [[4522.9, 8121.0], [4522.55, 90.0], [4522.5, 6011.0], [4522.45, 20000.0], [4522.4, 8.0], [4522.2, 13935.0], [4522.1, 3539.0], [4522.0, 45878.0], [4521.95, 6323.0], [4521.85, 69726.0], [4521.8, 132560.0], [4521.75, 70.0], [4521.65, 6321.0], [4521.6, 49257.0], [4521.55, 121608.0], [4521.5, 1859.0], [4521.45, 1302.0], [4521.4, 4893.0], [4521.25, 3809.0], [4521.2, 12696.0]], "asks": [[4522.95, 271406.0], [4523.0, 30000.0], [4523.35, 2744.0], [4523.4, 2502.0], [4523.45, 6323.0], [4523.5, 7451.0], [4523.55, 20008.0], [4523.6, 5018.0], [4523.8, 13960.0], [4523.9, 20808.0], [4523.95, 17783.0], [4524.0, 10970.0], [4524.1, 12677.0], [4524.15, 20808.0], [4524.3, 28515.0], [4524.35, 2547.0], [4524.45, 50000.0], [4524.65, 890.0], [4524.75, 12732.0], [4524.95, 23113.0]]}}}
{"jsonrpc": "2.0", "method": "subscription", "params": {"channel": "book.ETH-PERPETUAL.none.20.100ms", "data": {"timestamp": 1757653741493, "change_id": 86196505841, "instrument_name": "ETH-PERPETUAL", "bids": [[4522.9, 8121.0], [4522.55, 90.0], [4522.5, 6011.0], [4522.45, 20000.0], [4522.4, 8.0], [4522.2, 13935.0], [4522.1, 3539.0], [4522.0, 45878.0], [4521.95, 6323.0], [4521.85, 69726.0], [4521.8, 132560.0], [4521.75, 70.0], [4521.65, 6321.0], [4521.6, 49257.0], [4521.55, 121608.0], [4521.5, 1859.0], [4521.45, 1302.0], [4521.4, 4893.0], [4521.25, 3809.0], [4521.2, 12696.0]], "asks": [[4522.95, 269240.0], [4523.0, 30000.0], [4523.35, 2744.0], [4523.4, 2502.0], [4523.45, 6323.0], [4523.5, 7451.0], [4523.55, 20008.0], [4523.6, 5018.0], [4523.8, 13960.0], [4523.9, 20808.0], [4523.95, 17783.0], [4524.0, 10970.0], [4524.1, 12677.0], [4524.15, 20808.0], [4524.3, 12751.0], [4524.35, 2547.0], [4524.45, 50000.0], [4524.65, 890.0], [4524.75, 12732.0], [4524.95, 23113.0]]}}}
{"jsonrpc": "2.0", "method": "subscription", "params": {"channel": "book.ETH-PERPETUAL.none.20.100ms", "data": {"timestamp": 1757653741867, "change_id": 86196506331, "instrument_name": "ETH-PERPETUAL", "bids": [[4522.9, 8121.0], [4522.55, 90.0], [4522.5, 6011.0], [4522.45, 20000.0], [4522.4, 8.0], [4522.2, 13935.0], [4522.1, 3539.0], [4522.0, 45878.0], [4521.95, 6323.0], [4521.85, 69726.0], [4521.8, 132560.0], [4521.75, 70.0], [4521.65, 6321.0], [4521.6, 49257.0], [4521.55, 121608.0], [4521.5, 1859.0], [4521.45, 1302.0], [4521.4, 4893.0], [4521.25, 18333.0], [4521.2, 12696.0]], "asks": [[4522.95, 268811.0], [4523.0, 5000.0], [4523.2, 7500.0], [4523.25, 25000.0], [4523.35, 2744.0], [4523.4, 2502.0], [4523.45, 6323.0], [4523.5, 7451.0], [4523.55, 20008.0], [4523.6, 5018.0], [4523.8, 5745.0], [4523.9, 20808.0], [4524.0, 10970.0], [4524.05, 17783.0], [4524.1, 12677.0], [4524.15, 20808.0], [4524.3, 12751.0], [4524.35, 2547.0], [4524.45, 50000.0], [4524.65, 890.0]]}}}
{"jsonrpc": "2.0", "method": "subscription", "params": {"channel": "book.ETH-PERPETUAL.none.20.100ms", "data": {"timestamp": 1757653742191, "change_id": 86196506652, "instrument_name": "ETH-PERPETUAL", "bids": [[4522.9, 8121.0], [4522.45, 6002.0], [4522.4, 20008.0], [4522.2, 13992.0], [4522.15, 25000.0], [4522.1, 3539.0], [4522.0, 20878.0], [4521.95, 6323.0], [4521.85, 69726.0], [4521.8, 132560.0], [4521.75, 70.0], [4521.65, 6321.0], [4521.6, 49257.0], [4521.55, 121608.0], [4521.5, 1859.0], [4521.45, 1302.0], [4521.4, 4893.0], [4521.25, 18333.0], [4521.2, 12696.0], [4521.0, 50000.0]], "asks": [[4522.95, 283053.0], [4523.0, 18160.0], [4523.05, 6323.0], [4523.1, 25000.0], [4523.4, 2502.0], [4523.5, 7451.0], [4523.55, 20008.0], [4523.6, 5018.0], [4523.8, 10874.0], [4523.9, 20808.0], [4523.95, 17783.0], [4524.0, 10970.0], [4524.1, 12677.0], [4524.15, 20808.0], [4524.3, 12751.0], [4524.35, 103347.0], [4524.45, 50000.0], [4524.65, 890.0], [4524.75, 12732.0], [4524.95, 23113.0]]}}}
{"jsonrpc": "2.0", "method": "subscription", "params": {"channel": "book.ETH-PERPETUAL.none.20.100ms", "data": {"timestamp": 1757653742515, "change_id": 86196506987, "instrument_name": "ETH-PERPETUAL", "bids": [[4522.9, 8081.0], [4522.4, 20008.0], [4522.2, 7475.0], [4522.1, 3539.0], [4522.0, 20878.0], [4521.9, 25000.0], [4521.85, 69726.0], [4521.8, 132560.0], [4521.75, 70.0], [4521.65, 6321.0], [4521.6, 55580.0], [4521.55, 121608.0], [4521.5, 1859.0], [4521.45, 1302.0], [4521.4, 4893.0], [4521.25, 3809.0], [4521.2, 12696.0], [4521.0, 50000.0], [4520.9, 12732.0], [4520.75, 2594.0]], "asks": [[4522.95, 287649.0], [4523.0, 14160.0], [4523.05, 6323.0], [4523.1, 25000.0], [4523.35, 6792.0], [4523.4, 2502.0], [4523.45, 20008.0], [4523.5, 1636.0], [4523.6, 5018.0], [4523.8, 10874.0], [4523.9, 20808.0], [4523.95, 17783.0], [4524.0, 10970.0], [4524.1, 12677.0], [4524.15, 20808.0], [4524.3, 12751.0], [4524.35, 103347.0], [4524.45, 50000.0], [4524.65, 890.0], [4524.75, 12732.0]]}}}
{"jsonrpc": "2.0", "method": "subscription", "params": {"channel": "book.ETH-PERPETUAL.none.20.100ms", "data": {"timestamp": 1757653742806, "change_id": 86196507395, "instrument_name": "ETH-PERPETUAL", "bids": [[4522.9, 8081.0], [4522.4, 20008.0], [4522.2, 7475.0], [4522.1, 3539.0], [4522.0, 20878.0], [4521.9, 25000.0], [4521.85, 38526.0], [4521.8, 132560.0], [4521.75, 70.0], [4521.65, 6321.0], [4521.6, 55580.0], [4521.55, 121608.0], [4521.5, 1859.0], [4521.45, 1302.0], [4521.4, 4893.0], [4521.25, 18333.0], [4521.2, 12696.0], [4521.0, 50000.0], [4520.9, 12732.0], [4520.75, 2594.0]], "asks": [[4522.95, 271479.0], [4523.0, 14160.0], [4523.05, 6323.0], [4523.1, 25000.0], [4523.25, 6792.0], [4523.35, 20008.0], [4523.4, 2502.0], [4523.5, 131.0], [4523.8, 10874.0], [4523.9, 20808.0], [4523.95, 17783.0], [4524.0, 10970.0], [4524.1, 12677.0], [4524.15, 20808.0], [4524.3, 58755.0], [4524.35, 103347.0], [4524.45, 50000.0], [4524.65, 890.0], [4524.75, 12732.0], [4524.95, 23113.0]]}}}
{"jsonrpc": "2.0", "method": "subscription", "params": {"channel": "book.ETH-PERPETUAL.none.20.100ms", "data": {"timestamp": 1757653743186, "change_id": 86196507744, "instrument_name": "ETH-PERPETUAL", "bids": [[4522.9, 8081.0], [4522.4, 20008.0], [4522.2, 7475.0], [4522.1, 3539.0], [4522.0, 20988.0], [4521.9, 25000.0], [4521.85, 38526.0], [4521.8, 132560.0], [4521.75, 70.0], [4521.65, 6321.0], [4521.6, 55580.0], [4521.55, 121608.0], [4521.5, 1859.0], [4521.45, 1302.0], [4521.4, 4893.0], [4521.25, 3809.0], [4521.2, 12696.0], [4520.9, 12732.0], [4520.75, 2594.0], [4520.7, 59497.0]], "asks": [[4522.95, 271904.0], [4523.0, 14160.0], [4523.05, 6323.0], [4523.1, 25000.0], [4523.25, 6792.0], [4523.35, 20008.0], [4523.4, 2502.0], [4523.5, 131.0], [4523.8, 10874.0], [4523.9, 20808.0], [4523.95, 17783.0], [4524.0, 10970.0], [4524.1, 12677.0], [4524.15, 20808.0], [4524.3, 58755.0], [4524.35, 103347.0], [4524.45, 50000.0], [4524.65, 890.0], [4524.75, 12732.0], [4524.95, 23113.0]]}}}
{"jsonrpc": "2.0", "method": "subscription", "params": {"channel": "book.ETH-PERPETUAL.none.20.100ms", "data": {"timestamp": 1757653743490, "change_id": 86196508032, "instrument_name": "ETH-PERPETUAL", "bids": [[4522.9, 8081.0], [4522.4, 20008.0], [4522.2, 14025.0], [4522.1, 3539.0], [4522.0, 45988.0], [4521.85, 38526.0], [4521.8, 132560.0], [4521.75, 70.0], [4521.65, 6321.0], [4521.6, 55580.0], [4521.55, 121608.0], [4521.5, 1859.0], [4521.45, 1302.0], [4521.4, 4893.0], [4521.25, 3809.0], [4521.2, 12696.0], [4521.0, 50000.0], [4520.9, 12732.0], [4520.75, 2812.0], [4520.7, 59497.0]], "asks": [[4522.95, 271832.0], [4523.0, 14160.0], [4523.05, 6323.0], [4523.1, 25000.0], [4523.25, 6792.0], [4523.35, 20008.0], [4523.4, 2502.0], [4523.5, 131.0], [4523.8, 10874.0], [4523.9, 20808.0], [4523.95, 17783.0], [4524.0, 10970.0], [4524.1, 12677.0], [4524.15, 20808.0], [4524.3, 58755.0], [4524.35, 103347.0], [4524.45, 50000.0], [4524.65, 890.0], [4524.75, 12732.0], [4524.95, 23113.0]]}}}
{"jsonrpc": "2.0", "method": "subscription", "params": {"channel": "book.ETH-PERPETUAL.none.20.100ms", "data": {"timestamp": 1757653743758, "change_id": 86196508248, "instrument_name": "ETH-PERPETUAL", "bids": [[4522.9, 8121.0], [4522.45, 6002.0], [4522.4, 20008.0], [4522.2, 14025.0], [4522.1, 3539.0], [4522.0, 45988.0], [4521.85, 38526.0], [4521.8, 132560.0], [4521.75, 70.0], [4521.65, 6321.0], [4521.6, 55580.0], [4521.55, 121608.0], [4521.5, 1859.0], [4521.45, 1302.0], [4521.4, 4893.0], [4521.25, 3809.0], [4521.2, 12696.0], [4520.9, 12732.0], [4520.75, 23368.0], [4520.7, 55647.0]], "asks": [[4522.95, 271572.0], [4523.0, 14160.0], [4523.05, 6323.0], [4523.1, 25000.0], [4523.4, 2502.0], [4523.5, 131.0], [4523.7, 6002.0], [4523.75, 20008.0], [4523.8, 10874.0], [4523.9, 20808.0], [4523.95, 17783.0], [4524.0, 10970.0], [4524.1, 12677.0], [4524.15, 20808.0], [4524.3, 58755.0], [4524.35, 103347.0], [4524.45, 50000.0], [4524.65, 890.0], [4524.75, 12732.0], [4524.9, 27217.0]]}}}
{"jsonrpc": "2.0", "method": "subscription", "params": {"channel": "book.ETH-PERPETUAL.none.20.100ms", "data": {"timestamp": 1757653744166, "change_id": 86196508782, "instrument_name": "ETH-PERPETUAL", "bids": [[4522.9, 8121.0], [4522.4, 20008.0], [4522.2, 14025.0], [4522.1, 3539.0], [4522.0, 45988.0], [4521.85, 38526.0], [4521.8, 132560.0], [4521.75, 70.0], [4521.65, 6321.0], [4521.6, 55580.0], [4521.55, 121608.0], [4521.5, 1969.0], [4521.45, 1302.0], [4521.4, 4893.0], [4521.25, 3809.0], [4521.2, 12696.0], [4520.9, 12732.0], [4520.75, 2812.0], [4520.65, 12832.0], [4520.55, 2.0]], "asks": [[4522.95, 271554.0], [4523.0, 14160.0], [4523.05, 6323.0], [4523.1, 25000.0], [4523.3, 6792.0], [4523.35, 20008.0], [4523.4, 2502.0], [4523.5, 131.0], [4523.8, 10874.0], [4523.9, 20808.0], [4523.95, 17783.0], [4524.0, 10970.0], [4524.1, 12677.0], [4524.15, 20808.0], [4524.3, 58755.0], [4524.35, 103347.0], [4524.45, 50000.0], [4524.65, 890.0], [4524.75, 12732.0], [4524.95, 23113.0]]}}}
{"jsonrpc": "2.0", "method": "subscription", "params": {"channel": "book.ETH-PERPETUAL.none.20.100ms", "data": {"timestamp": 1757653744416, "change_id": 86196508893, "instrument_name": "ETH-PERPETUAL", "bids": [[4522.9, 8121.0], [4522.5, 50.0], [4522.45, 6002.0], [4522.4, 20008.0], [4522.2, 14025.0], [4522.1, 3539.0], [4522.0, 45988.0], [4521.85, 38526.0], [4521.8, 132560.0], [4521.75, 70.0], [4521.65, 6321.0], [4521.6, 55580.0], [4521.55, 121608.0], [4521.5, 1969.0], [4521.45, 1302.0], [4521.4, 4893.0], [4521.25, 3809.0], [4521.2, 12696.0], [4520.9, 12732.0], [4520.75, 2812.0]], "asks": [[4522.95, 271554.0], [4523.0, 14160.0], [4523.05, 6323.0], [4523.1, 25000.0], [4523.4, 2502.0], [4523.5, 6133.0], [4523.55, 20008.0], [4523.8, 10874.0], [4523.9, 20808.0], [4523.95, 17783.0], [4524.0, 10970.0], [4524.1, 12677.0], [4524.15, 20808.0], [4524.3, 58755.0], [4524.35, 103347.0], [4524.45, 50000.0], [4524.65, 890.0], [4524.75, 12732.0], [4524.8, 54795.0], [4524.95, 23113.0]]}}}
{"jsonrpc": "2.0", "method": "subscription", "params": {"channel": "book.ETH-PERPETUAL.none.20.100ms", "data": {"timestamp": 1757653744844, "change_id": 86196509455, "instrument_name": "ETH-PERPETUAL", "bids": [[4522.9, 8121.0], [4522.5, 50.0], [4522.45, 6002.0], [4522.4, 20008.0], [4522.2, 14025.0], [4522.1, 3539.0], [4522.0, 45988.0], [4521.85, 38526.0], [4521.8, 132560.0], [4521.75, 70.0], [4521.65, 6321.0], [4521.6, 55580.0], [4521.55, 121608.0], [4521.5, 1969.0], [4521.45, 1302.0], [4521.4, 4893.0], [4521.25, 3809.0], [4521.2, 12696.0], [4521.0, 50000.0], [4520.9, 12732.0]], "asks": [[4522.95, 271870.0], [4523.0, 6897.0], [4523.05, 6323.0], [4523.4, 10092.0], [4523.45, 25000.0], [4523.5, 6302.0], [4523.55, 20008.0], [4523.8, 10874.0], [4523.9, 20808.0], [4523.95, 17783.0], [4524.0, 10970.0], [4524.1, 12677.0], [4524.15, 20808.0], [4524.3, 58755.0], [4524.35, 103347.0], [4524.45, 50000.0], [4524.65, 890.0], [4524.75, 39964.0], [4524.8, 54795.0], [4524.95, 23113.0]]}}}
{"jsonrpc": "2.0", "method": "subscription", "params": {"channel": "book.ETH-PERPETUAL.none.20.100ms", "data": {"timestamp": 1757653745164, "change_id": 86196509918, "instrument_name": "ETH-PERPETUAL", "bids": [[4522.9, 8121.0], [4522.5, 50.0], [4522.4, 20008.0], [4522.2, 1206.0], [4522.1, 3539.0], [4522.0, 180.0], [4521.85, 63526.0], [4521.8, 132560.0], [4521.75, 70.0], [4521.65, 12644.0], [4521.6, 49257.0], [4521.55, 121608.0], [4521.5, 1969.0], [4521.45, 1302.0], [4521.4, 4893.0], [4521.25, 3809.0], [4521.2, 12696.0], [4520.9, 12732.0], [4520.75, 2812.0], [4520.7, 53495.0]], "asks": [[4522.95, 275843.0], [4523.0, 14160.0], [4523.05, 6323.0], [4523.15, 25000.0], [4523.4, 2502.0], [4523.5, 300.0], [4523.7, 6002.0], [4523.75, 20008.0], [4523.8, 10874.0], [4523.9, 20808.0], [4523.95, 17783.0], [4524.0, 10970.0], [4524.1, 12677.0], [4524.15, 20808.0], [4524.3, 58755.0], [4524.35, 103347.0], [4524.45, 50000.0], [4524.65, 890.0], [4524.75, 39964.0], [4524.8, 54795.0]]}}}
{"jsonrpc": "2.0", "method": "subscription", "params": {"channel": "book.ETH-PERPETUAL.none.20.100ms", "data": {"timestamp": 1757653745475, "change_id": 86196510243, "instrument_name": "ETH-PERPETUAL", "bids": [[4522.9, 8121.0], [4522.5, 50.0], [4522.4, 20008.0], [4522.2, 7309.0], [4522.1, 3539.0], [4522.0, 20988.0], [4521.95, 25000.0], [4521.85, 38526.0], [4521.8, 132560.0], [4521.75, 70.0], [4521.65, 12644.0], [4521.6, 49257.0], [4521.55, 121608.0], [4521.5, 1969.0], [4521.45, 1302.0], [4521.4, 4893.0], [4521.25, 3809.0], [4521.2, 12696.0], [4520.9, 12732.0], [4520.75, 2812.0]], "asks": [[4522.95, 276780.0], [4523.0, 6897.0], [4523.05, 6323.0], [4523.3, 13300.0], [4523.35, 20008.0], [4523.4, 27502.0], [4523.5, 300.0], [4523.8, 10874.0], [4523.9, 20808.0], [4523.95, 17783.0], [4524.0, 10970.0], [4524.1, 12677.0], [4524.15, 21846.0], [4524.3, 58755.0], [4524.35, 103347.0], [4524.45, 50000.0], [4524.5, 971.0], [4524.65, 890.0], [4524.75, 39964.0], [4524.8, 54795.0]]}}}
{"jsonrpc": "2.0", "method": "subscription", "params": {"channel": "book.ETH-PERPETUAL.none.20.100ms", "data": {"timestamp": 1757653745837, "change_id": 86196510800, "instrument_name": "ETH-PERPETUAL", "bids": [[4522.9, 267.0], [4522.5, 50.0], [4522.4, 8.0], [4522.1, 3539.0], [4522.0, 180.0], [4521.85, 10191.0], [4521.8, 33600.0], [4521.75, 40136.0], [4521.7, 20000.0], [4521.55, 100800.0], [4521.5, 8582.0], [4521.45, 26302.0], [4521.4, 1005.0], [4521.25, 24656.0], [4521.2, 12696.0], [4521.0, 50000.0], [4520.9, 12732.0], [4520.75, 2812.0], [4520.65, 12832.0], [4520.55, 2.0]], "asks": [[4522.95, 301441.0], [4523.0, 6897.0], [4523.05, 6323.0], [4523.3, 6843.0], [4523.35, 20008.0], [4523.4, 2502.0], [4523.5, 300.0], [4523.6, 5335.0], [4523.65, 17783.0], [4523.8, 5745.0], [4523.9, 20808.0], [4524.0, 10970.0], [4524.1, 12677.0], [4524.15, 21846.0], [4524.3, 58755.0], [4524.35, 103347.0], [4524.45, 50000.0], [4524.5, 971.0], [4524.65, 890.0], [4524.7, 3820.0]]}}}
{"jsonrpc": "2.0", "method": "subscription", "params": {"channel": "book.ETH-PERPETUAL.none.20.100ms", "data": {"timestamp": 1757653746163, "change_id": 86196511812, "instrument_name": "ETH-PERPETUAL", "bids": [[4522.5, 50.0], [4522.4, 8.0], [4522.1, 3539.0], [4522.0, 180.0], [4521.85, 10191.0], [4521.8, 33600.0], [4521.75, 40136.0], [4521.7, 20000.0], [4521.55, 100800.0], [4521.5, 47957.0], [4521.45, 25000.0], [4521.4, 131710.0], [4521.3, 6310.0], [4521.25, 9575.0], [4521.2, 33504.0], [4521.05, 6323.0], [4521.0, 10906.0], [4520.95, 20808.0], [4520.9, 12732.0], [4520.85, 1302.0]], "asks": [[4522.55, 279924.0], [4522.6, 39923.0], [4522.7, 7860.0], [4522.75, 64966.0], [4522.8, 26400.0], [4522.9, 46408.0], [4522.95, 29255.0], [4523.3, 7083.0], [4523.4, 2502.0], [4523.5, 38472.0], [4523.55, 17783.0], [4523.65, 31213.0], [4523.75, 12695.0], [4523.8, 18373.0], [4523.9, 20808.0], [4524.0, 50.0], [4524.15, 51038.0], [4524.2, 17981.0], [4524.3, 12751.0], [4524.35, 103347.0]]}}}
