{"jsonrpc": "2.0", "id": 1, "result": ["book.ETH-PERPETUAL.none.20.100ms"], "usIn": 1745420925452651, "usOut": 1745420925452923, "usDiff": 272, "testnet": false}
{"jsonrpc": "2.0", "method": "subscription", "params": {"channel": "book.ETH-PERPETUAL.none.20.100ms", "data": {"timestamp": 1745420925430, "change_id": 66501187637, "instrument_name": "ETH-PERPETUAL", "bids": [[1789.85, 11013.0], [1789.75, 11900.0], [1789.7, 31096.0], [1789.65, 2900.0], [1789.6, 7556.0], [1789.55, 14587.0], [1789.5, 8998.0], [1789.45, 2900.0], [1789.4, 5784.0], [1789.35, 13996.0], [1789.3, 6138.0], [1789.25, 60.0], [1789.2, 6043.0], [1789.15, 14439.0], [1789.1, 6138.0], [1789.05, 3066.0], [1789.0, 24282.0], [1788.95, 50952.0], [1788.9, 14999.0], [1788.85, 44625.0]], "asks": [[1789.9, 206.0], [1790.1, 2639.0], [1790.15, 6038.0], [1790.2, 3536.0], [1790.25, 11787.0], [1790.3, 3035.0], [1790.35, 6127.0], [1790.4, 10260.0], [1790.45, 7997.0], [1790.5, 2706.0], [1790.55, 1709.0], [1790.6, 8264.0], [1790.65, 7636.0], [1790.7, 15715.0], [1790.75, 1609.0], [1790.8, 17523.0], [1790.85, 66711.0], [1790.9, 17815.0], [1790.95, 13709.0], [1791.0, 70485.0]]}}}
{"jsonrpc": "2.0", "method": "subscription", "params": {"channel": "book.ETH-PERPETUAL.none.20.100ms", "data": {"timestamp": 1745420925634, "change_id": 66501187769, "instrument_name": "ETH-PERPETUAL", "bids": [[1789.85, 3172.0], [1789.75, 11900.0], [1789.7, 31096.0], [1789.65, 2900.0], [1789.6, 7556.0], [1789.55, 14587.0], [1789.5, 8998.0], [1789.45, 2900.0], [1789.4, 5784.0], [1789.35, 13996.0], [1789.3, 6138.0], [1789.25, 60.0], [1789.2, 6043.0], [1789.15, 2594.0], [1789.1, 17983.0], [1789.05, 3066.0], [1789.0, 24282.0], [1788.95, 50952.0], [1788.9, 14999.0], [1788.85, 44625.0]], "asks": [[1789.9, 606.0], [1790.1, 2639.0], [1790.15, 6038.0], [1790.2, 3536.0], [1790.25, 11787.0], [1790.3, 3035.0], [1790.35, 6127.0], [1790.4, 10260.0], [1790.45, 7997.0], [1790.5, 2706.0], [1790.55, 1709.0], [1790.6, 8264.0], [1790.65, 7636.0], [1790.7, 15715.0], [1790.75, 1609.0], [1790.8, 17523.0], [1790.85, 66711.0], [1790.9, 17815.0], [1790.95, 13709.0], [1791.0, 70485.0]]}}}
{"jsonrpc": "2.0", "method": "subscription", "params": {"channel": "book.ETH-PERPETUAL.none.20.100ms", "data": {"timestamp": 1745420925978, "change_id": 66501188276, "instrument_name": "ETH-PERPETUAL", "bids": [[1789.85, 40.0], [1789.8, 2900.0], [1789.75, 11900.0], [1789.7, 31096.0], [1789.65, 2900.0], [1789.6, 7556.0], [1789.55, 14587.0], [1789.5, 6038.0], [1789.45, 2900.0], [1789.4, 1811.0], [1789.3, 10385.0], [1789.25, 14056.0], [1789.2, 1941.0], [1789.15, 2594.0], [1789.1, 11846.0], [1789.05, 1291.0], [1789.0, 36127.0], [1788.95, 50952.0], [1788.9, 15059.0], [1788.85, 44625.0]], "asks": [[1789.9, 12244.0], [1790.1, 3674.0], [1790.15, 6038.0], [1790.2, 6436.0], [1790.25, 11787.0], [1790.3, 3035.0], [1790.35, 6127.0], [1790.4, 10260.0], [1790.45, 7997.0], [1790.5, 7903.0], [1790.55, 15715.0], [1790.6, 7619.0], [1790.65, 7636.0], [1790.7, 13565.0], [1790.75, 1609.0], [1790.8, 17523.0], [1790.85, 52261.0], [1790.9, 17815.0], [1790.95, 13709.0], [1791.0, 70485.0]]}}}
{"jsonrpc": "2.0", "method": "subscription", "params": {"channel": "book.ETH-PERPETUAL.none.20.100ms", "data": {"timestamp": 1745420926259, "change_id": 66501188544, "instrument_name": "ETH-PERPETUAL", "bids": [[1789.85, 40.0], [1789.8, 2900.0], [1789.75, 2900.0], [1789.7, 1096.0], [1789.65, 2900.0], [1789.6, 5129.0], [1789.55, 14587.0], [1789.45, 2900.0], [1789.4, 1811.0], [1789.3, 10385.0], [1789.25, 14056.0], [1789.2, 6043.0], [1789.15, 2594.0], [1789.1, 17983.0], [1789.05, 1291.0], [1789.0, 20391.0], [1788.95, 50952.0], [1788.9, 15059.0], [1788.85, 44625.0], [1788.8, 6069.0]], "asks": [[1789.9, 20717.0], [1790.1, 3674.0], [1790.15, 6038.0], [1790.2, 6436.0], [1790.25, 11787.0], [1790.3, 3035.0], [1790.35, 6127.0], [1790.4, 10260.0], [1790.45, 7997.0], [1790.5, 2706.0], [1790.55, 1709.0], [1790.6, 8950.0], [1790.65, 21642.0], [1790.7, 8873.0], [1790.75, 13465.0], [1790.8, 17523.0], [1790.85, 52261.0], [1790.9, 17815.0], [1790.95, 13709.0], [1791.0, 70485.0]]}}}
{"jsonrpc": "2.0", "method": "subscription", "params": {"channel": "book.ETH-PERPETUAL.none.20.100ms", "data": {"timestamp": 1745420926562, "change_id": 66501188684, "instrument_name": "ETH-PERPETUAL", "bids": [[1789.85, 40.0], [1789.8, 2900.0], [1789.75, 3132.0], [1789.7, 1096.0], [1789.65, 2900.0], [1789.6, 5129.0], [1789.55, 14587.0], [1789.45, 2900.0], [1789.4, 1911.0], [1789.3, 10385.0], [1789.25, 14056.0], [1789.2, 1941.0], [1789.15, 2594.0], [1789.1, 10679.0], [1789.05, 13136.0], [1789.0, 2000.0], [1788.95, 100.0], [1788.9, 15059.0], [1788.85, 44625.0], [1788.8, 6069.0]], "asks": [[1789.9, 12644.0], [1790.1, 3674.0], [1790.15, 6038.0], [1790.2, 6436.0], [1790.25, 16787.0], [1790.3, 3035.0], [1790.35, 6127.0], [1790.4, 10260.0], [1790.45, 7997.0], [1790.5, 2706.0], [1790.55, 1709.0], [1790.6, 8950.0], [1790.65, 21642.0], [1790.7, 8873.0], [1790.75, 1609.0], [1790.8, 29379.0], [1790.85, 52261.0], [1790.9, 17815.0], [1790.95, 13709.0], [1791.0, 54413.0]]}}}
{"jsonrpc": "2.0", "method": "subscription", "params": {"channel": "book.ETH-PERPETUAL.none.20.100ms", "data": {"timestamp": 1745420926952, "change_id": 66501189034, "instrument_name": "ETH-PERPETUAL", "bids": [[1789.85, 40.0], [1789.8, 2900.0], [1789.75, 2900.0], [1789.7, 3640.0], [1789.65, 8938.0], [1789.6, 8029.0], [1789.55, 11687.0], [1789.45, 2900.0], [1789.4, 5914.0], [1789.35, 13996.0], [1789.3, 6138.0], [1789.25, 60.0], [1789.2, 6043.0], [1789.15, 2594.0], [1789.1, 17983.0], [1789.05, 1291.0], [1789.0, 2000.0], [1788.95, 100.0], [1788.9, 15059.0], [1788.85, 44625.0]], "asks": [[1789.9, 606.0], [1790.1, 4983.0], [1790.15, 6038.0], [1790.2, 6436.0], [1790.25, 16787.0], [1790.3, 3035.0], [1790.35, 6127.0], [1790.4, 12859.0], [1790.45, 7997.0], [1790.5, 12706.0], [1790.55, 1709.0], [1790.6, 8950.0], [1790.65, 21642.0], [1790.7, 8873.0], [1790.75, 1609.0], [1790.8, 29379.0], [1790.85, 52261.0], [1790.9, 17815.0], [1790.95, 13709.0], [1791.0, 70802.0]]}}}
{"jsonrpc": "2.0", "method": "subscription", "params": {"channel": "book.ETH-PERPETUAL.none.20.100ms", "data": {"timestamp": 1745420927303, "change_id": 66501189438, "instrument_name": "ETH-PERPETUAL", "bids": [[1789.85, 1349.0], [1789.8, 2900.0], [1789.75, 3132.0], [1789.7, 3640.0], [1789.65, 8938.0], [1789.6, 8029.0], [1789.55, 11687.0], [1789.45, 2900.0], [1789.4, 1911.0], [1789.3, 13003.0], [1789.25, 14056.0], [1789.2, 1941.0], [1789.1, 10679.0], [1789.05, 13136.0], [1789.0, 5927.0], [1788.95, 100.0], [1788.9, 15059.0], [1788.85, 44625.0], [1788.8, 52995.0], [1788.75, 52401.0]], "asks": [[1789.9, 206.0], [1790.1, 3674.0], [1790.15, 6038.0], [1790.2, 6436.0], [1790.25, 16787.0], [1790.3, 3035.0], [1790.35, 6127.0], [1790.4, 12859.0], [1790.45, 7997.0], [1790.5, 12706.0], [1790.55, 1709.0], [1790.6, 8950.0], [1790.65, 21642.0], [1790.7, 8873.0], [1790.75, 13465.0], [1790.8, 17523.0], [1790.85, 52261.0], [1790.9, 17815.0], [1790.95, 13709.0], [1791.0, 70802.0]]}}}
{"jsonrpc": "2.0", "method": "subscription", "params": {"channel": "book.ETH-PERPETUAL.none.20.100ms", "data": {"timestamp": 1745420927576, "change_id": 66501189607, "instrument_name": "ETH-PERPETUAL", "bids": [[1789.85, 120.0], [1789.8, 2900.0], [1789.75, 11900.0], [1789.7, 33640.0], [1789.65, 8938.0], [1789.6, 8029.0], [1789.55, 11687.0], [1789.45, 2900.0], [1789.4, 1911.0], [1789.35, 13996.0], [1789.3, 8756.0], [1789.25, 60.0], [1789.2, 1941.0], [1789.15, 11845.0], [1789.1, 6138.0], [1789.05, 1291.0], [1789.0, 5927.0], [1788.95, 100.0], [1788.9, 14999.0], [1788.85, 44625.0]], "asks": [[1789.9, 217.0], [1790.1, 2639.0], [1790.15, 6038.0], [1790.2, 3536.0], [1790.25, 11787.0], [1790.3, 2803.0], [1790.35, 6127.0], [1790.4, 10260.0], [1790.45, 17997.0], [1790.5, 2706.0], [1790.55, 1709.0], [1790.6, 8950.0], [1790.65, 7636.0], [1790.7, 22879.0], [1790.75, 1609.0], [1790.8, 29379.0], [1790.85, 52261.0], [1790.9, 17815.0], [1790.95, 13709.0], [1791.0, 70802.0]]}}}
{"jsonrpc": "2.0", "method": "subscription", "params": {"channel": "book.ETH-PERPETUAL.none.20.100ms", "data": {"timestamp": 1745420927959, "change_id": 66501189969, "instrument_name": "ETH-PERPETUAL", "bids": [[1789.85, 12327.0], [1789.8, 2900.0], [1789.75, 12132.0], [1789.7, 33640.0], [1789.65, 8938.0], [1789.6, 8029.0], [1789.55, 11687.0], [1789.5, 5748.0], [1789.45, 16896.0], [1789.4, 4811.0], [1789.3, 8756.0], [1789.25, 60.0], [1789.2, 1941.0], [1789.15, 11845.0], [1789.1, 6138.0], [1789.05, 1291.0], [1789.0, 5927.0], [1788.95, 100.0], [1788.9, 15079.0], [1788.85, 44625.0]], "asks": [[1789.9, 39.0], [1790.1, 2639.0], [1790.15, 6038.0], [1790.2, 4850.0], [1790.25, 11787.0], [1790.3, 2803.0], [1790.35, 6359.0], [1790.4, 10260.0], [1790.45, 7997.0], [1790.5, 2706.0], [1790.55, 1709.0], [1790.6, 5196.0], [1790.65, 7636.0], [1790.7, 4321.0], [1790.75, 15615.0], [1790.8, 17523.0], [1790.85, 52381.0], [1790.9, 29751.0], [1790.95, 13709.0], [1791.0, 70802.0]]}}}
{"jsonrpc": "2.0", "method": "subscription", "params": {"channel": "book.ETH-PERPETUAL.none.20.100ms", "data": {"timestamp": 1745420928296, "change_id": 66501190465, "instrument_name": "ETH-PERPETUAL", "bids": [[1789.85, 45639.0], [1789.8, 2900.0], [1789.75, 2900.0], [1789.7, 7521.0], [1789.65, 8938.0], [1789.6, 22025.0], [1789.55, 11687.0], [1789.5, 1870.0], [1789.45, 5535.0], [1789.4, 6102.0], [1789.35, 11845.0], [1789.3, 6138.0], [1789.25, 60.0], [1789.2, 1941.0], [1789.1, 6138.0], [1789.0, 5927.0], [1788.95, 100.0], [1788.9, 14999.0], [1788.85, 54625.0], [1788.8, 52995.0]], "asks": [[1789.9, 39.0], [1790.2, 3536.0], [1790.25, 11787.0], [1790.3, 2803.0], [1790.35, 6127.0], [1790.4, 6768.0], [1790.45, 1709.0], [1790.5, 2706.0], [1790.55, 1709.0], [1790.6, 5196.0], [1790.65, 7636.0], [1790.7, 1709.0], [1790.75, 7897.0], [1790.8, 17523.0], [1790.85, 52381.0], [1790.9, 34536.0], [1790.95, 13709.0], [1791.0, 82658.0], [1791.05, 59645.0], [1791.1, 5500.0]]}}}
{"jsonrpc": "2.0", "method": "subscription", "params": {"channel": "book.ETH-PERPETUAL.none.20.100ms", "data": {"timestamp": 1745420928630, "change_id": 66501190862, "instrument_name": "ETH-PERPETUAL", "bids": [[1789.85, 45639.0], [1789.8, 7273.0], [1789.75, 14575.0], [1789.7, 3777.0], [1789.65, 9038.0], [1789.6, 7882.0], [1789.55, 13996.0], [1789.5, 1870.0], [1789.45, 5535.0], [1789.4, 6102.0], [1789.35, 11845.0], [1789.3, 6138.0], [1789.25, 4013.0], [1789.2, 1941.0], [1789.1, 6138.0], [1789.0, 2000.0], [1788.95, 100.0], [1788.9, 14999.0], [1788.85, 54625.0], [1788.8, 67143.0]], "asks": [[1789.9, 39.0], [1790.25, 11675.0], [1790.3, 6038.0], [1790.35, 100.0], [1790.4, 726.0], [1790.45, 100.0], [1790.5, 3962.0], [1790.55, 7380.0], [1790.6, 5196.0], [1790.65, 7636.0], [1790.7, 1709.0], [1790.75, 17897.0], [1790.8, 17523.0], [1790.85, 52381.0], [1790.9, 19694.0], [1790.95, 13709.0], [1791.0, 22499.0], [1791.05, 71501.0], [1791.1, 5500.0], [1791.15, 1609.0]]}}}
{"jsonrpc": "2.0", "method": "subscription", "params": {"channel": "book.ETH-PERPETUAL.none.20.100ms", "data": {"timestamp": 1745420928931, "change_id": 66501191064, "instrument_name": "ETH-PERPETUAL", "bids": [[1789.85, 45639.0], [1789.8, 7273.0], [1789.75, 14575.0], [1789.7, 6677.0], [1789.65, 8938.0], [1789.6, 7882.0], [1789.55, 13996.0], [1789.5, 1870.0], [1789.45, 5535.0], [1789.4, 9460.0], [1789.3, 17983.0], [1789.25, 4013.0], [1789.2, 1941.0], [1789.1, 6138.0], [1789.0, 2000.0], [1788.95, 100.0], [1788.9, 14999.0], [1788.85, 54625.0], [1788.8, 67143.0], [1788.75, 52401.0]], "asks": [[1789.9, 11.0], [1790.25, 11675.0], [1790.3, 6038.0], [1790.35, 100.0], [1790.4, 726.0], [1790.45, 100.0], [1790.5, 2865.0], [1790.55, 7380.0], [1790.6, 5196.0], [1790.65, 7636.0], [1790.7, 7591.0], [1790.75, 17897.0], [1790.8, 17523.0], [1790.85, 52381.0], [1790.9, 19694.0], [1790.95, 13709.0], [1791.0, 34355.0], [1791.05, 59645.0], [1791.1, 5500.0], [1791.15, 1609.0]]}}}
{"jsonrpc": "2.0", "method": "subscription", "params": {"channel": "book.ETH-PERPETUAL.none.20.100ms", "data": {"timestamp": 1745420929292, "change_id": 66501191505, "instrument_name": "ETH-PERPETUAL", "bids": [[1789.85, 45873.0], [1789.8, 7273.0], [1789.75, 14575.0], [1789.7, 6677.0], [1789.65, 8938.0], [1789.6, 7882.0], [1789.5, 15866.0], [1789.45, 5535.0], [1789.4, 6102.0], [1789.3, 6138.0], [1789.25, 15858.0], [1789.2, 1941.0], [1789.1, 6138.0], [1789.0, 2000.0], [1788.95, 100.0], [1788.9, 14999.0], [1788.85, 54625.0], [1788.8, 50247.0], [1788.7, 100100.0], [1788.65, 2221.0]], "asks": [[1789.9, 11.0], [1790.2, 5414.0], [1790.25, 11675.0], [1790.3, 7371.0], [1790.35, 100.0], [1790.4, 726.0], [1790.45, 100.0], [1790.5, 2865.0], [1790.55, 7380.0], [1790.6, 5196.0], [1790.65, 7636.0], [1790.7, 11709.0], [1790.75, 8995.0], [1790.8, 31529.0], [1790.85, 52381.0], [1790.9, 17544.0], [1790.95, 13709.0], [1791.0, 56110.0], [1791.05, 7736.0], [1791.1, 5500.0]]}}}
{"jsonrpc": "2.0", "method": "subscription", "params": {"channel": "book.ETH-PERPETUAL.none.20.100ms", "data": {"timestamp": 1745420929578, "change_id": 66501191811, "instrument_name": "ETH-PERPETUAL", "bids": [[1789.85, 45848.0], [1789.8, 7273.0], [1789.75, 14575.0], [1789.7, 6677.0], [1789.65, 8938.0], [1789.6, 7882.0], [1789.5, 15866.0], [1789.45, 5535.0], [1789.4, 6102.0], [1789.3, 6138.0], [1789.25, 15858.0], [1789.2, 1941.0], [1789.1, 6138.0], [1789.0, 53649.0], [1788.95, 100.0], [1788.9, 14999.0], [1788.85, 54625.0], [1788.8, 50247.0], [1788.7, 100100.0], [1788.65, 2221.0]], "asks": [[1789.9, 11.0], [1790.2, 5414.0], [1790.25, 11675.0], [1790.3, 7371.0], [1790.35, 100.0], [1790.4, 726.0], [1790.45, 1398.0], [1790.5, 8377.0], [1790.55, 1938.0], [1790.6, 5196.0], [1790.65, 7636.0], [1790.7, 11709.0], [1790.75, 8995.0], [1790.8, 17523.0], [1790.85, 66387.0], [1790.9, 5688.0], [1790.95, 25565.0], [1791.0, 6110.0], [1791.05, 7736.0], [1791.1, 5500.0]]}}}
{"jsonrpc": "2.0", "method": "subscription", "params": {"channel": "book.ETH-PERPETUAL.none.20.100ms", "data": {"timestamp": 1745420929932, "change_id": 66501192018, "instrument_name": "ETH-PERPETUAL", "bids": [[1789.85, 45858.0], [1789.8, 7273.0], [1789.75, 14575.0], [1789.7, 6677.0], [1789.65, 8938.0], [1789.6, 4982.0], [1789.55, 16896.0], [1789.5, 1870.0], [1789.45, 5535.0], [1789.4, 3202.0], [1789.3, 6138.0], [1789.25, 15858.0], [1789.2, 1941.0], [1789.1, 6138.0], [1789.05, 16095.0], [1789.0, 53649.0], [1788.95, 100.0], [1788.9, 14999.0], [1788.85, 54625.0], [1788.8, 50247.0]], "asks": [[1789.9, 11.0], [1790.2, 5414.0], [1790.25, 11675.0], [1790.3, 6038.0], [1790.35, 100.0], [1790.4, 726.0], [1790.45, 1398.0], [1790.5, 8377.0], [1790.55, 1938.0], [1790.6, 5196.0], [1790.65, 7636.0], [1790.7, 11709.0], [1790.75, 8995.0], [1790.8, 17523.0], [1790.85, 66387.0], [1790.9, 12927.0], [1790.95, 25565.0], [1791.0, 6110.0], [1791.05, 7736.0], [1791.1, 5500.0]]}}}
{"jsonrpc": "2.0", "method": "subscription", "params": {"channel": "book.ETH-PERPETUAL.none.20.100ms", "data": {"timestamp": 1745420930281, "change_id": 66501192514, "instrument_name": "ETH-PERPETUAL", "bids": [[1789.85, 45812.0], [1789.8, 7373.0], [1789.75, 14575.0], [1789.7, 9564.0], [1789.65, 8938.0], [1789.6, 14850.0], [1789.55, 2900.0], [1789.5, 1870.0], [1789.45, 5535.0], [1789.4, 3202.0], [1789.35, 11845.0], [1789.3, 6138.0], [1789.25, 4013.0], [1789.2, 1941.0], [1789.1, 6138.0], [1789.05, 16095.0], [1789.0, 53649.0], [1788.95, 100.0], [1788.9, 14999.0], [1788.85, 54625.0]], "asks": [[1789.9, 11.0], [1790.25, 11675.0], [1790.4, 726.0], [1790.45, 100.0], [1790.5, 1329.0], [1790.55, 4659.0], [1790.6, 5196.0], [1790.65, 7636.0], [1790.7, 4920.0], [1790.75, 8995.0], [1790.8, 17523.0], [1790.85, 52381.0], [1790.9, 10292.0], [1790.95, 27715.0], [1791.0, 56110.0], [1791.05, 19592.0], [1791.1, 5500.0], [1791.15, 1609.0], [1791.2, 7943.0], [1791.25, 72712.0]]}}}
{"jsonrpc": "2.0", "method": "subscription", "params": {"channel": "book.ETH-PERPETUAL.none.20.100ms", "data": {"timestamp": 1745420930614, "change_id": 66501192822, "instrument_name": "ETH-PERPETUAL", "bids": [[1789.85, 46304.0], [1789.8, 7273.0], [1789.75, 14575.0], [1789.7, 9564.0], [1789.65, 22935.0], [1789.6, 853.0], [1789.55, 2900.0], [1789.5, 15344.0], [1789.45, 50160.0], [1789.4, 21096.0], [1789.3, 17983.0], [1789.25, 4013.0], [1789.2, 1941.0], [1789.1, 6238.0], [1789.05, 16095.0], [1789.0, 53649.0], [1788.95, 100.0], [1788.9, 1821.0], [1788.85, 30000.0], [1788.8, 50247.0]], "asks": [[1789.9, 11.0], [1790.35, 100.0], [1790.4, 3533.0], [1790.45, 11775.0], [1790.55, 1399.0], [1790.6, 10638.0], [1790.65, 7636.0], [1790.7, 4920.0], [1790.75, 8995.0], [1790.8, 17523.0], [1790.85, 52381.0], [1790.9, 17059.0], [1790.95, 16417.0], [1791.0, 6110.0], [1791.05, 19592.0], [1791.1, 1609.0], [1791.15, 1609.0], [1791.2, 7943.0], [1791.25, 72712.0], [1791.3, 2634.0]]}}}
{"jsonrpc": "2.0", "method": "subscription", "params": {"channel": "book.ETH-PERPETUAL.none.20.100ms", "data": {"timestamp": 1745420930948, "change_id": 66501193715, "instrument_name": "ETH-PERPETUAL", "bids": [[1790.05, 3000.0], [1789.85, 646.0], [1789.8, 4373.0], [1789.75, 14575.0], [1789.7, 2900.0], [1789.6, 4329.0], [1789.55, 13997.0], [1789.5, 100.0], [1789.45, 44625.0], [1789.4, 3202.0], [1789.3, 17983.0], [1789.25, 4013.0], [1789.2, 1941.0], [1789.1, 6238.0], [1789.0, 2000.0], [1788.95, 100.0], [1788.9, 1821.0], [1788.85, 10000.0], [1788.8, 37944.0], [1788.7, 100000.0]], "asks": [[1790.15, 20211.0], [1790.2, 13995.0], [1790.25, 6120.0], [1790.35, 100.0], [1790.4, 5634.0], [1790.45, 17830.0], [1790.5, 3015.0], [1790.55, 3232.0], [1790.6, 10638.0], [1790.65, 7636.0], [1790.7, 4920.0], [1790.75, 8995.0], [1790.8, 17523.0], [1790.85, 66267.0], [1790.9, 2973.0], [1790.95, 4417.0], [1791.0, 17966.0], [1791.05, 7736.0], [1791.1, 1609.0], [1791.15, 1609.0]]}}}
{"jsonrpc": "2.0", "method": "subscription", "params": {"channel": "book.ETH-PERPETUAL.none.20.100ms", "data": {"timestamp": 1745420931260, "change_id": 66501194512, "instrument_name": "ETH-PERPETUAL", "bids": [[1789.95, 40.0], [1789.85, 232.0], [1789.8, 13696.0], [1789.75, 44575.0], [1789.7, 2900.0], [1789.6, 1847.0], [1789.5, 19960.0], [1789.45, 58622.0], [1789.4, 3202.0], [1789.35, 2731.0], [1789.3, 6138.0], [1789.25, 15858.0], [1789.2, 1941.0], [1789.1, 6138.0], [1789.0, 2000.0], [1788.95, 50436.0], [1788.9, 80.0], [1788.8, 37944.0], [1788.7, 100100.0], [1788.65, 2221.0]], "asks": [[1790.15, 5113.0], [1790.2, 18345.0], [1790.25, 889.0], [1790.35, 100.0], [1790.4, 7246.0], [1790.45, 6155.0], [1790.5, 18982.0], [1790.55, 4838.0], [1790.6, 5196.0], [1790.65, 7636.0], [1790.7, 4920.0], [1790.75, 8995.0], [1790.8, 34260.0], [1790.85, 52261.0], [1790.9, 14829.0], [1790.95, 1709.0], [1791.0, 56110.0], [1791.05, 20017.0], [1791.1, 11609.0], [1791.15, 5705.0]]}}}
{"jsonrpc": "2.0", "method": "subscription", "params": {"channel": "book.ETH-PERPETUAL.none.20.100ms", "data": {"timestamp": 1745420931602, "change_id": 66501194772, "instrument_name": "ETH-PERPETUAL", "bids": [[1789.95, 514.0], [1789.85, 232.0], [1789.8, 13696.0], [1789.75, 44575.0], [1789.7, 2900.0], [1789.6, 2574.0], [1789.5, 19960.0], [1789.45, 44625.0], [1789.4, 17199.0], [1789.35, 2731.0], [1789.3, 6138.0], [1789.25, 4013.0], [1789.2, 1941.0], [1789.15, 11845.0], [1789.1, 6138.0], [1789.0, 2000.0], [1788.95, 50436.0], [1788.9, 80.0], [1788.8, 37944.0], [1788.7, 100100.0]], "asks": [[1790.0, 120.0], [1790.05, 6000.0], [1790.15, 5213.0], [1790.2, 17810.0], [1790.35, 100.0], [1790.4, 7246.0], [1790.45, 6155.0], [1790.5, 18982.0], [1790.55, 4838.0], [1790.6, 5196.0], [1790.65, 7636.0], [1790.7, 18926.0], [1790.75, 8995.0], [1790.8, 32110.0], [1790.85, 52261.0], [1790.9, 2973.0], [1790.95, 1709.0], [1791.0, 56110.0], [1791.05, 20017.0], [1791.1, 11609.0]]}}}
{"jsonrpc": "2.0", "method": "subscription", "params": {"channel": "book.ETH-PERPETUAL.none.20.100ms", "data": {"timestamp": 1745420931933, "change_id": 66501195158, "instrument_name": "ETH-PERPETUAL", "bids": [[1789.95, 237.0], [1789.75, 11675.0], [1789.6, 727.0], [1789.5, 13805.0], [1789.45, 44625.0], [1789.4, 7924.0], [1789.3, 20135.0], [1789.25, 60.0], [1789.2, 4699.0], [1789.1, 6138.0], [1789.05, 11845.0], [1789.0, 17195.0], [1788.95, 54556.0], [1788.9, 80.0], [1788.8, 37944.0], [1788.7, 100100.0], [1788.65, 2221.0], [1788.6, 6069.0], [1788.5, 2016.0], [1788.45, 26288.0]], "asks": [[1790.0, 26673.0], [1790.15, 5213.0], [1790.2, 17730.0], [1790.35, 100.0], [1790.4, 4260.0], [1790.45, 6155.0], [1790.5, 8982.0], [1790.55, 7585.0], [1790.6, 19202.0], [1790.65, 7636.0], [1790.7, 4920.0], [1790.75, 20851.0], [1790.8, 17523.0], [1790.85, 52261.0], [1790.9, 22176.0], [1790.95, 1709.0], [1791.0, 56110.0], [1791.05, 20017.0], [1791.1, 11609.0], [1791.15, 1609.0]]}}}
{"jsonrpc": "2.0", "method": "subscription", "params": {"channel": "book.ETH-PERPETUAL.none.20.100ms", "data": {"timestamp": 1745420932270, "change_id": 66501196376, "instrument_name": "ETH-PERPETUAL", "bids": [[1789.55, 40.0], [1789.4, 3276.0], [1789.35, 11675.0], [1789.25, 60.0], [1789.2, 5810.0], [1789.15, 14097.0], [1789.1, 6038.0], [1789.0, 28624.0], [1788.95, 50436.0], [1788.9, 50553.0], [1788.85, 11845.0], [1788.8, 6069.0], [1788.7, 100.0], [1788.65, 1821.0], [1788.6, 6069.0], [1788.55, 80.0], [1788.5, 31747.0], [1788.45, 6288.0], [1788.4, 101934.0], [1788.3, 6445.0]], "asks": [[1789.6, 14073.0], [1789.65, 12055.0], [1789.7, 1195.0], [1789.75, 2900.0], [1789.8, 4747.0], [1789.85, 6155.0], [1789.9, 7323.0], [1789.95, 11775.0], [1790.0, 16479.0], [1790.05, 7044.0], [1790.1, 1606.0], [1790.15, 6292.0], [1790.2, 21625.0], [1790.25, 11606.0], [1790.3, 1606.0], [1790.35, 3811.0], [1790.4, 28693.0], [1790.45, 21767.0], [1790.5, 56194.0], [1790.55, 13562.0]]}}}
{"jsonrpc": "2.0", "method": "subscription", "params": {"channel": "book.ETH-PERPETUAL.none.20.100ms", "data": {"timestamp": 1745420932599, "change_id": 66501196896, "instrument_name": "ETH-PERPETUAL", "bids": [[1789.55, 246.0], [1789.4, 5142.0], [1789.35, 17730.0], [1789.25, 60.0], [1789.2, 5810.0], [1789.15, 14097.0], [1789.1, 6038.0], [1789.05, 1291.0], [1789.0, 28624.0], [1788.95, 50436.0], [1788.9, 50553.0], [1788.85, 11845.0], [1788.8, 6069.0], [1788.7, 3186.0], [1788.65, 4137.0], [1788.6, 6149.0], [1788.5, 31747.0], [1788.45, 6288.0], [1788.4, 101934.0], [1788.3, 6445.0]], "asks": [[1789.6, 34.0], [1789.75, 2900.0], [1789.8, 4747.0], [1789.85, 6155.0], [1789.9, 7313.0], [1789.95, 11775.0], [1790.0, 15790.0], [1790.05, 7044.0], [1790.1, 1606.0], [1790.15, 3547.0], [1790.2, 7661.0], [1790.25, 1606.0], [1790.3, 7537.0], [1790.35, 14633.0], [1790.4, 14869.0], [1790.45, 22864.0], [1790.5, 6194.0], [1790.55, 13562.0], [1790.6, 6964.0], [1790.65, 11773.0]]}}}
{"jsonrpc": "2.0", "method": "subscription", "params": {"channel": "book.ETH-PERPETUAL.none.20.100ms", "data": {"timestamp": 1745420932932, "change_id": 66501197299, "instrument_name": "ETH-PERPETUAL", "bids": [[1789.55, 9355.0], [1789.4, 4910.0], [1789.35, 17730.0], [1789.25, 60.0], [1789.2, 5810.0], [1789.15, 14097.0], [1789.1, 6038.0], [1789.05, 1291.0], [1789.0, 28624.0], [1788.95, 62281.0], [1788.9, 50553.0], [1788.8, 6069.0], [1788.7, 1921.0], [1788.6, 6069.0], [1788.5, 31747.0], [1788.45, 6288.0], [1788.4, 104692.0], [1788.3, 16445.0], [1788.2, 7735.0], [1788.1, 30452.0]], "asks": [[1789.6, 34.0], [1789.9, 7313.0], [1789.95, 11775.0], [1790.0, 21384.0], [1790.05, 7044.0], [1790.1, 1606.0], [1790.15, 3547.0], [1790.2, 22012.0], [1790.25, 56231.0], [1790.3, 7537.0], [1790.35, 11875.0], [1790.4, 29393.0], [1790.45, 8858.0], [1790.5, 70200.0], [1790.55, 1866.0], [1790.6, 32308.0], [1790.65, 11773.0], [1790.7, 54592.0], [1790.75, 1609.0], [1790.8, 4483.0]]}}}
{"jsonrpc": "2.0", "method": "subscription", "params": {"channel": "book.ETH-PERPETUAL.none.20.100ms", "data": {"timestamp": 1745420933261, "change_id": 66501197786, "instrument_name": "ETH-PERPETUAL", "bids": [[1789.55, 5416.0], [1789.4, 4910.0], [1789.35, 17730.0], [1789.25, 60.0], [1789.2, 5810.0], [1789.15, 16855.0], [1789.1, 6038.0], [1789.05, 1291.0], [1789.0, 28624.0], [1788.95, 50436.0], [1788.9, 54690.0], [1788.85, 11845.0], [1788.8, 6069.0], [1788.7, 1921.0], [1788.6, 6069.0], [1788.5, 31747.0], [1788.45, 16288.0], [1788.4, 104692.0], [1788.3, 16445.0], [1788.2, 7735.0]], "asks": [[1789.6, 34.0], [1789.75, 754.0], [1789.9, 7313.0], [1789.95, 11775.0], [1790.0, 21384.0], [1790.05, 7044.0], [1790.1, 4486.0], [1790.15, 1938.0], [1790.2, 22012.0], [1790.25, 46231.0], [1790.3, 7537.0], [1790.35, 11875.0], [1790.4, 14869.0], [1790.45, 22864.0], [1790.5, 6194.0], [1790.55, 4624.0], [1790.6, 32308.0], [1790.65, 11773.0], [1790.7, 54592.0], [1790.75, 1609.0]]}}}
{"jsonrpc": "2.0", "method": "subscription", "params": {"channel": "book.ETH-PERPETUAL.none.20.100ms", "data": {"timestamp": 1745420933591, "change_id": 66501198290, "instrument_name": "ETH-PERPETUAL", "bids": [[1789.55, 46449.0], [1789.4, 4910.0], [1789.35, 17730.0], [1789.3, 100.0], [1789.25, 60.0], [1789.2, 6638.0], [1789.15, 16855.0], [1789.1, 6038.0], [1789.05, 1291.0], [1789.0, 28624.0], [1788.95, 62281.0], [1788.9, 54690.0], [1788.8, 6069.0], [1788.7, 1821.0], [1788.6, 6069.0], [1788.5, 2066.0], [1788.45, 6288.0], [1788.4, 1934.0], [1788.3, 6445.0], [1788.25, 100.0]], "asks": [[1789.6, 34.0], [1789.9, 7133.0], [1789.95, 11775.0], [1790.0, 18055.0], [1790.1, 4151.0], [1790.15, 1706.0], [1790.2, 27451.0], [1790.25, 48950.0], [1790.3, 4486.0], [1790.35, 1706.0], [1790.4, 29393.0], [1790.45, 8858.0], [1790.5, 67582.0], [1790.55, 4624.0], [1790.6, 7588.0], [1790.65, 7636.0], [1790.7, 14890.0], [1790.75, 1609.0], [1790.8, 4483.0], [1790.85, 7636.0]]}}}
{"jsonrpc": "2.0", "method": "subscription", "params": {"channel": "book.ETH-PERPETUAL.none.20.100ms", "data": {"timestamp": 1745420933859, "change_id": 66501198569, "instrument_name": "ETH-PERPETUAL", "bids": [[1789.55, 46529.0], [1789.4, 8249.0], [1789.35, 17730.0], [1789.3, 4317.0], [1789.25, 14057.0], [1789.2, 1841.0], [1789.15, 2858.0], [1789.1, 10579.0], [1789.05, 13136.0], [1789.0, 28624.0], [1788.95, 50436.0], [1788.9, 54690.0], [1788.8, 6069.0], [1788.7, 1821.0], [1788.6, 6069.0], [1788.55, 3030.0], [1788.5, 11986.0], [1788.45, 6288.0], [1788.4, 1934.0], [1788.3, 6445.0]], "asks": [[1789.6, 34.0], [1789.9, 8949.0], [1789.95, 11775.0], [1790.0, 18055.0], [1790.1, 4151.0], [1790.15, 1706.0], [1790.2, 27451.0], [1790.25, 46231.0], [1790.3, 4486.0], [1790.35, 1706.0], [1790.4, 11063.0], [1790.45, 8858.0], [1790.5, 6820.0], [1790.55, 1866.0], [1790.6, 18666.0], [1790.65, 7636.0], [1790.7, 6096.0], [1790.75, 16223.0], [1790.8, 4483.0], [1790.85, 7636.0]]}}}
{"jsonrpc": "2.0", "method": "subscription", "params": {"channel": "book.ETH-PERPETUAL.none.20.100ms", "data": {"timestamp": 1745420934223, "change_id": 66501199074, "instrument_name": "ETH-PERPETUAL", "bids": [[1789.55, 46529.0], [1789.4, 8249.0], [1789.35, 17730.0], [1789.3, 4317.0], [1789.25, 14057.0], [1789.2, 1841.0], [1789.15, 2858.0], [1789.1, 10579.0], [1789.05, 13136.0], [1789.0, 17155.0], [1788.95, 100.0], [1788.9, 54690.0], [1788.8, 6069.0], [1788.7, 1821.0], [1788.6, 6069.0], [1788.5, 7751.0], [1788.45, 26288.0], [1788.4, 1934.0], [1788.3, 6445.0], [1788.25, 100.0]], "asks": [[1789.6, 34.0], [1789.9, 8378.0], [1789.95, 11775.0], [1790.0, 18793.0], [1790.1, 4151.0], [1790.15, 1706.0], [1790.2, 27451.0], [1790.25, 46463.0], [1790.3, 4486.0], [1790.35, 1706.0], [1790.4, 11063.0], [1790.45, 8858.0], [1790.5, 6820.0], [1790.55, 15872.0], [1790.6, 7588.0], [1790.65, 7636.0], [1790.7, 14890.0], [1790.75, 1609.0], [1790.8, 4483.0], [1790.85, 7636.0]]}}}
{"jsonrpc": "2.0", "method": "subscription", "params": {"channel": "book.ETH-PERPETUAL.none.20.100ms", "data": {"timestamp": 1745420934578, "change_id": 66501199740, "instrument_name": "ETH-PERPETUAL", "bids": [[1789.9, 1379.0], [1789.85, 1076.0], [1789.8, 6487.0], [1789.75, 2900.0], [1789.7, 8955.0], [1789.65, 4373.0], [1789.6, 14575.0], [1789.55, 2046.0], [1789.5, 5069.0], [1789.45, 13997.0], [1789.4, 4747.0], [1789.35, 6055.0], [1789.3, 100.0], [1789.25, 60.0], [1789.2, 6280.0], [1789.15, 16082.0], [1789.1, 6038.0], [1789.05, 1291.0], [1789.0, 17155.0], [1788.95, 100.0]], "asks": [[1789.95, 11795.0], [1790.1, 1847.0], [1790.15, 100.0], [1790.2, 20406.0], [1790.25, 46231.0], [1790.3, 1606.0], [1790.35, 1706.0], [1790.4, 6010.0], [1790.45, 14296.0], [1790.5, 2649.0], [1790.55, 1786.0], [1790.6, 9914.0], [1790.65, 7636.0], [1790.7, 22003.0], [1790.75, 1609.0], [1790.8, 19342.0], [1790.85, 7636.0], [1790.9, 81778.0], [1790.95, 17846.0], [1791.0, 59843.0]]}}}
{"jsonrpc": "2.0", "method": "subscription", "params": {"channel": "book.ETH-PERPETUAL.none.20.100ms", "data": {"timestamp": 1745420934919, "change_id": 66501200354, "instrument_name": "ETH-PERPETUAL", "bids": [[1789.95, 3646.0], [1789.9, 10182.0], [1789.85, 30000.0], [1789.8, 6487.0], [1789.75, 2900.0], [1789.7, 8955.0], [1789.65, 4373.0], [1789.6, 14575.0], [1789.55, 80.0], [1789.5, 4229.0], [1789.45, 13997.0], [1789.4, 1947.0], [1789.35, 6055.0], [1789.3, 3672.0], [1789.25, 60.0], [1789.2, 19909.0], [1789.15, 22128.0], [1789.1, 6038.0], [1789.05, 1291.0], [1789.0, 17155.0]], "asks": [[1790.05, 200.0], [1790.15, 11775.0], [1790.2, 9207.0], [1790.25, 44625.0], [1790.35, 1479.0], [1790.4, 6010.0], [1790.45, 14528.0], [1790.5, 5470.0], [1790.55, 1706.0], [1790.6, 16299.0], [1790.65, 7636.0], [1790.7, 7997.0], [1790.75, 1609.0], [1790.8, 19342.0], [1790.85, 21642.0], [1790.9, 78227.0], [1790.95, 17846.0], [1791.0, 81299.0], [1791.05, 20017.0], [1791.1, 8604.0]]}}}
{"jsonrpc": "2.0", "method": "subscription", "params": {"channel": "book.ETH-PERPETUAL.none.20.100ms", "data": {"timestamp": 1745420935221, "change_id": 66501200925, "instrument_name": "ETH-PERPETUAL", "bids": [[1790.0, 8153.0], [1789.95, 3646.0], [1789.9, 9870.0], [1789.85, 30000.0], [1789.8, 6487.0], [1789.75, 2900.0], [1789.7, 8955.0], [1789.65, 8025.0], [1789.6, 28572.0], [1789.55, 2838.0], [1789.4, 1947.0], [1789.35, 6055.0], [1789.3, 3672.0], [1789.25, 11905.0], [1789.2, 8064.0], [1789.15, 22128.0], [1789.1, 6038.0], [1789.05, 1291.0], [1789.0, 17155.0], [1788.95, 100.0]], "asks": [[1790.05, 130.0], [1790.15, 11775.0], [1790.25, 44625.0], [1790.35, 1479.0], [1790.4, 6010.0], [1790.45, 19528.0], [1790.5, 5470.0], [1790.55, 1706.0], [1790.6, 16299.0], [1790.65, 7636.0], [1790.7, 7997.0], [1790.75, 1609.0], [1790.8, 19342.0], [1790.85, 7636.0], [1790.9, 94991.0], [1790.95, 17846.0], [1791.0, 62663.0], [1791.05, 31873.0], [1791.1, 8604.0], [1791.15, 1609.0]]}}}
{"jsonrpc": "2.0", "method": "subscription", "params": {"channel": "book.ETH-PERPETUAL.none.20.100ms", "data": {"timestamp": 1745420935559, "change_id": 66501201497, "instrument_name": "ETH-PERPETUAL", "bids": [[1790.0, 12612.0], [1789.95, 33878.0], [1789.85, 4373.0], [1789.8, 21882.0], [1789.75, 2900.0], [1789.7, 24679.0], [1789.65, 2758.0], [1789.6, 3000.0], [1789.55, 1271.0], [1789.5, 4237.0], [1789.45, 3584.0], [1789.4, 13792.0], [1789.35, 7346.0], [1789.3, 100.0], [1789.25, 60.0], [1789.2, 1841.0], [1789.15, 100.0], [1789.1, 6038.0], [1789.0, 17155.0], [1788.95, 100.0]], "asks": [[1790.05, 10.0], [1790.25, 44625.0], [1790.3, 747.0], [1790.35, 11675.0], [1790.4, 2215.0], [1790.45, 6155.0], [1790.5, 2496.0], [1790.55, 1706.0], [1790.6, 9851.0], [1790.65, 7636.0], [1790.7, 1709.0], [1790.75, 1609.0], [1790.8, 19342.0], [1790.85, 7636.0], [1790.9, 57524.0], [1790.95, 13709.0], [1791.0, 12712.0], [1791.05, 40594.0], [1791.1, 6761.0], [1791.15, 16223.0]]}}}
{"jsonrpc": "2.0", "method": "subscription", "params": {"channel": "book.ETH-PERPETUAL.none.20.100ms", "data": {"timestamp": 1745420935911, "change_id": 66501202036, "instrument_name": "ETH-PERPETUAL", "bids": [[1790.0, 27834.0], [1789.95, 34945.0], [1789.9, 13997.0], [1789.85, 2900.0], [1789.8, 4995.0], [1789.75, 9188.0], [1789.7, 14120.0], [1789.65, 14603.0], [1789.6, 20609.0], [1789.55, 44625.0], [1789.5, 4237.0], [1789.4, 1947.0], [1789.35, 7346.0], [1789.3, 100.0], [1789.25, 60.0], [1789.2, 1841.0], [1789.15, 200.0], [1789.1, 6038.0], [1789.05, 3600.0], [1789.0, 25478.0]], "asks": [[1790.05, 10.0], [1790.35, 11675.0], [1790.45, 100.0], [1790.55, 100.0], [1790.6, 1838.0], [1790.65, 6027.0], [1790.7, 1425.0], [1790.75, 7046.0], [1790.8, 18998.0], [1790.85, 52261.0], [1790.9, 6838.0], [1790.95, 13709.0], [1791.0, 9523.0], [1791.05, 14144.0], [1791.1, 1609.0], [1791.15, 1609.0], [1791.2, 8338.0], [1791.25, 21642.0], [1791.3, 6022.0], [1791.35, 13565.0]]}}}
{"jsonrpc": "2.0", "method": "subscription", "params": {"channel": "book.ETH-PERPETUAL.none.20.100ms", "data": {"timestamp": 1745420936245, "change_id": 66501202725, "instrument_name": "ETH-PERPETUAL", "bids": [[1790.0, 29200.0], [1789.95, 30746.0], [1789.9, 5069.0], [1789.85, 16897.0], [1789.8, 5443.0], [1789.75, 9288.0], [1789.7, 18745.0], [1789.65, 14603.0], [1789.6, 38505.0], [1789.55, 44625.0], [1789.5, 4237.0], [1789.4, 1947.0], [1789.35, 7346.0], [1789.3, 100.0], [1789.25, 60.0], [1789.2, 1841.0], [1789.15, 200.0], [1789.1, 6038.0], [1789.05, 3600.0], [1789.0, 15030.0]], "asks": [[1790.05, 10.0], [1790.35, 11675.0], [1790.55, 834.0], [1790.6, 4904.0], [1790.65, 13070.0], [1790.7, 3031.0], [1790.75, 1609.0], [1790.8, 18998.0], [1790.85, 52261.0], [1790.9, 6838.0], [1790.95, 13709.0], [1791.0, 9523.0], [1791.05, 14144.0], [1791.1, 6806.0], [1791.15, 1609.0], [1791.2, 21699.0], [1791.25, 7636.0], [1791.3, 14580.0], [1791.35, 1709.0], [1791.4, 19065.0]]}}}
{"jsonrpc": "2.0", "method": "subscription", "params": {"channel": "book.ETH-PERPETUAL.none.20.100ms", "data": {"timestamp": 1745420936584, "change_id": 66501203137, "instrument_name": "ETH-PERPETUAL", "bids": [[1790.0, 27893.0], [1789.95, 30746.0], [1789.85, 2900.0], [1789.8, 8992.0], [1789.75, 9288.0], [1789.7, 24679.0], [1789.65, 2758.0], [1789.6, 20609.0], [1789.55, 44625.0], [1789.5, 7821.0], [1789.45, 11845.0], [1789.4, 1947.0], [1789.35, 7346.0], [1789.3, 100.0], [1789.25, 60.0], [1789.2, 17364.0], [1789.15, 52610.0], [1789.1, 6038.0], [1789.05, 3600.0], [1789.0, 15430.0]], "asks": [[1790.05, 10.0], [1790.3, 3603.0], [1790.35, 11675.0], [1790.4, 1817.0], [1790.45, 6055.0], [1790.55, 100.0], [1790.6, 4904.0], [1790.65, 13070.0], [1790.7, 3031.0], [1790.75, 1609.0], [1790.8, 19230.0], [1790.85, 52261.0], [1790.9, 6838.0], [1790.95, 13709.0], [1791.0, 12374.0], [1791.05, 28150.0], [1791.1, 8919.0], [1791.15, 1609.0], [1791.2, 16339.0], [1791.25, 7636.0]]}}}
{"jsonrpc": "2.0", "method": "subscription", "params": {"channel": "book.ETH-PERPETUAL.none.20.100ms", "data": {"timestamp": 1745420936915, "change_id": 66501203790, "instrument_name": "ETH-PERPETUAL", "bids": [[1790.0, 14598.0], [1789.8, 1817.0], [1789.7, 11766.0], [1789.6, 34506.0], [1789.55, 44625.0], [1789.5, 2743.0], [1789.45, 2756.0], [1789.4, 8235.0], [1789.35, 7346.0], [1789.3, 4912.0], [1789.25, 11905.0], [1789.2, 5976.0], [1789.15, 200.0], [1789.1, 6038.0], [1789.0, 2400.0], [1788.95, 100.0], [1788.9, 37080.0], [1788.85, 100000.0], [1788.8, 29069.0], [1788.75, 10000.0]], "asks": [[1790.05, 15948.0], [1790.15, 100.0], [1790.2, 2717.0], [1790.25, 8955.0], [1790.3, 3603.0], [1790.35, 11675.0], [1790.4, 1917.0], [1790.45, 6055.0], [1790.5, 6070.0], [1790.55, 17867.0], [1790.6, 7941.0], [1790.65, 7633.0], [1790.7, 3031.0], [1790.75, 1609.0], [1790.8, 19230.0], [1790.85, 52261.0], [1790.9, 20844.0], [1790.95, 13709.0], [1791.0, 9523.0], [1791.05, 14144.0]]}}}
{"jsonrpc": "2.0", "method": "subscription", "params": {"channel": "book.ETH-PERPETUAL.none.20.100ms", "data": {"timestamp": 1745420937254, "change_id": 66501204742, "instrument_name": "ETH-PERPETUAL", "bids": [[1790.0, 424.0], [1789.65, 232.0], [1789.6, 20509.0], [1789.55, 56300.0], [1789.5, 4199.0], [1789.4, 15844.0], [1789.35, 6055.0], [1789.25, 60.0], [1789.2, 6844.0], [1789.15, 11945.0], [1789.1, 31068.0], [1789.0, 52364.0], [1788.95, 180.0], [1788.9, 1821.0], [1788.8, 6069.0], [1788.75, 100.0], [1788.7, 1821.0], [1788.6, 6469.0], [1788.55, 35008.0], [1788.5, 118385.0]], "asks": [[1790.05, 37503.0], [1790.1, 3533.0], [1790.15, 11775.0], [1790.2, 2717.0], [1790.25, 8955.0], [1790.3, 100.0], [1790.4, 1917.0], [1790.45, 6055.0], [1790.5, 2958.0], [1790.55, 7867.0], [1790.6, 8157.0], [1790.65, 7633.0], [1790.7, 18993.0], [1790.75, 7897.0], [1790.8, 19230.0], [1790.85, 64117.0], [1790.9, 3238.0], [1790.95, 1709.0], [1791.0, 6146.0], [1791.05, 7736.0]]}}}
{"jsonrpc": "2.0", "method": "subscription", "params": {"channel": "book.ETH-PERPETUAL.none.20.100ms", "data": {"timestamp": 1745420937584, "change_id": 66501205350, "instrument_name": "ETH-PERPETUAL", "bids": [[1789.65, 2460.0], [1789.55, 56300.0], [1789.4, 1847.0], [1789.35, 6055.0], [1789.25, 60.0], [1789.2, 6628.0], [1789.15, 14097.0], [1789.1, 13617.0], [1789.0, 2000.0], [1788.95, 1344.0], [1788.9, 9295.0], [1788.85, 11845.0], [1788.8, 6069.0], [1788.75, 100.0], [1788.7, 1821.0], [1788.6, 6469.0], [1788.55, 35008.0], [1788.5, 106100.0], [1788.45, 20000.0], [1788.4, 1814.0]], "asks": [[1789.7, 20249.0], [1789.85, 2900.0], [1789.9, 6303.0], [1789.95, 11675.0], [1790.0, 16285.0], [1790.05, 21383.0], [1790.15, 100.0], [1790.2, 4323.0], [1790.25, 10561.0], [1790.3, 100.0], [1790.4, 8660.0], [1790.45, 30212.0], [1790.5, 5811.0], [1790.55, 1706.0], [1790.6, 17079.0], [1790.65, 7633.0], [1790.7, 3882.0], [1790.75, 1609.0], [1790.8, 22280.0], [1790.85, 52261.0]]}}}
{"jsonrpc": "2.0", "method": "subscription", "params": {"channel": "book.ETH-PERPETUAL.none.20.100ms", "data": {"timestamp": 1745420937909, "change_id": 66501206165, "instrument_name": "ETH-PERPETUAL", "bids": [[1789.45, 3000.0], [1789.35, 11675.0], [1789.25, 60.0], [1789.1, 1291.0], [1789.0, 16662.0], [1788.95, 61388.0], [1788.9, 3479.0], [1788.8, 15911.0], [1788.75, 11845.0], [1788.65, 3065.0], [1788.6, 25933.0], [1788.55, 52282.0], [1788.5, 220.0], [1788.4, 1814.0], [1788.35, 100.0], [1788.3, 6045.0], [1788.25, 30430.0], [1788.2, 110867.0], [1788.1, 39241.0], [1788.0, 14780.0]], "asks": [[1789.5, 14073.0], [1789.55, 8687.0], [1789.6, 6055.0], [1789.65, 2900.0], [1789.8, 2817.0], [1789.85, 9700.0], [1789.9, 4503.0], [1789.95, 11675.0], [1790.0, 17325.0], [1790.05, 22511.0], [1790.1, 1606.0], [1790.15, 1706.0], [1790.2, 21933.0], [1790.25, 69192.0], [1790.3, 1706.0], [1790.35, 5675.0], [1790.4, 40139.0], [1790.45, 15146.0], [1790.5, 75321.0], [1790.55, 13876.0]]}}}
{"jsonrpc": "2.0", "method": "subscription", "params": {"channel": "book.ETH-PERPETUAL.none.20.100ms", "data": {"timestamp": 1745420938245, "change_id": 66501207030, "instrument_name": "ETH-PERPETUAL", "bids": [[1789.5, 2948.0], [1789.45, 950.0], [1789.4, 12065.0], [1789.35, 11675.0], [1789.3, 31835.0], [1789.25, 6115.0], [1789.2, 4616.0], [1789.1, 17805.0], [1789.05, 6055.0], [1789.0, 16762.0], [1788.95, 44625.0], [1788.9, 6797.0], [1788.85, 11845.0], [1788.8, 12357.0], [1788.7, 2000.0], [1788.65, 1821.0], [1788.6, 21784.0], [1788.55, 52282.0], [1788.5, 180.0], [1788.4, 1814.0]], "asks": [[1789.55, 120.0], [1789.7, 3503.0], [1789.75, 11675.0], [1789.8, 1847.0], [1789.85, 6055.0], [1789.9, 3112.0], [1790.0, 17325.0], [1790.05, 21122.0], [1790.1, 4486.0], [1790.15, 9091.0], [1790.2, 21933.0], [1790.25, 55186.0], [1790.3, 1706.0], [1790.35, 1606.0], [1790.4, 33522.0], [1790.45, 7761.0], [1790.5, 60326.0], [1790.55, 13876.0], [1790.6, 17079.0], [1790.65, 7633.0]]}}}
{"jsonrpc": "2.0", "method": "subscription", "params": {"channel": "book.ETH-PERPETUAL.none.20.100ms", "data": {"timestamp": 1745420938572, "change_id": 66501207531, "instrument_name": "ETH-PERPETUAL", "bids": [[1789.7, 4267.0], [1789.5, 3252.0], [1789.45, 910.0], [1789.4, 12065.0], [1789.35, 11675.0], [1789.3, 31835.0], [1789.25, 6115.0], [1789.2, 5439.0], [1789.15, 13997.0], [1789.1, 6549.0], [1789.05, 6055.0], [1789.0, 16762.0], [1788.95, 44625.0], [1788.9, 8028.0], [1788.85, 15947.0], [1788.8, 12357.0], [1788.7, 2000.0], [1788.65, 1821.0], [1788.6, 21784.0], [1788.55, 52282.0]], "asks": [[1789.75, 44875.0], [1789.8, 1947.0], [1789.85, 6055.0], [1789.9, 2242.0], [1790.0, 10766.0], [1790.05, 9032.0], [1790.1, 2929.0], [1790.15, 5703.0], [1790.2, 21933.0], [1790.25, 55186.0], [1790.3, 1706.0], [1790.35, 1606.0], [1790.4, 19516.0], [1790.45, 28055.0], [1790.5, 59227.0], [1790.55, 13876.0], [1790.6, 19813.0], [1790.65, 7633.0], [1790.7, 17943.0], [1790.75, 52859.0]]}}}
{"jsonrpc": "2.0", "method": "subscription", "params": {"channel": "book.ETH-PERPETUAL.none.20.100ms", "data": {"timestamp": 1745420938906, "change_id": 66501207884, "instrument_name": "ETH-PERPETUAL", "bids": [[1789.6, 40.0], [1789.5, 2980.0], [1789.45, 733.0], [1789.4, 12065.0], [1789.35, 11675.0], [1789.3, 31835.0], [1789.25, 6115.0], [1789.2, 5284.0], [1789.1, 20546.0], [1789.05, 6055.0], [1789.0, 16762.0], [1788.95, 44625.0], [1788.9, 8028.0], [1788.85, 15947.0], [1788.8, 12357.0], [1788.75, 27.0], [1788.7, 2000.0], [1788.65, 1821.0], [1788.6, 21784.0], [1788.55, 52282.0]], "asks": [[1789.65, 12255.0], [1789.7, 19854.0], [1789.75, 39880.0], [1789.8, 1947.0], [1789.85, 6055.0], [1789.9, 2242.0], [1790.0, 10766.0], [1790.05, 8632.0], [1790.1, 2929.0], [1790.15, 5703.0], [1790.2, 21933.0], [1790.25, 55186.0], [1790.3, 6901.0], [1790.35, 1606.0], [1790.4, 33522.0], [1790.45, 14049.0], [1790.5, 68107.0], [1790.55, 13876.0], [1790.6, 5223.0], [1790.65, 7633.0]]}}}
{"jsonrpc": "2.0", "method": "subscription", "params": {"channel": "book.ETH-PERPETUAL.none.20.100ms", "data": {"timestamp": 1745420939234, "change_id": 66501208315, "instrument_name": "ETH-PERPETUAL", "bids": [[1789.6, 1407.0], [1789.5, 2980.0], [1789.45, 733.0], [1789.4, 12065.0], [1789.35, 11675.0], [1789.3, 32067.0], [1789.25, 6115.0], [1789.2, 5284.0], [1789.1, 20546.0], [1789.05, 6055.0], [1789.0, 16762.0], [1788.95, 44625.0], [1788.9, 8028.0], [1788.85, 15947.0], [1788.8, 12357.0], [1788.75, 27.0], [1788.7, 2000.0], [1788.65, 1821.0], [1788.6, 6069.0], [1788.55, 1757.0]], "asks": [[1789.65, 6200.0], [1789.7, 6000.0], [1789.75, 39075.0], [1789.8, 1947.0], [1789.85, 6055.0], [1789.9, 4841.0], [1789.95, 5000.0], [1790.0, 10766.0], [1790.05, 8632.0], [1790.1, 6633.0], [1790.15, 5703.0], [1790.2, 31933.0], [1790.25, 55186.0], [1790.3, 6901.0], [1790.35, 1606.0], [1790.4, 33522.0], [1790.45, 16783.0], [1790.5, 59227.0], [1790.55, 25732.0], [1790.6, 5223.0]]}}}
{"jsonrpc": "2.0", "method": "subscription", "params": {"channel": "book.ETH-PERPETUAL.none.20.100ms", "data": {"timestamp": 1745420939556, "change_id": 66501208628, "instrument_name": "ETH-PERPETUAL", "bids": [[1789.6, 4307.0], [1789.5, 2994.0], [1789.45, 733.0], [1789.4, 12065.0], [1789.35, 11675.0], [1789.3, 32067.0], [1789.25, 6115.0], [1789.2, 5284.0], [1789.15, 13997.0], [1789.1, 6549.0], [1789.05, 6055.0], [1789.0, 16762.0], [1788.95, 44625.0], [1788.9, 8028.0], [1788.85, 15947.0], [1788.8, 12357.0], [1788.75, 27.0], [1788.7, 2000.0], [1788.65, 1821.0], [1788.6, 22281.0]], "asks": [[1789.65, 200.0], [1789.75, 26675.0], [1789.8, 1847.0], [1789.85, 6055.0], [1789.9, 100.0], [1789.95, 2142.0], [1790.0, 10766.0], [1790.05, 8632.0], [1790.1, 2929.0], [1790.15, 5703.0], [1790.2, 21933.0], [1790.25, 52286.0], [1790.3, 1706.0], [1790.35, 1606.0], [1790.4, 19516.0], [1790.45, 30789.0], [1790.5, 59227.0], [1790.55, 25732.0], [1790.6, 5223.0], [1790.65, 7633.0]]}}}
{"jsonrpc": "2.0", "method": "subscription", "params": {"channel": "book.ETH-PERPETUAL.none.20.100ms", "data": {"timestamp": 1745420939898, "change_id": 66501209025, "instrument_name": "ETH-PERPETUAL", "bids": [[1789.6, 4407.0], [1789.5, 12134.0], [1789.45, 30733.0], [1789.4, 3503.0], [1789.35, 11675.0], [1789.3, 2167.0], [1789.25, 8849.0], [1789.2, 6448.0], [1789.15, 20285.0], [1789.1, 3808.0], [1789.05, 6055.0], [1789.0, 16762.0], [1788.95, 44625.0], [1788.9, 15552.0], [1788.85, 4102.0], [1788.8, 6069.0], [1788.75, 27.0], [1788.7, 2000.0], [1788.65, 1821.0], [1788.6, 22281.0]], "asks": [[1789.65, 25.0], [1789.95, 3747.0], [1790.0, 15401.0], [1790.05, 8400.0], [1790.1, 4449.0], [1790.15, 8421.0], [1790.2, 21933.0], [1790.25, 52286.0], [1790.3, 1706.0], [1790.35, 1606.0], [1790.4, 19516.0], [1790.45, 14049.0], [1790.5, 66660.0], [1790.55, 1706.0], [1790.6, 7692.0], [1790.65, 19489.0], [1790.7, 18221.0], [1790.75, 65786.0], [1790.8, 14000.0], [1790.85, 12138.0]]}}}
{"jsonrpc": "2.0", "method": "subscription", "params": {"channel": "book.ETH-PERPETUAL.none.20.100ms", "data": {"timestamp": 1745420940228, "change_id": 66501209508, "instrument_name": "ETH-PERPETUAL", "bids": [[1789.6, 5426.0], [1789.5, 12134.0], [1789.45, 30733.0], [1789.4, 3503.0], [1789.35, 11675.0], [1789.3, 1935.0], [1789.25, 8849.0], [1789.2, 6448.0], [1789.15, 20285.0], [1789.1, 3808.0], [1789.05, 6055.0], [1789.0, 16762.0], [1788.95, 44625.0], [1788.9, 15552.0], [1788.85, 4102.0], [1788.8, 6069.0], [1788.75, 27.0], [1788.7, 2000.0], [1788.65, 1821.0], [1788.6, 22281.0]], "asks": [[1789.65, 423.0], [1789.8, 1806.0], [1789.85, 5921.0], [1789.9, 100.0], [1789.95, 5114.0], [1790.0, 15401.0], [1790.05, 8400.0], [1790.1, 4449.0], [1790.15, 8421.0], [1790.2, 21933.0], [1790.25, 55003.0], [1790.3, 1706.0], [1790.35, 6320.0], [1790.4, 33522.0], [1790.45, 14049.0], [1790.5, 56079.0], [1790.55, 13562.0], [1790.6, 5403.0], [1790.65, 7633.0], [1790.7, 19116.0]]}}}
{"jsonrpc": "2.0", "method": "subscription", "params": {"channel": "book.ETH-PERPETUAL.none.20.100ms", "data": {"timestamp": 1745420940555, "change_id": 66501209824, "instrument_name": "ETH-PERPETUAL", "bids": [[1789.6, 841.0], [1789.5, 14.0], [1789.45, 2900.0], [1789.4, 3503.0], [1789.35, 11675.0], [1789.25, 73.0], [1789.2, 1240.0], [1789.15, 6288.0], [1789.1, 7264.0], [1789.05, 22786.0], [1789.0, 16762.0], [1788.95, 44625.0], [1788.9, 3707.0], [1788.85, 4102.0], [1788.8, 10231.0], [1788.75, 11872.0], [1788.7, 2000.0], [1788.65, 1921.0], [1788.6, 22281.0], [1788.55, 53940.0]], "asks": [[1789.65, 14616.0], [1789.8, 4806.0], [1789.85, 5921.0], [1789.9, 100.0], [1789.95, 3747.0], [1790.0, 15401.0], [1790.05, 7661.0], [1790.1, 4449.0], [1790.15, 11138.0], [1790.2, 22165.0], [1790.25, 52286.0], [1790.3, 7495.0], [1790.35, 15612.0], [1790.4, 22250.0], [1790.45, 14049.0], [1790.5, 64510.0], [1790.55, 1706.0], [1790.6, 9385.0], [1790.65, 7633.0], [1790.7, 19116.0]]}}}
{"jsonrpc": "2.0", "method": "subscription", "params": {"channel": "book.ETH-PERPETUAL.none.20.100ms", "data": {"timestamp": 1745420940877, "change_id": 66501210342, "instrument_name": "ETH-PERPETUAL", "bids": [[1789.6, 801.0], [1789.5, 14.0], [1789.4, 232.0], [1789.25, 73.0], [1789.15, 3503.0], [1789.1, 14081.0], [1789.0, 22683.0], [1788.95, 64910.0], [1788.9, 3707.0], [1788.85, 4102.0], [1788.8, 6069.0], [1788.75, 27.0], [1788.7, 7416.0], [1788.65, 11945.0], [1788.6, 22321.0], [1788.55, 58042.0], [1788.5, 100.0], [1788.4, 1814.0], [1788.35, 100.0], [1788.3, 6045.0]], "asks": [[1789.65, 27832.0], [1789.7, 4503.0], [1789.75, 11675.0], [1789.8, 4806.0], [1789.85, 5921.0], [1789.9, 100.0], [1790.0, 3726.0], [1790.05, 7661.0], [1790.1, 10737.0], [1790.15, 17645.0], [1790.2, 37942.0], [1790.25, 52286.0], [1790.3, 6257.0], [1790.35, 13464.0], [1790.4, 19516.0], [1790.45, 19617.0], [1790.5, 52654.0], [1790.55, 1706.0], [1790.6, 9325.0], [1790.65, 7633.0]]}}}
{"jsonrpc": "2.0", "method": "subscription", "params": {"channel": "book.ETH-PERPETUAL.none.20.100ms", "data": {"timestamp": 1745420941220, "change_id": 66501210807, "instrument_name": "ETH-PERPETUAL", "bids": [[1789.6, 808.0], [1789.5, 14.0], [1789.45, 1364.0], [1789.25, 73.0], [1789.15, 3503.0], [1789.1, 14081.0], [1789.0, 22683.0], [1788.95, 64910.0], [1788.9, 3707.0], [1788.85, 4102.0], [1788.8, 6069.0], [1788.75, 1317.0], [1788.7, 7416.0], [1788.65, 11945.0], [1788.6, 22321.0], [1788.55, 58042.0], [1788.5, 127.0], [1788.4, 1814.0], [1788.35, 100.0], [1788.3, 6045.0]], "asks": [[1789.65, 28509.0], [1789.7, 4503.0], [1789.75, 11675.0], [1789.8, 4806.0], [1789.85, 5921.0], [1789.9, 100.0], [1790.0, 3726.0], [1790.05, 7661.0], [1790.1, 10737.0], [1790.15, 17645.0], [1790.2, 37710.0], [1790.25, 55909.0], [1790.3, 6257.0], [1790.35, 25320.0], [1790.4, 19516.0], [1790.45, 7761.0], [1790.5, 52654.0], [1790.55, 1706.0], [1790.6, 9325.0], [1790.65, 7633.0]]}}}
{"jsonrpc": "2.0", "method": "subscription", "params": {"channel": "book.ETH-PERPETUAL.none.20.100ms", "data": {"timestamp": 1745420941553, "change_id": 66501211193, "instrument_name": "ETH-PERPETUAL", "bids": [[1789.6, 2172.0], [1789.5, 27.0], [1789.4, 232.0], [1789.3, 2900.0], [1789.25, 1849.0], [1789.2, 6021.0], [1789.15, 3503.0], [1789.1, 14081.0], [1789.0, 39408.0], [1788.95, 50913.0], [1788.8, 10161.0], [1788.75, 13162.0], [1788.7, 2000.0], [1788.65, 100.0], [1788.6, 22321.0], [1788.55, 53940.0], [1788.5, 127.0], [1788.4, 1814.0], [1788.35, 100.0], [1788.3, 6045.0]], "asks": [[1789.65, 6603.0], [1789.7, 4503.0], [1789.75, 11675.0], [1789.8, 1906.0], [1789.85, 7285.0], [1789.9, 100.0], [1790.0, 6626.0], [1790.05, 7661.0], [1790.1, 10969.0], [1790.15, 17645.0], [1790.2, 23704.0], [1790.25, 52286.0], [1790.3, 1706.0], [1790.35, 15612.0], [1790.4, 19516.0], [1790.45, 22345.0], [1790.5, 52654.0], [1790.55, 1706.0], [1790.6, 9325.0], [1790.65, 19633.0]]}}}
{"jsonrpc": "2.0", "method": "subscription", "params": {"channel": "book.ETH-PERPETUAL.none.20.100ms", "data": {"timestamp": 1745420941874, "change_id": 66501211561, "instrument_name": "ETH-PERPETUAL", "bids": [[1789.6, 2172.0], [1789.5, 27.0], [1789.4, 232.0], [1789.3, 2900.0], [1789.25, 1849.0], [1789.2, 6021.0], [1789.15, 3503.0], [1789.1, 14081.0], [1789.05, 13997.0], [1789.0, 22683.0], [1788.95, 50913.0], [1788.8, 14710.0], [1788.75, 13162.0], [1788.7, 2000.0], [1788.65, 100.0], [1788.6, 22321.0], [1788.55, 53940.0], [1788.5, 127.0], [1788.4, 1814.0], [1788.35, 100.0]], "asks": [[1789.65, 27525.0], [1789.7, 4503.0], [1789.75, 11675.0], [1789.8, 1906.0], [1789.85, 5921.0], [1789.9, 100.0], [1790.0, 6626.0], [1790.05, 7661.0], [1790.1, 4681.0], [1790.15, 11138.0], [1790.2, 23704.0], [1790.25, 52286.0], [1790.3, 8788.0], [1790.35, 15612.0], [1790.4, 25804.0], [1790.45, 35172.0], [1790.5, 52654.0], [1790.55, 1706.0], [1790.6, 9325.0], [1790.65, 7633.0]]}}}
{"jsonrpc": "2.0", "method": "subscription", "params": {"channel": "book.ETH-PERPETUAL.none.20.100ms", "data": {"timestamp": 1745420942207, "change_id": 66501212119, "instrument_name": "ETH-PERPETUAL", "bids": [[1789.6, 2930.0], [1789.5, 27.0], [1789.45, 1846.0], [1789.4, 10294.0], [1789.35, 11675.0], [1789.3, 2900.0], [1789.25, 1849.0], [1789.2, 6021.0], [1789.1, 2406.0], [1789.05, 13997.0], [1789.0, 22683.0], [1788.95, 50913.0], [1788.8, 22006.0], [1788.75, 1317.0], [1788.7, 2000.0], [1788.65, 100.0], [1788.6, 22321.0], [1788.55, 53940.0], [1788.5, 127.0], [1788.4, 1814.0]], "asks": [[1789.65, 543.0], [1789.75, 11675.0], [1789.8, 1906.0], [1789.85, 6647.0], [1789.9, 100.0], [1790.0, 6626.0], [1790.05, 7661.0], [1790.1, 6193.0], [1790.15, 11138.0], [1790.2, 23704.0], [1790.25, 52300.0], [1790.3, 1706.0], [1790.35, 1606.0], [1790.4, 25804.0], [1790.45, 36427.0], [1790.5, 64510.0], [1790.55, 1706.0], [1790.6, 9405.0], [1790.65, 19633.0], [1790.7, 18221.0]]}}}
{"jsonrpc": "2.0", "method": "subscription", "params": {"channel": "book.ETH-PERPETUAL.none.20.100ms", "data": {"timestamp": 1745420942548, "change_id": 66501212565, "instrument_name": "ETH-PERPETUAL", "bids": [[1789.6, 17920.0], [1789.55, 30000.0], [1789.5, 4803.0], [1789.4, 15096.0], [1789.35, 25672.0], [1789.3, 5628.0], [1789.25, 1879.0], [1789.2, 6021.0], [1789.1, 2406.0], [1789.05, 4092.0], [1789.0, 34528.0], [1788.95, 50913.0], [1788.8, 6069.0], [1788.75, 27.0], [1788.7, 2000.0], [1788.6, 22281.0], [1788.55, 53940.0], [1788.5, 127.0], [1788.4, 1814.0], [1788.35, 100.0]], "asks": [[1789.65, 423.0], [1790.0, 2368.0], [1790.05, 6055.0], [1790.1, 2474.0], [1790.15, 3997.0], [1790.2, 22098.0], [1790.25, 55019.0], [1790.3, 1706.0], [1790.35, 4004.0], [1790.4, 7994.0], [1790.45, 7761.0], [1790.5, 2654.0], [1790.55, 1706.0], [1790.6, 19309.0], [1790.65, 22361.0], [1790.7, 18341.0], [1790.75, 77891.0], [1790.8, 1709.0], [1790.85, 7636.0], [1790.9, 37344.0]]}}}
{"jsonrpc": "2.0", "method": "subscription", "params": {"channel": "book.ETH-PERPETUAL.none.20.100ms", "data": {"timestamp": 1745420942871, "change_id": 66501213091, "instrument_name": "ETH-PERPETUAL", "bids": [[1789.6, 18533.0], [1789.55, 41675.0], [1789.5, 11332.0], [1789.45, 23997.0], [1789.4, 13248.0], [1789.35, 10000.0], [1789.3, 13744.0], [1789.25, 73.0], [1789.2, 6021.0], [1789.15, 13136.0], [1789.1, 20297.0], [1789.05, 4092.0], [1789.0, 22683.0], [1788.95, 44625.0], [1788.85, 1821.0], [1788.8, 6069.0], [1788.75, 127.0], [1788.7, 2000.0], [1788.6, 54503.0], [1788.55, 53940.0]], "asks": [[1789.65, 423.0], [1790.15, 1197.0], [1790.2, 15238.0], [1790.25, 63741.0], [1790.3, 7142.0], [1790.35, 1606.0], [1790.4, 4516.0], [1790.45, 7761.0], [1790.5, 2654.0], [1790.55, 1706.0], [1790.6, 9558.0], [1790.65, 19633.0], [1790.7, 24629.0], [1790.75, 80041.0], [1790.8, 1709.0], [1790.85, 10380.0], [1790.9, 19086.0], [1790.95, 2604.0], [1791.0, 4476.0], [1791.05, 7736.0]]}}}
{"jsonrpc": "2.0", "method": "subscription", "params": {"channel": "book.ETH-PERPETUAL.none.20.100ms", "data": {"timestamp": 1745420943187, "change_id": 66501213652, "instrument_name": "ETH-PERPETUAL", "bids": [[1789.6, 20679.0], [1789.55, 41675.0], [1789.5, 8707.0], [1789.45, 13997.0], [1789.4, 10394.0], [1789.3, 17069.0], [1789.25, 73.0], [1789.2, 17866.0], [1789.15, 1291.0], [1789.1, 20297.0], [1789.05, 4092.0], [1789.0, 22683.0], [1788.95, 44625.0], [1788.9, 10000.0], [1788.85, 1821.0], [1788.8, 6069.0], [1788.75, 127.0], [1788.7, 2000.0], [1788.6, 54903.0], [1788.55, 53940.0]], "asks": [[1789.65, 407.0], [1790.15, 100.0], [1790.2, 15238.0], [1790.25, 63741.0], [1790.3, 8314.0], [1790.35, 7042.0], [1790.4, 4516.0], [1790.45, 8858.0], [1790.5, 2654.0], [1790.55, 11938.0], [1790.6, 9558.0], [1790.65, 19633.0], [1790.7, 24629.0], [1790.75, 80041.0], [1790.8, 1709.0], [1790.85, 10380.0], [1790.9, 19086.0], [1790.95, 2604.0], [1791.0, 4476.0], [1791.05, 7736.0]]}}}
{"jsonrpc": "2.0", "method": "subscription", "params": {"channel": "book.ETH-PERPETUAL.none.20.100ms", "data": {"timestamp": 1745420943540, "change_id": 66501214134, "instrument_name": "ETH-PERPETUAL", "bids": [[1789.6, 7039.0], [1789.55, 11675.0], [1789.5, 10578.0], [1789.45, 30000.0], [1789.4, 7807.0], [1789.3, 14987.0], [1789.25, 14070.0], [1789.2, 6021.0], [1789.1, 23051.0], [1789.05, 4092.0], [1789.0, 22683.0], [1788.95, 44625.0], [1788.9, 11845.0], [1788.85, 1821.0], [1788.8, 6069.0], [1788.75, 127.0], [1788.7, 2000.0], [1788.6, 42681.0], [1788.55, 53940.0], [1788.5, 100127.0]], "asks": [[1789.65, 8480.0], [1789.8, 1776.0], [1789.85, 5921.0], [1789.95, 825.0], [1790.0, 4403.0], [1790.05, 14675.0], [1790.1, 2458.0], [1790.15, 7142.0], [1790.2, 16844.0], [1790.25, 52300.0], [1790.3, 1706.0], [1790.35, 1606.0], [1790.4, 4516.0], [1790.45, 8858.0], [1790.5, 19414.0], [1790.55, 1938.0], [1790.6, 9558.0], [1790.65, 31489.0], [1790.7, 24629.0], [1790.75, 66035.0]]}}}
{"jsonrpc": "2.0", "method": "subscription", "params": {"channel": "book.ETH-PERPETUAL.none.20.100ms", "data": {"timestamp": 1745420943863, "change_id": 66501214540, "instrument_name": "ETH-PERPETUAL", "bids": [[1789.6, 928.0], [1789.55, 11675.0], [1789.5, 27.0], [1789.45, 232.0], [1789.3, 1828.0], [1789.25, 73.0], [1789.2, 6021.0], [1789.1, 10945.0], [1789.05, 13997.0], [1789.0, 28971.0], [1788.95, 44625.0], [1788.9, 6664.0], [1788.85, 11845.0], [1788.8, 6069.0], [1788.75, 4258.0], [1788.7, 2000.0], [1788.6, 22681.0], [1788.55, 53940.0], [1788.5, 100127.0], [1788.4, 1814.0]], "asks": [[1789.65, 14480.0], [1789.8, 1776.0], [1789.85, 5921.0], [1789.95, 825.0], [1790.0, 4408.0], [1790.05, 14675.0], [1790.1, 2458.0], [1790.15, 7142.0], [1790.2, 16844.0], [1790.25, 52300.0], [1790.3, 1706.0], [1790.35, 15612.0], [1790.4, 10804.0], [1790.45, 8858.0], [1790.5, 2654.0], [1790.55, 13794.0], [1790.6, 9558.0], [1790.65, 23764.0], [1790.7, 18341.0], [1790.75, 66035.0]]}}}
{"jsonrpc": "2.0", "method": "subscription", "params": {"channel": "book.ETH-PERPETUAL.none.20.100ms", "data": {"timestamp": 1745420944192, "change_id": 66501215017, "instrument_name": "ETH-PERPETUAL", "bids": [[1789.6, 808.0], [1789.55, 11675.0], [1789.5, 27.0], [1789.45, 232.0], [1789.3, 1828.0], [1789.25, 73.0], [1789.2, 6021.0], [1789.1, 10945.0], [1789.05, 13997.0], [1789.0, 28971.0], [1788.95, 44625.0], [1788.9, 1290.0], [1788.8, 6069.0], [1788.75, 16103.0], [1788.7, 2000.0], [1788.65, 120.0], [1788.6, 22281.0], [1788.55, 53940.0], [1788.5, 127.0], [1788.4, 1814.0]], "asks": [[1789.65, 14600.0], [1789.8, 1776.0], [1789.85, 5921.0], [1789.95, 825.0], [1790.0, 4408.0], [1790.05, 14675.0], [1790.1, 2458.0], [1790.15, 7142.0], [1790.2, 16844.0], [1790.25, 52300.0], [1790.3, 1706.0], [1790.35, 15612.0], [1790.4, 10804.0], [1790.45, 8858.0], [1790.5, 14510.0], [1790.55, 1938.0], [1790.6, 9558.0], [1790.65, 23764.0], [1790.7, 18221.0], [1790.75, 66035.0]]}}}
{"jsonrpc": "2.0", "method": "subscription", "params": {"channel": "book.ETH-PERPETUAL.none.20.100ms", "data": {"timestamp": 1745420944510, "change_id": 66501215250, "instrument_name": "ETH-PERPETUAL", "bids": [[1789.6, 848.0], [1789.55, 11675.0], [1789.5, 27.0], [1789.45, 984.0], [1789.3, 1828.0], [1789.25, 2973.0], [1789.2, 6021.0], [1789.1, 2406.0], [1789.05, 13997.0], [1789.0, 28971.0], [1788.95, 47379.0], [1788.9, 1290.0], [1788.8, 6069.0], [1788.75, 16103.0], [1788.7, 2000.0], [1788.65, 80.0], [1788.6, 22281.0], [1788.55, 53940.0], [1788.5, 127.0], [1788.4, 1814.0]], "asks": [[1789.65, 20521.0], [1789.8, 1776.0], [1789.85, 5921.0], [1789.95, 3000.0], [1790.0, 4408.0], [1790.05, 14675.0], [1790.1, 2458.0], [1790.15, 7142.0], [1790.2, 16844.0], [1790.25, 52300.0], [1790.3, 15712.0], [1790.35, 1606.0], [1790.4, 10804.0], [1790.45, 20714.0], [1790.5, 3549.0], [1790.55, 1938.0], [1790.6, 9558.0], [1790.65, 23764.0], [1790.7, 18221.0], [1790.75, 66035.0]]}}}
{"jsonrpc": "2.0", "method": "subscription", "params": {"channel": "book.ETH-PERPETUAL.none.20.100ms", "data": {"timestamp": 1745420944856, "change_id": 66501215570, "instrument_name": "ETH-PERPETUAL", "bids": [[1789.6, 808.0], [1789.5, 27.0], [1789.45, 984.0], [1789.4, 3503.0], [1789.35, 11675.0], [1789.3, 2698.0], [1789.25, 2973.0], [1789.2, 10220.0], [1789.15, 13997.0], [1789.1, 3992.0], [1789.0, 28971.0], [1788.95, 44625.0], [1788.9, 1290.0], [1788.85, 11845.0], [1788.8, 6069.0], [1788.75, 4158.0], [1788.7, 2000.0], [1788.65, 120.0], [1788.6, 22281.0], [1788.55, 53940.0]], "asks": [[1789.65, 14880.0], [1789.8, 5157.0], [1789.85, 17596.0], [1789.95, 3000.0], [1790.0, 5.0], [1790.05, 3000.0], [1790.1, 2458.0], [1790.15, 7142.0], [1790.2, 16844.0], [1790.25, 52300.0], [1790.3, 1706.0], [1790.35, 1606.0], [1790.4, 24810.0], [1790.45, 7761.0], [1790.5, 3549.0], [1790.55, 1938.0], [1790.6, 29079.0], [1790.65, 11764.0], [1790.7, 18221.0], [1790.75, 66035.0]]}}}
{"jsonrpc": "2.0", "method": "subscription", "params": {"channel": "book.ETH-PERPETUAL.none.20.100ms", "data": {"timestamp": 1745420945190, "change_id": 66501216006, "instrument_name": "ETH-PERPETUAL", "bids": [[1789.6, 848.0], [1789.5, 27.0], [1789.45, 752.0], [1789.4, 3503.0], [1789.35, 11675.0], [1789.3, 2698.0], [1789.25, 2973.0], [1789.2, 6021.0], [1789.1, 3992.0], [1789.05, 13997.0], [1789.0, 28971.0], [1788.95, 44625.0], [1788.9, 1290.0], [1788.8, 17914.0], [1788.75, 4158.0], [1788.7, 2000.0], [1788.65, 80.0], [1788.6, 22281.0], [1788.55, 53940.0], [1788.5, 127.0]], "asks": [[1789.65, 12728.0], [1789.8, 5157.0], [1789.85, 17596.0], [1789.95, 3000.0], [1790.0, 5.0], [1790.05, 3000.0], [1790.1, 2458.0], [1790.15, 8239.0], [1790.2, 16844.0], [1790.25, 52300.0], [1790.3, 1706.0], [1790.35, 15612.0], [1790.4, 13565.0], [1790.45, 7761.0], [1790.5, 15405.0], [1790.55, 1938.0], [1790.6, 17223.0], [1790.65, 11764.0], [1790.7, 18221.0], [1790.75, 66035.0]]}}}
{"jsonrpc": "2.0", "method": "subscription", "params": {"channel": "book.ETH-PERPETUAL.none.20.100ms", "data": {"timestamp": 1745420945523, "change_id": 66501216250, "instrument_name": "ETH-PERPETUAL", "bids": [[1789.6, 2228.0], [1789.5, 1192.0], [1789.45, 3884.0], [1789.4, 3503.0], [1789.35, 11675.0], [1789.3, 2698.0], [1789.25, 2973.0], [1789.2, 6021.0], [1789.15, 2510.0], [1789.1, 12359.0], [1789.05, 13997.0], [1789.0, 22683.0], [1788.95, 44625.0], [1788.9, 1290.0], [1788.8, 17914.0], [1788.75, 4158.0], [1788.7, 2000.0], [1788.65, 80.0], [1788.6, 22281.0], [1788.55, 53940.0]], "asks": [[1789.65, 20801.0], [1789.8, 5157.0], [1789.85, 17596.0], [1789.95, 3000.0], [1790.0, 3905.0], [1790.05, 3000.0], [1790.1, 12458.0], [1790.15, 8239.0], [1790.2, 16844.0], [1790.25, 52300.0], [1790.3, 1706.0], [1790.35, 15612.0], [1790.4, 13565.0], [1790.45, 7761.0], [1790.5, 14510.0], [1790.55, 1938.0], [1790.6, 17223.0], [1790.65, 11764.0], [1790.7, 2771.0], [1790.75, 13858.0]]}}}
{"jsonrpc": "2.0", "method": "subscription", "params": {"channel": "book.ETH-PERPETUAL.none.20.100ms", "data": {"timestamp": 1745420945831, "change_id": 66501216469, "instrument_name": "ETH-PERPETUAL", "bids": [[1789.6, 2228.0], [1789.5, 1192.0], [1789.45, 3884.0], [1789.4, 3503.0], [1789.35, 11675.0], [1789.3, 2698.0], [1789.25, 2973.0], [1789.2, 6021.0], [1789.15, 2510.0], [1789.1, 12359.0], [1789.05, 13997.0], [1789.0, 22683.0], [1788.95, 44625.0], [1788.9, 1290.0], [1788.85, 5374.0], [1788.8, 17914.0], [1788.75, 4158.0], [1788.7, 2000.0], [1788.65, 80.0], [1788.6, 22281.0]], "asks": [[1789.65, 24728.0], [1789.8, 5157.0], [1789.85, 17596.0], [1789.95, 3000.0], [1790.0, 3905.0], [1790.05, 3000.0], [1790.1, 12458.0], [1790.15, 8239.0], [1790.2, 16844.0], [1790.25, 52300.0], [1790.3, 9885.0], [1790.35, 16507.0], [1790.4, 13565.0], [1790.45, 7761.0], [1790.5, 14510.0], [1790.55, 1938.0], [1790.6, 5223.0], [1790.65, 59970.0], [1790.7, 2771.0], [1790.75, 13858.0]]}}}
{"jsonrpc": "2.0", "method": "subscription", "params": {"channel": "book.ETH-PERPETUAL.none.20.100ms", "data": {"timestamp": 1745420946175, "change_id": 66501216845, "instrument_name": "ETH-PERPETUAL", "bids": [[1789.6, 2228.0], [1789.5, 27.0], [1789.45, 984.0], [1789.4, 3503.0], [1789.35, 11675.0], [1789.3, 1753.0], [1789.25, 2973.0], [1789.2, 2871.0], [1789.15, 1682.0], [1789.1, 9598.0], [1789.05, 13997.0], [1789.0, 22683.0], [1788.95, 44625.0], [1788.9, 1290.0], [1788.85, 5374.0], [1788.8, 17914.0], [1788.75, 4158.0], [1788.7, 2000.0], [1788.65, 80.0], [1788.6, 22281.0]], "asks": [[1789.65, 33317.0], [1789.8, 5157.0], [1789.85, 17596.0], [1789.95, 3000.0], [1790.0, 5.0], [1790.05, 3000.0], [1790.1, 2458.0], [1790.15, 8239.0], [1790.2, 16844.0], [1790.25, 52300.0], [1790.3, 15712.0], [1790.35, 1606.0], [1790.4, 13565.0], [1790.45, 7761.0], [1790.5, 14510.0], [1790.55, 1938.0], [1790.6, 5223.0], [1790.65, 59970.0], [1790.7, 2771.0], [1790.75, 13858.0]]}}}
{"jsonrpc": "2.0", "method": "subscription", "params": {"channel": "book.ETH-PERPETUAL.none.20.100ms", "data": {"timestamp": 1745420946516, "change_id": 66501217477, "instrument_name": "ETH-PERPETUAL", "bids": [[1789.6, 52222.0], [1789.55, 11675.0], [1789.5, 2929.0], [1789.45, 3652.0], [1789.4, 9524.0], [1789.35, 13997.0], [1789.3, 3530.0], [1789.25, 2973.0], [1789.2, 8792.0], [1789.15, 1682.0], [1789.1, 5606.0], [1789.05, 11845.0], [1789.0, 26840.0], [1788.95, 44625.0], [1788.9, 1290.0], [1788.8, 6069.0], [1788.75, 27.0], [1788.7, 2000.0], [1788.6, 22281.0], [1788.55, 153940.0]], "asks": [[1789.65, 398.0], [1790.0, 5928.0], [1790.05, 17596.0], [1790.1, 2900.0], [1790.15, 1197.0], [1790.2, 15238.0], [1790.25, 57300.0], [1790.3, 1706.0], [1790.35, 3800.0], [1790.4, 10122.0], [1790.45, 7761.0], [1790.5, 2654.0], [1790.55, 1938.0], [1790.6, 20114.0], [1790.65, 7693.0], [1790.7, 16777.0], [1790.75, 25714.0], [1790.8, 1709.0], [1790.85, 7636.0], [1790.9, 1609.0]]}}}
{"jsonrpc": "2.0", "method": "subscription", "params": {"channel": "book.ETH-PERPETUAL.none.20.100ms", "data": {"timestamp": 1745420946845, "change_id": 66501217878, "instrument_name": "ETH-PERPETUAL", "bids": [[1789.6, 45176.0], [1789.55, 11675.0], [1789.5, 2929.0], [1789.45, 3652.0], [1789.4, 6021.0], [1789.35, 4199.0], [1789.3, 17527.0], [1789.25, 4264.0], [1789.2, 8792.0], [1789.15, 1682.0], [1789.1, 5606.0], [1789.05, 7207.0], [1789.0, 38685.0], [1788.95, 44625.0], [1788.8, 6069.0], [1788.75, 27.0], [1788.7, 12000.0], [1788.6, 22281.0], [1788.55, 153940.0], [1788.5, 1021.0]], "asks": [[1789.65, 398.0], [1790.0, 5928.0], [1790.05, 17596.0], [1790.1, 4290.0], [1790.15, 1197.0], [1790.2, 15238.0], [1790.25, 57734.0], [1790.3, 1706.0], [1790.35, 3800.0], [1790.4, 10122.0], [1790.45, 7761.0], [1790.5, 2654.0], [1790.55, 15944.0], [1790.6, 20114.0], [1790.65, 7693.0], [1790.7, 14627.0], [1790.75, 14753.0], [1790.8, 19593.0], [1790.85, 58004.0], [1790.9, 1609.0]]}}}
{"jsonrpc": "2.0", "method": "subscription", "params": {"channel": "book.ETH-PERPETUAL.none.20.100ms", "data": {"timestamp": 1745420947181, "change_id": 66501218577, "instrument_name": "ETH-PERPETUAL", "bids": [[1789.6, 1151.0], [1789.55, 11675.0], [1789.5, 27.0], [1789.45, 2142.0], [1789.3, 3530.0], [1789.25, 2973.0], [1789.2, 12970.0], [1789.1, 23497.0], [1789.05, 9385.0], [1789.0, 36680.0], [1788.95, 44625.0], [1788.8, 6069.0], [1788.75, 11872.0], [1788.7, 6171.0], [1788.65, 100.0], [1788.6, 22321.0], [1788.55, 53940.0], [1788.5, 127.0], [1788.45, 10000.0], [1788.4, 1814.0]], "asks": [[1789.65, 14471.0], [1789.8, 1906.0], [1789.85, 5921.0], [1789.9, 100.0], [1789.95, 741.0], [1790.0, 6254.0], [1790.05, 17596.0], [1790.1, 4074.0], [1790.15, 7139.0], [1790.2, 16844.0], [1790.25, 52300.0], [1790.3, 1706.0], [1790.35, 17806.0], [1790.4, 21978.0], [1790.45, 7761.0], [1790.5, 2654.0], [1790.55, 1938.0], [1790.6, 17343.0], [1790.65, 7693.0], [1790.7, 6942.0]]}}}
{"jsonrpc": "2.0", "method": "subscription", "params": {"channel": "book.ETH-PERPETUAL.none.20.100ms", "data": {"timestamp": 1745420947511, "change_id": 66501218937, "instrument_name": "ETH-PERPETUAL", "bids": [[1789.6, 808.0], [1789.5, 27.0], [1789.45, 752.0], [1789.4, 3572.0], [1789.35, 11675.0], [1789.3, 232.0], [1789.25, 2973.0], [1789.2, 1682.0], [1789.15, 2900.0], [1789.1, 5706.0], [1789.05, 9385.0], [1789.0, 36680.0], [1788.95, 44625.0], [1788.8, 6069.0], [1788.75, 13162.0], [1788.7, 6171.0], [1788.65, 100.0], [1788.6, 22321.0], [1788.55, 53940.0], [1788.5, 127.0]], "asks": [[1789.65, 32772.0], [1789.7, 1390.0], [1789.75, 2400.0], [1789.8, 13083.0], [1789.85, 17596.0], [1789.9, 100.0], [1789.95, 741.0], [1790.0, 2751.0], [1790.05, 5921.0], [1790.1, 4074.0], [1790.15, 7139.0], [1790.2, 16844.0], [1790.25, 67403.0], [1790.3, 1706.0], [1790.35, 4695.0], [1790.4, 10122.0], [1790.45, 19617.0], [1790.5, 52654.0], [1790.55, 1938.0], [1790.6, 5223.0]]}}}
{"jsonrpc": "2.0", "method": "subscription", "params": {"channel": "book.ETH-PERPETUAL.none.20.100ms", "data": {"timestamp": 1745420947747, "change_id": 66501219053, "instrument_name": "ETH-PERPETUAL", "bids": [[1789.6, 808.0], [1789.5, 1420.0], [1789.45, 752.0], [1789.4, 3572.0], [1789.35, 11675.0], [1789.3, 232.0], [1789.25, 2973.0], [1789.2, 1682.0], [1789.15, 2900.0], [1789.1, 5706.0], [1789.05, 9385.0], [1789.0, 36680.0], [1788.95, 44625.0], [1788.8, 6069.0], [1788.75, 13162.0], [1788.7, 6171.0], [1788.65, 100.0], [1788.6, 22321.0], [1788.55, 53940.0], [1788.5, 127.0]], "asks": [[1789.65, 32772.0], [1789.7, 1390.0], [1789.75, 2400.0], [1789.8, 13083.0], [1789.85, 17596.0], [1789.9, 100.0], [1789.95, 3773.0], [1790.0, 12751.0], [1790.05, 5921.0], [1790.1, 4074.0], [1790.15, 7139.0], [1790.2, 16844.0], [1790.25, 56177.0], [1790.3, 15712.0], [1790.35, 5546.0], [1790.4, 23150.0], [1790.45, 7761.0], [1790.5, 52654.0], [1790.55, 1938.0], [1790.6, 5223.0]]}}}
{"jsonrpc": "2.0", "method": "subscription", "params": {"channel": "book.ETH-PERPETUAL.none.20.100ms", "data": {"timestamp": 1745420948121, "change_id": 66501219668, "instrument_name": "ETH-PERPETUAL", "bids": [[1789.6, 808.0], [1789.5, 1420.0], [1789.45, 752.0], [1789.4, 3572.0], [1789.35, 11675.0], [1789.3, 2900.0], [1789.25, 2973.0], [1789.2, 7603.0], [1789.15, 2900.0], [1789.1, 5706.0], [1789.05, 5186.0], [1789.0, 22683.0], [1788.95, 44625.0], [1788.85, 13997.0], [1788.8, 6069.0], [1788.75, 1317.0], [1788.7, 6171.0], [1788.65, 11945.0], [1788.6, 22321.0], [1788.55, 53940.0]], "asks": [[1789.65, 32790.0], [1789.75, 2400.0], [1789.8, 13083.0], [1789.85, 17596.0], [1789.9, 100.0], [1789.95, 3773.0], [1790.0, 12751.0], [1790.05, 5921.0], [1790.1, 4074.0], [1790.15, 7139.0], [1790.2, 16844.0], [1790.25, 70183.0], [1790.3, 1706.0], [1790.35, 5546.0], [1790.4, 38694.0], [1790.45, 7761.0], [1790.5, 52654.0], [1790.55, 1938.0], [1790.6, 5223.0], [1790.65, 7633.0]]}}}
{"jsonrpc": "2.0", "method": "subscription", "params": {"channel": "book.ETH-PERPETUAL.none.20.100ms", "data": {"timestamp": 1745420948504, "change_id": 66501220033, "instrument_name": "ETH-PERPETUAL", "bids": [[1789.6, 808.0], [1789.5, 27.0], [1789.4, 1393.0], [1789.35, 11675.0], [1789.3, 232.0], [1789.25, 2973.0], [1789.2, 1682.0], [1789.15, 2900.0], [1789.1, 5606.0], [1789.0, 16762.0], [1788.95, 44625.0], [1788.85, 16783.0], [1788.8, 6069.0], [1788.75, 1317.0], [1788.7, 6171.0], [1788.65, 11945.0], [1788.6, 22321.0], [1788.55, 53940.0], [1788.5, 127.0], [1788.4, 1814.0]], "asks": [[1789.65, 36444.0], [1789.7, 1770.0], [1789.75, 2900.0], [1789.8, 8083.0], [1789.85, 17596.0], [1789.9, 100.0], [1790.0, 2751.0], [1790.05, 5921.0], [1790.1, 6860.0], [1790.15, 7139.0], [1790.2, 30850.0], [1790.25, 53397.0], [1790.3, 1706.0], [1790.35, 5546.0], [1790.4, 38694.0], [1790.45, 11941.0], [1790.5, 52654.0], [1790.55, 1938.0], [1790.6, 5223.0], [1790.65, 7633.0]]}}}
{"jsonrpc": "2.0", "method": "subscription", "params": {"channel": "book.ETH-PERPETUAL.none.20.100ms", "data": {"timestamp": 1745420948808, "change_id": 66501220286, "instrument_name": "ETH-PERPETUAL", "bids": [[1789.6, 808.0], [1789.5, 27.0], [1789.4, 1393.0], [1789.35, 11675.0], [1789.3, 232.0], [1789.25, 2973.0], [1789.2, 1682.0], [1789.15, 2900.0], [1789.1, 5606.0], [1789.0, 16762.0], [1788.95, 44625.0], [1788.9, 13997.0], [1788.85, 2786.0], [1788.8, 6069.0], [1788.75, 1317.0], [1788.7, 6171.0], [1788.65, 11945.0], [1788.6, 22321.0], [1788.55, 53940.0], [1788.5, 3127.0]], "asks": [[1789.65, 36937.0], [1789.7, 1770.0], [1789.75, 2900.0], [1789.8, 8083.0], [1789.85, 17596.0], [1789.9, 100.0], [1790.0, 2751.0], [1790.05, 5921.0], [1790.1, 6860.0], [1790.15, 7139.0], [1790.2, 16844.0], [1790.25, 67403.0], [1790.3, 1706.0], [1790.35, 17402.0], [1790.4, 26838.0], [1790.45, 11941.0], [1790.5, 52654.0], [1790.55, 1938.0], [1790.6, 5223.0], [1790.65, 7633.0]]}}}
{"jsonrpc": "2.0", "method": "subscription", "params": {"channel": "book.ETH-PERPETUAL.none.20.100ms", "data": {"timestamp": 1745420949161, "change_id": 66501220839, "instrument_name": "ETH-PERPETUAL", "bids": [[1789.6, 808.0], [1789.5, 27.0], [1789.25, 2973.0], [1789.2, 5844.0], [1789.15, 14575.0], [1789.1, 5606.0], [1789.05, 4829.0], [1789.0, 36680.0], [1788.95, 47434.0], [1788.8, 6069.0], [1788.75, 13162.0], [1788.7, 6171.0], [1788.65, 100.0], [1788.6, 6109.0], [1788.55, 1757.0], [1788.5, 3127.0], [1788.4, 1814.0], [1788.35, 100.0], [1788.3, 12195.0], [1788.25, 20400.0]], "asks": [[1789.65, 47105.0], [1789.7, 6770.0], [1789.75, 2900.0], [1789.8, 4806.0], [1789.85, 5921.0], [1789.9, 100.0], [1789.95, 1097.0], [1790.0, 2751.0], [1790.05, 5921.0], [1790.1, 6860.0], [1790.15, 7139.0], [1790.2, 16844.0], [1790.25, 67201.0], [1790.3, 8814.0], [1790.35, 3352.0], [1790.4, 37799.0], [1790.45, 11941.0], [1790.5, 52654.0], [1790.55, 1938.0], [1790.6, 5223.0]]}}}
{"jsonrpc": "2.0", "method": "subscription", "params": {"channel": "book.ETH-PERPETUAL.none.20.100ms", "data": {"timestamp": 1745420949496, "change_id": 66501221124, "instrument_name": "ETH-PERPETUAL", "bids": [[1789.6, 808.0], [1789.5, 27.0], [1789.3, 1994.0], [1789.25, 2973.0], [1789.2, 8744.0], [1789.15, 14575.0], [1789.1, 5606.0], [1789.05, 4829.0], [1789.0, 30759.0], [1788.95, 44625.0], [1788.8, 6069.0], [1788.75, 1317.0], [1788.7, 6171.0], [1788.65, 11945.0], [1788.6, 6109.0], [1788.55, 1757.0], [1788.5, 3127.0], [1788.4, 1814.0], [1788.35, 49595.0], [1788.3, 12195.0]], "asks": [[1789.65, 45814.0], [1789.7, 1770.0], [1789.75, 2900.0], [1789.8, 4806.0], [1789.85, 5921.0], [1789.9, 1331.0], [1789.95, 3997.0], [1790.0, 4617.0], [1790.05, 10455.0], [1790.1, 4074.0], [1790.15, 7139.0], [1790.2, 16844.0], [1790.25, 70010.0], [1790.3, 8814.0], [1790.35, 3352.0], [1790.4, 37799.0], [1790.45, 11941.0], [1790.5, 52654.0], [1790.55, 1938.0], [1790.6, 5223.0]]}}}
{"jsonrpc": "2.0", "method": "subscription", "params": {"channel": "book.ETH-PERPETUAL.none.20.100ms", "data": {"timestamp": 1745420949827, "change_id": 66501221338, "instrument_name": "ETH-PERPETUAL", "bids": [[1789.6, 808.0], [1789.5, 27.0], [1789.3, 1994.0], [1789.25, 2973.0], [1789.2, 8744.0], [1789.15, 14575.0], [1789.1, 11094.0], [1789.05, 2809.0], [1789.0, 30759.0], [1788.95, 44625.0], [1788.8, 6069.0], [1788.75, 1317.0], [1788.7, 6171.0], [1788.65, 11945.0], [1788.6, 6109.0], [1788.55, 1757.0], [1788.5, 3127.0], [1788.4, 1814.0], [1788.35, 49595.0], [1788.3, 12195.0]], "asks": [[1789.65, 45712.0], [1789.8, 4806.0], [1789.85, 5921.0], [1789.9, 4177.0], [1789.95, 13997.0], [1790.0, 4617.0], [1790.05, 10455.0], [1790.1, 4074.0], [1790.15, 7139.0], [1790.2, 16844.0], [1790.25, 70010.0], [1790.3, 8814.0], [1790.35, 3352.0], [1790.4, 37799.0], [1790.45, 11941.0], [1790.5, 52654.0], [1790.55, 1938.0], [1790.6, 5223.0], [1790.65, 7633.0], [1790.7, 2771.0]]}}}
{"jsonrpc": "2.0", "method": "subscription", "params": {"channel": "book.ETH-PERPETUAL.none.20.100ms", "data": {"timestamp": 1745420950144, "change_id": 66501221712, "instrument_name": "ETH-PERPETUAL", "bids": [[1789.6, 808.0], [1789.5, 27.0], [1789.35, 757.0], [1789.3, 1762.0], [1789.25, 2973.0], [1789.2, 8744.0], [1789.15, 14675.0], [1789.1, 12648.0], [1789.05, 2809.0], [1789.0, 36680.0], [1788.95, 44625.0], [1788.8, 6069.0], [1788.75, 13162.0], [1788.7, 6171.0], [1788.65, 100.0], [1788.6, 6109.0], [1788.55, 1757.0], [1788.5, 3127.0], [1788.4, 1814.0], [1788.35, 49595.0]], "asks": [[1789.65, 45712.0], [1789.8, 4806.0], [1789.85, 5921.0], [1789.9, 1331.0], [1789.95, 3997.0], [1790.0, 4112.0], [1790.05, 10455.0], [1790.1, 5377.0], [1790.15, 7139.0], [1790.2, 16844.0], [1790.25, 70010.0], [1790.3, 8814.0], [1790.35, 3352.0], [1790.4, 37799.0], [1790.45, 11941.0], [1790.5, 52654.0], [1790.55, 1938.0], [1790.6, 5223.0], [1790.65, 7633.0], [1790.7, 2771.0]]}}}
{"jsonrpc": "2.0", "method": "subscription", "params": {"channel": "book.ETH-PERPETUAL.none.20.100ms", "data": {"timestamp": 1745420950451, "change_id": 66501221920, "instrument_name": "ETH-PERPETUAL", "bids": [[1789.6, 808.0], [1789.5, 27.0], [1789.35, 757.0], [1789.3, 1994.0], [1789.25, 2973.0], [1789.2, 8744.0], [1789.15, 14675.0], [1789.1, 7079.0], [1789.05, 2809.0], [1789.0, 16762.0], [1788.95, 44625.0], [1788.85, 13997.0], [1788.8, 6069.0], [1788.75, 1317.0], [1788.7, 6171.0], [1788.65, 11945.0], [1788.6, 6109.0], [1788.55, 1757.0], [1788.5, 3127.0], [1788.4, 1814.0]], "asks": [[1789.65, 45722.0], [1789.8, 4806.0], [1789.85, 5921.0], [1789.9, 1331.0], [1789.95, 3997.0], [1790.0, 7012.0], [1790.05, 10455.0], [1790.1, 5377.0], [1790.15, 7139.0], [1790.2, 16844.0], [1790.25, 70010.0], [1790.3, 8814.0], [1790.35, 3352.0], [1790.4, 37799.0], [1790.45, 11941.0], [1790.5, 52654.0], [1790.55, 1938.0], [1790.6, 5223.0], [1790.65, 7633.0], [1790.7, 2771.0]]}}}
{"jsonrpc": "2.0", "method": "subscription", "params": {"channel": "book.ETH-PERPETUAL.none.20.100ms", "data": {"timestamp": 1745420950814, "change_id": 66501223182, "instrument_name": "ETH-PERPETUAL", "bids": [[1789.0, 2000.0], [1788.75, 27.0], [1788.7, 5545.0], [1788.65, 11775.0], [1788.6, 40.0], [1788.5, 8329.0], [1788.4, 30462.0], [1788.35, 49495.0], [1788.3, 18694.0], [1788.25, 44625.0], [1788.2, 11945.0], [1788.15, 1814.0], [1788.1, 7250.0], [1788.0, 4040.0], [1787.95, 1918.0], [1787.9, 7759.0], [1787.85, 600.0], [1787.6, 11326.0], [1787.55, 38175.0], [1787.5, 8788.0]], "asks": [[1789.05, 14073.0], [1789.1, 3407.0], [1789.15, 12123.0], [1789.2, 9306.0], [1789.3, 12509.0], [1789.35, 7200.0], [1789.4, 20698.0], [1789.45, 2652.0], [1789.5, 10396.0], [1789.55, 6292.0], [1789.6, 6884.0], [1789.65, 9991.0], [1789.7, 7213.0], [1789.75, 14006.0], [1789.8, 23700.0], [1789.85, 7527.0], [1789.9, 4288.0], [1789.95, 5603.0], [1790.0, 9104.0], [1790.05, 14878.0]]}}}
{"jsonrpc": "2.0", "method": "subscription", "params": {"channel": "book.ETH-PERPETUAL.none.20.100ms", "data": {"timestamp": 1745420951144, "change_id": 66501224139, "instrument_name": "ETH-PERPETUAL", "bids": [[1789.0, 2000.0], [1788.75, 27.0], [1788.7, 5545.0], [1788.65, 11775.0], [1788.6, 40.0], [1788.5, 4709.0], [1788.45, 100.0], [1788.4, 11392.0], [1788.35, 13997.0], [1788.3, 18694.0], [1788.25, 44625.0], [1788.2, 100.0], [1788.15, 1814.0], [1788.1, 10660.0], [1788.05, 11845.0], [1788.0, 4040.0], [1787.95, 1918.0], [1787.9, 7759.0], [1787.85, 200.0], [1787.6, 11326.0]], "asks": [[1789.05, 26473.0], [1789.1, 6714.0], [1789.15, 28798.0], [1789.3, 1456.0], [1789.35, 5369.0], [1789.4, 19023.0], [1789.45, 2652.0], [1789.5, 26848.0], [1789.55, 11445.0], [1789.6, 68962.0], [1789.65, 9934.0], [1789.7, 11544.0], [1789.75, 1606.0], [1789.8, 18268.0], [1789.85, 7527.0], [1789.9, 8077.0], [1789.95, 17039.0], [1790.0, 8553.0], [1790.05, 7627.0], [1790.1, 1606.0]]}}}
{"jsonrpc": "2.0", "method": "subscription", "params": {"channel": "book.ETH-PERPETUAL.none.20.100ms", "data": {"timestamp": 1745420951474, "change_id": 66501224681, "instrument_name": "ETH-PERPETUAL", "bids": [[1789.0, 3335.0], [1788.8, 1701.0], [1788.75, 2927.0], [1788.7, 7681.0], [1788.65, 11775.0], [1788.6, 6395.0], [1788.5, 4709.0], [1788.45, 100.0], [1788.4, 11779.0], [1788.35, 13997.0], [1788.3, 19984.0], [1788.25, 44625.0], [1788.2, 6669.0], [1788.15, 11845.0], [1788.1, 12464.0], [1788.0, 4040.0], [1787.95, 1918.0], [1787.9, 7759.0], [1787.85, 200.0], [1787.6, 11326.0]], "asks": [[1789.05, 15224.0], [1789.1, 6714.0], [1789.15, 23798.0], [1789.3, 9.0], [1789.35, 2707.0], [1789.4, 9023.0], [1789.45, 4165.0], [1789.5, 32956.0], [1789.55, 10170.0], [1789.6, 59055.0], [1789.65, 9916.0], [1789.7, 23757.0], [1789.75, 1606.0], [1789.8, 17534.0], [1789.85, 7527.0], [1789.9, 26463.0], [1789.95, 14139.0], [1790.0, 64653.0], [1790.05, 7627.0], [1790.1, 1606.0]]}}}
{"jsonrpc": "2.0", "method": "subscription", "params": {"channel": "book.ETH-PERPETUAL.none.20.100ms", "data": {"timestamp": 1745420951811, "change_id": 66501225179, "instrument_name": "ETH-PERPETUAL", "bids": [[1789.0, 2000.0], [1788.75, 2927.0], [1788.7, 5545.0], [1788.65, 11775.0], [1788.6, 272.0], [1788.5, 4709.0], [1788.45, 100.0], [1788.4, 11779.0], [1788.35, 13997.0], [1788.3, 19984.0], [1788.25, 44625.0], [1788.2, 100.0], [1788.15, 3378.0], [1788.1, 15874.0], [1788.0, 15885.0], [1787.95, 1918.0], [1787.9, 7759.0], [1787.85, 200.0], [1787.6, 11326.0], [1787.55, 38175.0]], "asks": [[1789.05, 24645.0], [1789.1, 6714.0], [1789.15, 23798.0], [1789.3, 9.0], [1789.35, 2807.0], [1789.4, 9023.0], [1789.45, 4484.0], [1789.5, 32956.0], [1789.55, 10170.0], [1789.6, 68962.0], [1789.65, 9916.0], [1789.7, 8881.0], [1789.75, 13462.0], [1789.8, 5678.0], [1789.85, 7527.0], [1789.9, 26463.0], [1789.95, 14139.0], [1790.0, 55653.0], [1790.05, 7627.0], [1790.1, 1606.0]]}}}
{"jsonrpc": "2.0", "method": "subscription", "params": {"channel": "book.ETH-PERPETUAL.none.20.100ms", "data": {"timestamp": 1745420952127, "change_id": 66501225771, "instrument_name": "ETH-PERPETUAL", "bids": [[1789.0, 2000.0], [1788.75, 27.0], [1788.7, 2000.0], [1788.65, 11675.0], [1788.6, 272.0], [1788.5, 4709.0], [1788.4, 7420.0], [1788.3, 19984.0], [1788.25, 44625.0], [1788.2, 14097.0], [1788.15, 3378.0], [1788.1, 12464.0], [1788.0, 6398.0], [1787.95, 100.0], [1787.9, 7759.0], [1787.85, 200.0], [1787.75, 14667.0], [1787.7, 52221.0], [1787.65, 11845.0], [1787.6, 2046.0]], "asks": [[1789.05, 24324.0], [1789.1, 6714.0], [1789.15, 23798.0], [1789.25, 3103.0], [1789.3, 10009.0], [1789.35, 2807.0], [1789.4, 31562.0], [1789.45, 14106.0], [1789.5, 82956.0], [1789.55, 12609.0], [1789.6, 65880.0], [1789.65, 7925.0], [1789.7, 1606.0], [1789.75, 1606.0], [1789.8, 20200.0], [1789.85, 67590.0], [1789.9, 10819.0], [1789.95, 14139.0], [1790.0, 5653.0], [1790.05, 7527.0]]}}}
{"jsonrpc": "2.0", "method": "subscription", "params": {"channel": "book.ETH-PERPETUAL.none.20.100ms", "data": {"timestamp": 1745420952458, "change_id": 66501226298, "instrument_name": "ETH-PERPETUAL", "bids": [[1789.0, 2473.0], [1788.75, 27.0], [1788.7, 2000.0], [1788.6, 1142.0], [1788.55, 2900.0], [1788.5, 4277.0], [1788.45, 11907.0], [1788.35, 3002.0], [1788.3, 22655.0], [1788.25, 44625.0], [1788.2, 8936.0], [1788.15, 19603.0], [1788.1, 12464.0], [1788.0, 6398.0], [1787.95, 100.0], [1787.9, 7759.0], [1787.85, 3754.0], [1787.8, 11845.0], [1787.75, 14667.0], [1787.7, 48637.0]], "asks": [[1789.05, 29359.0], [1789.1, 12200.0], [1789.15, 23798.0], [1789.25, 100.0], [1789.3, 3075.0], [1789.35, 1197.0], [1789.4, 31562.0], [1789.45, 15000.0], [1789.5, 82956.0], [1789.55, 24465.0], [1789.6, 51124.0], [1789.65, 7527.0], [1789.7, 1606.0], [1789.75, 1606.0], [1789.8, 20200.0], [1789.85, 67590.0], [1789.9, 10819.0], [1789.95, 14139.0], [1790.0, 5653.0], [1790.05, 7527.0]]}}}
{"jsonrpc": "2.0", "method": "subscription", "params": {"channel": "book.ETH-PERPETUAL.none.20.100ms", "data": {"timestamp": 1745420952807, "change_id": 66501226595, "instrument_name": "ETH-PERPETUAL", "bids": [[1789.0, 2473.0], [1788.75, 27.0], [1788.7, 2000.0], [1788.6, 1142.0], [1788.55, 2900.0], [1788.5, 4277.0], [1788.45, 11907.0], [1788.35, 3002.0], [1788.3, 22655.0], [1788.25, 44625.0], [1788.2, 17475.0], [1788.15, 5606.0], [1788.1, 12464.0], [1788.0, 9656.0], [1787.95, 100.0], [1787.9, 19604.0], [1787.85, 200.0], [1787.75, 14667.0], [1787.7, 48637.0], [1787.6, 2046.0]], "asks": [[1789.05, 35470.0], [1789.1, 12200.0], [1789.15, 23798.0], [1789.2, 6033.0], [1789.25, 10100.0], [1789.3, 13075.0], [1789.35, 1197.0], [1789.4, 31562.0], [1789.45, 15000.0], [1789.5, 76848.0], [1789.55, 9709.0], [1789.6, 62980.0], [1789.65, 7527.0], [1789.7, 1606.0], [1789.75, 1606.0], [1789.8, 20200.0], [1789.85, 67590.0], [1789.9, 10819.0], [1789.95, 14139.0], [1790.0, 35277.0]]}}}
{"jsonrpc": "2.0", "method": "subscription", "params": {"channel": "book.ETH-PERPETUAL.none.20.100ms", "data": {"timestamp": 1745420953139, "change_id": 66501227064, "instrument_name": "ETH-PERPETUAL", "bids": [[1788.75, 27.0], [1788.7, 2000.0], [1788.6, 1142.0], [1788.55, 2900.0], [1788.5, 4277.0], [1788.45, 11675.0], [1788.35, 1218.0], [1788.3, 16710.0], [1788.25, 44625.0], [1788.2, 3478.0], [1788.15, 5606.0], [1788.1, 16519.0], [1788.05, 13997.0], [1788.0, 6398.0], [1787.95, 100.0], [1787.9, 7759.0], [1787.85, 3754.0], [1787.8, 11845.0], [1787.75, 14667.0], [1787.7, 48637.0]], "asks": [[1788.8, 32649.0], [1788.85, 9378.0], [1788.9, 17798.0], [1789.0, 7305.0], [1789.05, 11662.0], [1789.1, 4737.0], [1789.15, 6123.0], [1789.2, 6033.0], [1789.25, 10100.0], [1789.3, 23550.0], [1789.35, 2803.0], [1789.4, 44111.0], [1789.45, 15000.0], [1789.5, 73948.0], [1789.55, 18894.0], [1789.6, 51124.0], [1789.65, 7527.0], [1789.7, 1606.0], [1789.75, 1606.0], [1789.8, 20200.0]]}}}
{"jsonrpc": "2.0", "method": "subscription", "params": {"channel": "book.ETH-PERPETUAL.none.20.100ms", "data": {"timestamp": 1745420953468, "change_id": 66501227696, "instrument_name": "ETH-PERPETUAL", "bids": [[1788.75, 1372.0], [1788.7, 2000.0], [1788.6, 1142.0], [1788.55, 2900.0], [1788.5, 6430.0], [1788.45, 11907.0], [1788.4, 1218.0], [1788.3, 16710.0], [1788.25, 44625.0], [1788.2, 8936.0], [1788.15, 19603.0], [1788.1, 12464.0], [1788.0, 6398.0], [1787.95, 100.0], [1787.9, 7759.0], [1787.85, 3754.0], [1787.8, 11845.0], [1787.75, 14667.0], [1787.7, 48637.0], [1787.6, 2046.0]], "asks": [[1788.8, 29918.0], [1788.85, 8033.0], [1788.9, 17798.0], [1789.0, 7305.0], [1789.05, 10319.0], [1789.1, 4737.0], [1789.15, 6123.0], [1789.2, 6033.0], [1789.25, 10100.0], [1789.3, 23550.0], [1789.35, 2803.0], [1789.4, 40123.0], [1789.45, 16603.0], [1789.5, 75551.0], [1789.55, 13462.0], [1789.6, 51124.0], [1789.65, 7527.0], [1789.7, 2778.0], [1789.75, 1606.0], [1789.8, 20200.0]]}}}
{"jsonrpc": "2.0", "method": "subscription", "params": {"channel": "book.ETH-PERPETUAL.none.20.100ms", "data": {"timestamp": 1745420953792, "change_id": 66501227930, "instrument_name": "ETH-PERPETUAL", "bids": [[1788.75, 1372.0], [1788.7, 2000.0], [1788.6, 1142.0], [1788.55, 2900.0], [1788.5, 6430.0], [1788.45, 11907.0], [1788.4, 2903.0], [1788.35, 6123.0], [1788.3, 16710.0], [1788.25, 44625.0], [1788.2, 17475.0], [1788.15, 5606.0], [1788.1, 12464.0], [1788.0, 9656.0], [1787.95, 100.0], [1787.9, 19604.0], [1787.85, 200.0], [1787.75, 14667.0], [1787.7, 48637.0], [1787.6, 2046.0]], "asks": [[1788.8, 29918.0], [1788.85, 5339.0], [1788.9, 17798.0], [1789.0, 2295.0], [1789.05, 7651.0], [1789.1, 1837.0], [1789.15, 6123.0], [1789.2, 10389.0], [1789.25, 10100.0], [1789.3, 33550.0], [1789.35, 2803.0], [1789.4, 40123.0], [1789.45, 5303.0], [1789.5, 89557.0], [1789.55, 1606.0], [1789.6, 62980.0], [1789.65, 7527.0], [1789.7, 2778.0], [1789.75, 1606.0], [1789.8, 20200.0]]}}}
{"jsonrpc": "2.0", "method": "subscription", "params": {"channel": "book.ETH-PERPETUAL.none.20.100ms", "data": {"timestamp": 1745420954100, "change_id": 66501228429, "instrument_name": "ETH-PERPETUAL", "bids": [[1788.75, 1372.0], [1788.7, 2000.0], [1788.6, 1142.0], [1788.55, 2900.0], [1788.5, 6430.0], [1788.45, 11907.0], [1788.4, 2903.0], [1788.35, 6123.0], [1788.3, 16710.0], [1788.25, 44625.0], [1788.2, 17475.0], [1788.15, 5606.0], [1788.1, 12464.0], [1788.0, 9656.0], [1787.95, 100.0], [1787.9, 19604.0], [1787.85, 200.0], [1787.75, 100.0], [1787.7, 80.0], [1787.6, 2046.0]], "asks": [[1788.8, 289.0], [1788.85, 5339.0], [1788.9, 17798.0], [1789.0, 2295.0], [1789.05, 7419.0], [1789.1, 1837.0], [1789.15, 6123.0], [1789.2, 6033.0], [1789.25, 100.0], [1789.3, 23541.0], [1789.35, 2803.0], [1789.4, 24802.0], [1789.45, 4409.0], [1789.5, 39557.0], [1789.55, 1606.0], [1789.6, 54556.0], [1789.65, 19383.0], [1789.7, 7268.0], [1789.75, 13606.0], [1789.8, 8261.0]]}}}
{"jsonrpc": "2.0", "method": "subscription", "params": {"channel": "book.ETH-PERPETUAL.none.20.100ms", "data": {"timestamp": 1745420954417, "change_id": 66501228775, "instrument_name": "ETH-PERPETUAL", "bids": [[1788.75, 1503.0], [1788.7, 2000.0], [1788.6, 1102.0], [1788.55, 2900.0], [1788.5, 7176.0], [1788.45, 11907.0], [1788.4, 5803.0], [1788.35, 6123.0], [1788.3, 14039.0], [1788.25, 44625.0], [1788.2, 8936.0], [1788.15, 19603.0], [1788.1, 12464.0], [1788.0, 6398.0], [1787.95, 100.0], [1787.9, 7759.0], [1787.85, 3754.0], [1787.8, 15919.0], [1787.75, 15017.0], [1787.7, 49642.0]], "asks": [[1788.8, 17262.0], [1788.85, 5339.0], [1788.9, 17798.0], [1789.0, 2295.0], [1789.05, 7651.0], [1789.1, 1837.0], [1789.15, 6123.0], [1789.2, 2141.0], [1789.25, 100.0], [1789.3, 16541.0], [1789.35, 2803.0], [1789.4, 35344.0], [1789.45, 5303.0], [1789.5, 25551.0], [1789.55, 13462.0], [1789.6, 51124.0], [1789.65, 7527.0], [1789.7, 7268.0], [1789.75, 13606.0], [1789.8, 23133.0]]}}}
{"jsonrpc": "2.0", "method": "subscription", "params": {"channel": "book.ETH-PERPETUAL.none.20.100ms", "data": {"timestamp": 1745420954794, "change_id": 66501229306, "instrument_name": "ETH-PERPETUAL", "bids": [[1788.75, 25.0], [1788.7, 2000.0], [1788.5, 27.0], [1788.4, 2900.0], [1788.3, 12649.0], [1788.25, 44857.0], [1788.2, 3378.0], [1788.15, 5606.0], [1788.1, 7150.0], [1788.0, 9792.0], [1787.95, 15387.0], [1787.9, 8156.0], [1787.85, 2916.0], [1787.8, 4074.0], [1787.75, 15097.0], [1787.7, 53226.0], [1787.65, 11845.0], [1787.6, 2046.0], [1787.55, 6087.0], [1787.45, 100.0]], "asks": [[1788.8, 35950.0], [1788.85, 5439.0], [1788.9, 17798.0], [1789.0, 2295.0], [1789.05, 7651.0], [1789.1, 1837.0], [1789.15, 6123.0], [1789.2, 6890.0], [1789.25, 100.0], [1789.3, 27547.0], [1789.35, 2803.0], [1789.4, 35057.0], [1789.45, 14453.0], [1789.5, 75551.0], [1789.55, 1606.0], [1789.6, 52221.0], [1789.65, 11601.0], [1789.7, 3796.0], [1789.75, 1606.0], [1789.8, 23053.0]]}}}
{"jsonrpc": "2.0", "method": "subscription", "params": {"channel": "book.ETH-PERPETUAL.none.20.100ms", "data": {"timestamp": 1745420955119, "change_id": 66501229965, "instrument_name": "ETH-PERPETUAL", "bids": [[1788.75, 25.0], [1788.7, 2000.0], [1788.5, 27.0], [1788.4, 2900.0], [1788.3, 12649.0], [1788.25, 44857.0], [1788.2, 15053.0], [1788.15, 5606.0], [1788.1, 7150.0], [1788.0, 9792.0], [1787.95, 15387.0], [1787.9, 7311.0], [1787.85, 100.0], [1787.8, 4074.0], [1787.75, 26942.0], [1787.7, 49642.0], [1787.6, 2046.0], [1787.55, 6087.0], [1787.45, 200.0], [1787.4, 3838.0]], "asks": [[1788.8, 31699.0], [1788.85, 5439.0], [1788.9, 17798.0], [1789.0, 5008.0], [1789.05, 17419.0], [1789.1, 1837.0], [1789.15, 6123.0], [1789.2, 6890.0], [1789.25, 14106.0], [1789.3, 13664.0], [1789.35, 2803.0], [1789.4, 38227.0], [1789.45, 2597.0], [1789.5, 75551.0], [1789.55, 1606.0], [1789.6, 52221.0], [1789.65, 11601.0], [1789.7, 3722.0], [1789.75, 1606.0], [1789.8, 23453.0]]}}}
{"jsonrpc": "2.0", "method": "subscription", "params": {"channel": "book.ETH-PERPETUAL.none.20.100ms", "data": {"timestamp": 1745420955435, "change_id": 66501230273, "instrument_name": "ETH-PERPETUAL", "bids": [[1788.75, 221.0], [1788.7, 2000.0], [1788.5, 27.0], [1788.4, 1101.0], [1788.35, 3669.0], [1788.3, 12649.0], [1788.25, 44857.0], [1788.2, 15053.0], [1788.15, 5606.0], [1788.1, 5945.0], [1788.05, 2127.0], [1788.0, 12508.0], [1787.95, 15387.0], [1787.9, 7311.0], [1787.85, 100.0], [1787.8, 4074.0], [1787.75, 15097.0], [1787.7, 53226.0], [1787.65, 11845.0], [1787.6, 2046.0]], "asks": [[1788.8, 37337.0], [1788.85, 10672.0], [1788.9, 17798.0], [1789.0, 15008.0], [1789.05, 17947.0], [1789.1, 3601.0], [1789.15, 8839.0], [1789.2, 13537.0], [1789.25, 15000.0], [1789.3, 13664.0], [1789.35, 1706.0], [1789.4, 38227.0], [1789.45, 1703.0], [1789.5, 75551.0], [1789.55, 1606.0], [1789.6, 52221.0], [1789.65, 11601.0], [1789.7, 3722.0], [1789.75, 1606.0], [1789.8, 23453.0]]}}}
{"jsonrpc": "2.0", "method": "subscription", "params": {"channel": "book.ETH-PERPETUAL.none.20.100ms", "data": {"timestamp": 1745420955784, "change_id": 66501230493, "instrument_name": "ETH-PERPETUAL", "bids": [[1788.75, 221.0], [1788.7, 2000.0], [1788.5, 27.0], [1788.4, 1101.0], [1788.35, 3669.0], [1788.3, 12749.0], [1788.25, 44857.0], [1788.2, 15053.0], [1788.15, 5706.0], [1788.1, 5945.0], [1788.05, 2127.0], [1788.0, 12895.0], [1787.95, 15387.0], [1787.9, 7311.0], [1787.85, 100.0], [1787.8, 4074.0], [1787.75, 26942.0], [1787.7, 49642.0], [1787.6, 2046.0], [1787.55, 6087.0]], "asks": [[1788.8, 29205.0], [1788.85, 5439.0], [1788.9, 17798.0], [1789.0, 5008.0], [1789.05, 17947.0], [1789.1, 3601.0], [1789.15, 6123.0], [1789.2, 12990.0], [1789.25, 994.0], [1789.3, 24552.0], [1789.35, 1706.0], [1789.4, 26371.0], [1789.45, 13559.0], [1789.5, 75551.0], [1789.55, 1606.0], [1789.6, 52221.0], [1789.65, 11601.0], [1789.7, 3722.0], [1789.75, 1606.0], [1789.8, 23453.0]]}}}
{"jsonrpc": "2.0", "method": "subscription", "params": {"channel": "book.ETH-PERPETUAL.none.20.100ms", "data": {"timestamp": 1745420956117, "change_id": 66501231077, "instrument_name": "ETH-PERPETUAL", "bids": [[1788.75, 221.0], [1788.7, 2000.0], [1788.5, 27.0], [1788.35, 769.0], [1788.3, 3572.0], [1788.25, 332.0], [1788.2, 18947.0], [1788.15, 19703.0], [1788.1, 5945.0], [1788.05, 1312.0], [1788.0, 6398.0], [1787.95, 1390.0], [1787.9, 10708.0], [1787.85, 11945.0], [1787.8, 4074.0], [1787.75, 26595.0], [1787.7, 94267.0], [1787.6, 2046.0], [1787.55, 6087.0], [1787.45, 200.0]], "asks": [[1788.8, 9143.0], [1788.9, 17798.0], [1789.0, 5384.0], [1789.05, 17947.0], [1789.1, 3601.0], [1789.15, 6123.0], [1789.2, 8788.0], [1789.25, 994.0], [1789.3, 14788.0], [1789.35, 4397.0], [1789.4, 40377.0], [1789.45, 1703.0], [1789.5, 75551.0], [1789.55, 13462.0], [1789.6, 52221.0], [1789.65, 11601.0], [1789.7, 7290.0], [1789.75, 1606.0], [1789.8, 35453.0], [1789.85, 88143.0]]}}}
{"jsonrpc": "2.0", "method": "subscription", "params": {"channel": "book.ETH-PERPETUAL.none.20.100ms", "data": {"timestamp": 1745420956445, "change_id": 66501232048, "instrument_name": "ETH-PERPETUAL", "bids": [[1788.75, 36353.0], [1788.7, 2000.0], [1788.6, 5348.0], [1788.55, 6123.0], [1788.5, 11702.0], [1788.45, 4229.0], [1788.4, 16165.0], [1788.35, 6892.0], [1788.3, 1290.0], [1788.25, 100.0], [1788.2, 3378.0], [1788.15, 5706.0], [1788.1, 11245.0], [1788.05, 11945.0], [1788.0, 6398.0], [1787.95, 100.0], [1787.9, 6059.0], [1787.85, 1407.0], [1787.75, 26595.0], [1787.7, 94267.0]], "asks": [[1788.8, 232.0], [1789.05, 7847.0], [1789.1, 13512.0], [1789.15, 6123.0], [1789.2, 4243.0], [1789.25, 3000.0], [1789.3, 10546.0], [1789.35, 1706.0], [1789.4, 10400.0], [1789.45, 7309.0], [1789.5, 19945.0], [1789.55, 1606.0], [1789.6, 51024.0], [1789.65, 7527.0], [1789.7, 20198.0], [1789.75, 1846.0], [1789.8, 46909.0], [1789.85, 58143.0], [1789.9, 1706.0], [1789.95, 5764.0]]}}}
{"jsonrpc": "2.0", "method": "subscription", "params": {"channel": "book.ETH-PERPETUAL.none.20.100ms", "data": {"timestamp": 1745420956748, "change_id": 66501232458, "instrument_name": "ETH-PERPETUAL", "bids": [[1788.95, 2900.0], [1788.8, 14406.0], [1788.75, 33353.0], [1788.7, 2000.0], [1788.6, 5348.0], [1788.55, 6123.0], [1788.5, 11702.0], [1788.45, 4229.0], [1788.4, 16165.0], [1788.35, 6123.0], [1788.3, 1290.0], [1788.25, 100.0], [1788.2, 3378.0], [1788.15, 17551.0], [1788.1, 11245.0], [1788.05, 100.0], [1788.0, 6398.0], [1787.95, 100.0], [1787.9, 6059.0], [1787.85, 1407.0]], "asks": [[1789.0, 897.0], [1789.05, 12090.0], [1789.1, 11675.0], [1789.15, 6123.0], [1789.2, 2141.0], [1789.25, 3000.0], [1789.3, 10778.0], [1789.35, 1706.0], [1789.4, 10400.0], [1789.45, 7309.0], [1789.5, 19945.0], [1789.55, 1606.0], [1789.6, 51918.0], [1789.65, 24245.0], [1789.7, 6192.0], [1789.75, 1606.0], [1789.8, 25562.0], [1789.85, 7527.0], [1789.9, 1706.0], [1789.95, 5764.0]]}}}
{"jsonrpc": "2.0", "method": "subscription", "params": {"channel": "book.ETH-PERPETUAL.none.20.100ms", "data": {"timestamp": 1745420957108, "change_id": 66501233028, "instrument_name": "ETH-PERPETUAL", "bids": [[1788.95, 2900.0], [1788.8, 14406.0], [1788.75, 33353.0], [1788.7, 2000.0], [1788.6, 5348.0], [1788.55, 6123.0], [1788.5, 14423.0], [1788.45, 4229.0], [1788.4, 16165.0], [1788.35, 6123.0], [1788.3, 1290.0], [1788.25, 100.0], [1788.2, 3378.0], [1788.15, 5706.0], [1788.1, 11245.0], [1788.05, 11945.0], [1788.0, 6398.0], [1787.95, 100.0], [1787.9, 50047.0], [1787.85, 1407.0]], "asks": [[1789.0, 18490.0], [1789.05, 12090.0], [1789.1, 11675.0], [1789.15, 6123.0], [1789.2, 4313.0], [1789.25, 3000.0], [1789.3, 18496.0], [1789.35, 1706.0], [1789.4, 26185.0], [1789.45, 8406.0], [1789.5, 29945.0], [1789.55, 1606.0], [1789.6, 51918.0], [1789.65, 24245.0], [1789.7, 18453.0], [1789.75, 1606.0], [1789.8, 56460.0], [1789.85, 7527.0], [1789.9, 1706.0], [1789.95, 5764.0]]}}}
{"jsonrpc": "2.0", "method": "subscription", "params": {"channel": "book.ETH-PERPETUAL.none.20.100ms", "data": {"timestamp": 1745420957438, "change_id": 66501233639, "instrument_name": "ETH-PERPETUAL", "bids": [[1789.0, 8474.0], [1788.9, 1094.0], [1788.85, 3645.0], [1788.8, 14406.0], [1788.75, 33353.0], [1788.7, 2000.0], [1788.6, 5348.0], [1788.55, 6223.0], [1788.5, 14423.0], [1788.45, 13997.0], [1788.4, 2168.0], [1788.35, 6123.0], [1788.3, 1290.0], [1788.25, 100.0], [1788.2, 15223.0], [1788.15, 5706.0], [1788.1, 11245.0], [1788.05, 100.0], [1788.0, 6398.0], [1787.95, 100.0]], "asks": [[1789.05, 320.0], [1789.1, 11675.0], [1789.2, 2141.0], [1789.25, 100.0], [1789.3, 10546.0], [1789.35, 1706.0], [1789.4, 9047.0], [1789.45, 3032.0], [1789.5, 19945.0], [1789.55, 1606.0], [1789.6, 51024.0], [1789.65, 7527.0], [1789.7, 24059.0], [1789.75, 15612.0], [1789.8, 47335.0], [1789.85, 8421.0], [1789.9, 13562.0], [1789.95, 5764.0], [1790.0, 66556.0], [1790.05, 7527.0]]}}}
{"jsonrpc": "2.0", "method": "subscription", "params": {"channel": "book.ETH-PERPETUAL.none.20.100ms", "data": {"timestamp": 1745420957772, "change_id": 66501233921, "instrument_name": "ETH-PERPETUAL", "bids": [[1789.0, 120.0], [1788.9, 10589.0], [1788.85, 30745.0], [1788.8, 4908.0], [1788.75, 3353.0], [1788.7, 13675.0], [1788.6, 1845.0], [1788.55, 6123.0], [1788.5, 27.0], [1788.4, 16165.0], [1788.35, 8854.0], [1788.3, 45915.0], [1788.25, 100.0], [1788.2, 4586.0], [1788.15, 17551.0], [1788.1, 11245.0], [1788.05, 100.0], [1788.0, 6398.0], [1787.95, 100.0], [1787.9, 50007.0]], "asks": [[1789.05, 120.0], [1789.1, 11675.0], [1789.2, 2141.0], [1789.25, 100.0], [1789.3, 10546.0], [1789.35, 1706.0], [1789.4, 9047.0], [1789.45, 3032.0], [1789.5, 19945.0], [1789.55, 1606.0], [1789.6, 52229.0], [1789.65, 7527.0], [1789.7, 38065.0], [1789.75, 1606.0], [1789.8, 56460.0], [1789.85, 8421.0], [1789.9, 1706.0], [1789.95, 5764.0], [1790.0, 66556.0], [1790.05, 7527.0]]}}}
{"jsonrpc": "2.0", "method": "subscription", "params": {"channel": "book.ETH-PERPETUAL.none.20.100ms", "data": {"timestamp": 1745420958101, "change_id": 66501234642, "instrument_name": "ETH-PERPETUAL", "bids": [[1789.1, 2900.0], [1789.05, 8113.0], [1789.0, 9080.0], [1788.95, 30000.0], [1788.85, 745.0], [1788.8, 4908.0], [1788.75, 3353.0], [1788.7, 13675.0], [1788.65, 4199.0], [1788.6, 15842.0], [1788.55, 6123.0], [1788.5, 127.0], [1788.4, 15453.0], [1788.35, 17968.0], [1788.3, 45915.0], [1788.25, 100.0], [1788.2, 4586.0], [1788.15, 5706.0], [1788.1, 11245.0], [1788.05, 100.0]], "asks": [[1789.15, 120.0], [1789.2, 6000.0], [1789.35, 2418.0], [1789.4, 6123.0], [1789.45, 1197.0], [1789.5, 18342.0], [1789.6, 67658.0], [1789.65, 7527.0], [1789.7, 24059.0], [1789.75, 1606.0], [1789.8, 44604.0], [1789.85, 8421.0], [1789.9, 26128.0], [1789.95, 19770.0], [1790.0, 78332.0], [1790.05, 7527.0], [1790.1, 2720.0], [1790.15, 1786.0], [1790.2, 4420.0], [1790.25, 7661.0]]}}}
{"jsonrpc": "2.0", "method": "subscription", "params": {"channel": "book.ETH-PERPETUAL.none.20.100ms", "data": {"timestamp": 1745420958376, "change_id": 66501235194, "instrument_name": "ETH-PERPETUAL", "bids": [[1789.15, 2900.0], [1789.1, 4312.0], [1789.05, 232.0], [1789.0, 9080.0], [1788.95, 30000.0], [1788.9, 6123.0], [1788.8, 5108.0], [1788.75, 2925.0], [1788.7, 13675.0], [1788.65, 13997.0], [1788.6, 1845.0], [1788.55, 8867.0], [1788.5, 127.0], [1788.4, 15453.0], [1788.35, 17968.0], [1788.3, 45915.0], [1788.25, 100.0], [1788.2, 4586.0], [1788.15, 5706.0], [1788.1, 11245.0]], "asks": [[1789.2, 744.0], [1789.25, 6400.0], [1789.3, 11675.0], [1789.35, 3790.0], [1789.4, 6123.0], [1789.45, 1197.0], [1789.5, 18342.0], [1789.6, 57658.0], [1789.65, 7527.0], [1789.7, 24059.0], [1789.75, 1606.0], [1789.8, 44604.0], [1789.85, 11152.0], [1789.9, 26128.0], [1789.95, 19770.0], [1790.0, 66476.0], [1790.05, 7527.0], [1790.1, 14576.0], [1790.15, 1706.0], [1790.2, 4420.0]]}}}
{"jsonrpc": "2.0", "method": "subscription", "params": {"channel": "book.ETH-PERPETUAL.none.20.100ms", "data": {"timestamp": 1745420958730, "change_id": 66501235432, "instrument_name": "ETH-PERPETUAL", "bids": [[1789.1, 120.0], [1789.0, 9000.0], [1788.95, 30000.0], [1788.8, 5108.0], [1788.75, 9048.0], [1788.7, 13675.0], [1788.6, 1845.0], [1788.55, 8867.0], [1788.5, 127.0], [1788.45, 13997.0], [1788.4, 15453.0], [1788.35, 6123.0], [1788.3, 45915.0], [1788.25, 11945.0], [1788.2, 4586.0], [1788.15, 5706.0], [1788.1, 11245.0], [1788.05, 100.0], [1788.0, 6398.0], [1787.95, 100.0]], "asks": [[1789.15, 6120.0], [1789.2, 13499.0], [1789.25, 18624.0], [1789.3, 11675.0], [1789.35, 2418.0], [1789.4, 6123.0], [1789.45, 1197.0], [1789.5, 18342.0], [1789.6, 58248.0], [1789.65, 7527.0], [1789.7, 24059.0], [1789.75, 1606.0], [1789.8, 44604.0], [1789.85, 25158.0], [1789.9, 1706.0], [1789.95, 5764.0], [1790.0, 16332.0], [1790.05, 7527.0], [1790.1, 2720.0], [1790.15, 1706.0]]}}}
