{"jsonrpc": "2.0", "id": 1, "result": ["book.ETH-PERPETUAL.none.20.100ms"], "usIn": 1765448597400460, "usOut": 1765448597400665, "usDiff": 205, "testnet": false}
{"jsonrpc": "2.0", "method": "subscription", "params": {"channel": "book.ETH-PERPETUAL.none.20.100ms", "data": {"timestamp": 1765448597361, "change_id": 101000896288, "instrument_name": "ETH-PERPETUAL", "bids": [[3193.5, 20704.0], [3193.2, 7463.0], [3193.15, 25000.0], [3192.75, 3881.0], [3192.7, 13000.0], [3192.65, 4282.0], [3192.6, 3881.0], [3192.5, 13000.0], [3192.45, 1281.0], [3192.4, 4322.0], [3192.25, 6272.0], [3192.2, 13000.0], [3192.15, 10689.0], [3192.1, 4282.0], [3192.0, 90.0], [3191.95, 5161.0], [3191.9, 17289.0], [3191.85, 200.0], [3191.75, 3881.0], [3191.7, 14340.0]], "asks": [[3193.55, 82334.0], [3193.65, 9366.0], [3193.7, 13000.0], [3193.75, 20005.0], [3193.8, 3881.0], [3193.9, 13000.0], [3193.95, 1554.0], [3194.0, 6062.0], [3194.05, 20007.0], [3194.1, 9363.0], [3194.15, 31366.0], [3194.25, 3881.0], [3194.35, 14211.0], [3194.4, 7085.0], [3194.5, 6427.0], [3194.55, 17307.0], [3194.65, 6088.0], [3194.7, 13691.0], [3194.75, 3918.0], [3194.8, 13127.0]]}}}
{"jsonrpc": "2.0", "method": "subscription", "params": {"channel": "book.ETH-PERPETUAL.none.20.100ms", "data": {"timestamp": 1765448597707, "change_id": 101000896589, "instrument_name": "ETH-PERPETUAL", "bids": [[3193.5, 20704.0], [3193.3, 5254.0], [3193.25, 17600.0], [3193.2, 7463.0], [3193.15, 25000.0], [3192.75, 3881.0], [3192.7, 13000.0], [3192.65, 4282.0], [3192.6, 3881.0], [3192.5, 13000.0], [3192.45, 1281.0], [3192.4, 4322.0], [3192.25, 6272.0], [3192.2, 13000.0], [3192.15, 10689.0], [3192.1, 4282.0], [3192.0, 90.0], [3191.95, 5161.0], [3191.9, 17289.0], [3191.85, 200.0]], "asks": [[3193.55, 79132.0], [3193.65, 3891.0], [3193.7, 13000.0], [3193.8, 9820.0], [3193.85, 20005.0], [3193.9, 13000.0], [3193.95, 7553.0], [3194.0, 90.0], [3194.05, 20007.0], [3194.1, 9363.0], [3194.15, 31366.0], [3194.25, 3881.0], [3194.35, 14211.0], [3194.4, 7085.0], [3194.5, 6427.0], [3194.55, 17307.0], [3194.65, 6088.0], [3194.7, 13691.0], [3194.75, 3918.0], [3194.8, 13127.0]]}}}
{"jsonrpc": "2.0", "method": "subscription", "params": {"channel": "book.ETH-PERPETUAL.none.20.100ms", "data": {"timestamp": 1765448598042, "change_id": 101000897101, "instrument_name": "ETH-PERPETUAL", "bids": [[3193.5, 45704.0], [3193.3, 5254.0], [3193.25, 17600.0], [3192.75, 3881.0], [3192.7, 13000.0], [3192.65, 4282.0], [3192.6, 3881.0], [3192.5, 13000.0], [3192.45, 1281.0], [3192.4, 4322.0], [3192.25, 6272.0], [3192.2, 13000.0], [3192.15, 10689.0], [3192.1, 4282.0], [3192.0, 90.0], [3191.95, 5161.0], [3191.9, 17289.0], [3191.85, 200.0], [3191.75, 3881.0], [3191.7, 14340.0]], "asks": [[3193.55, 30734.0], [3193.65, 53891.0], [3193.7, 13000.0], [3193.8, 9820.0], [3193.85, 20005.0], [3193.9, 13000.0], [3193.95, 7553.0], [3194.0, 90.0], [3194.05, 20007.0], [3194.1, 9363.0], [3194.15, 31366.0], [3194.25, 3881.0], [3194.35, 14211.0], [3194.4, 7085.0], [3194.5, 6427.0], [3194.55, 17307.0], [3194.65, 6088.0], [3194.7, 13691.0], [3194.75, 3918.0], [3194.8, 13127.0]]}}}
{"jsonrpc": "2.0", "method": "subscription", "params": {"channel": "book.ETH-PERPETUAL.none.20.100ms", "data": {"timestamp": 1765448598349, "change_id": 101000897513, "instrument_name": "ETH-PERPETUAL", "bids": [[3193.5, 20704.0], [3193.25, 25000.0], [3192.75, 3881.0], [3192.7, 13000.0], [3192.65, 4282.0], [3192.6, 3881.0], [3192.5, 13000.0], [3192.45, 1281.0], [3192.4, 4322.0], [3192.25, 6272.0], [3192.2, 13000.0], [3192.15, 10689.0], [3192.1, 4282.0], [3192.0, 90.0], [3191.95, 5161.0], [3191.9, 17289.0], [3191.85, 200.0], [3191.75, 3881.0], [3191.7, 14340.0], [3191.6, 4289.0]], "asks": [[3193.55, 82134.0], [3193.65, 23896.0], [3193.7, 13000.0], [3193.8, 3881.0], [3193.9, 13000.0], [3193.95, 1554.0], [3194.0, 6062.0], [3194.05, 20007.0], [3194.1, 9363.0], [3194.15, 31366.0], [3194.25, 3881.0], [3194.35, 14211.0], [3194.4, 7085.0], [3194.5, 6427.0], [3194.55, 17307.0], [3194.65, 6088.0], [3194.7, 13691.0], [3194.75, 3918.0], [3194.8, 13127.0], [3194.85, 5337.0]]}}}
{"jsonrpc": "2.0", "method": "subscription", "params": {"channel": "book.ETH-PERPETUAL.none.20.100ms", "data": {"timestamp": 1765448598696, "change_id": 101000897797, "instrument_name": "ETH-PERPETUAL", "bids": [[3193.5, 20704.0], [3193.25, 25000.0], [3192.75, 3881.0], [3192.7, 13000.0], [3192.65, 4282.0], [3192.6, 3881.0], [3192.5, 13000.0], [3192.45, 1281.0], [3192.4, 4322.0], [3192.25, 6272.0], [3192.2, 13000.0], [3192.15, 10689.0], [3192.1, 4282.0], [3192.0, 90.0], [3191.95, 5161.0], [3191.9, 17289.0], [3191.85, 200.0], [3191.75, 3881.0], [3191.7, 14340.0], [3191.6, 4289.0]], "asks": [[3193.55, 82725.0], [3193.65, 3891.0], [3193.7, 13000.0], [3193.75, 20005.0], [3193.8, 3881.0], [3193.9, 13000.0], [3193.95, 1554.0], [3194.0, 6062.0], [3194.05, 20007.0], [3194.1, 9363.0], [3194.15, 31366.0], [3194.25, 3881.0], [3194.35, 14211.0], [3194.4, 7085.0], [3194.5, 6427.0], [3194.55, 17307.0], [3194.65, 6088.0], [3194.7, 13691.0], [3194.85, 5337.0], [3194.9, 4299.0]]}}}
{"jsonrpc": "2.0", "method": "subscription", "params": {"channel": "book.ETH-PERPETUAL.none.20.100ms", "data": {"timestamp": 1765448599002, "change_id": 101000898229, "instrument_name": "ETH-PERPETUAL", "bids": [[3193.5, 45704.0], [3192.75, 3881.0], [3192.7, 13000.0], [3192.65, 4282.0], [3192.6, 3881.0], [3192.5, 13000.0], [3192.45, 1281.0], [3192.4, 4322.0], [3192.25, 6272.0], [3192.2, 13000.0], [3192.15, 10689.0], [3192.1, 4282.0], [3192.0, 90.0], [3191.95, 5161.0], [3191.9, 17289.0], [3191.85, 200.0], [3191.75, 3881.0], [3191.7, 14340.0], [3191.6, 4289.0], [3191.55, 3881.0]], "asks": [[3193.55, 82344.0], [3193.6, 9855.0], [3193.65, 10.0], [3193.7, 13000.0], [3193.75, 20005.0], [3193.8, 3881.0], [3193.9, 13000.0], [3193.95, 1554.0], [3194.0, 6062.0], [3194.05, 20007.0], [3194.1, 9363.0], [3194.15, 31366.0], [3194.25, 3881.0], [3194.35, 14211.0], [3194.4, 7085.0], [3194.5, 6427.0], [3194.55, 17307.0], [3194.65, 6088.0], [3194.7, 13691.0], [3194.8, 12963.0]]}}}
{"jsonrpc": "2.0", "method": "subscription", "params": {"channel": "book.ETH-PERPETUAL.none.20.100ms", "data": {"timestamp": 1765448599365, "change_id": 101000898683, "instrument_name": "ETH-PERPETUAL", "bids": [[3193.5, 20778.0], [3193.3, 7463.0], [3193.25, 25000.0], [3192.75, 3881.0], [3192.7, 13000.0], [3192.65, 4282.0], [3192.6, 3881.0], [3192.5, 13000.0], [3192.45, 1281.0], [3192.4, 4322.0], [3192.25, 6272.0], [3192.2, 13000.0], [3192.15, 10689.0], [3192.1, 4282.0], [3192.0, 90.0], [3191.95, 5161.0], [3191.9, 17289.0], [3191.85, 200.0], [3191.75, 3881.0], [3191.7, 14340.0]], "asks": [[3193.55, 81932.0], [3193.6, 9855.0], [3193.65, 10.0], [3193.7, 13000.0], [3193.75, 20005.0], [3193.8, 3881.0], [3193.9, 13000.0], [3193.95, 1554.0], [3194.0, 6062.0], [3194.05, 20007.0], [3194.1, 9363.0], [3194.15, 31366.0], [3194.25, 3881.0], [3194.35, 14211.0], [3194.4, 7085.0], [3194.5, 6427.0], [3194.55, 17307.0], [3194.65, 6088.0], [3194.7, 13691.0], [3194.75, 3869.0]]}}}
{"jsonrpc": "2.0", "method": "subscription", "params": {"channel": "book.ETH-PERPETUAL.none.20.100ms", "data": {"timestamp": 1765448599695, "change_id": 101000899074, "instrument_name": "ETH-PERPETUAL", "bids": [[3193.5, 45778.0], [3192.95, 3881.0], [3192.9, 13000.0], [3192.75, 3921.0], [3192.7, 13000.0], [3192.65, 4282.0], [3192.6, 3881.0], [3192.5, 13000.0], [3192.45, 1281.0], [3192.4, 4282.0], [3192.25, 6331.0], [3192.2, 13000.0], [3192.15, 10689.0], [3192.1, 4282.0], [3192.0, 90.0], [3191.95, 5161.0], [3191.9, 17289.0], [3191.85, 200.0], [3191.75, 3898.0], [3191.7, 14340.0]], "asks": [[3193.55, 6922.0], [3193.65, 50010.0], [3193.85, 9760.0], [3193.9, 13000.0], [3193.95, 21559.0], [3194.0, 90.0], [3194.1, 14138.0], [3194.15, 31366.0], [3194.2, 20007.0], [3194.25, 3881.0], [3194.35, 14211.0], [3194.4, 7085.0], [3194.5, 6427.0], [3194.55, 17307.0], [3194.65, 6088.0], [3194.7, 13691.0], [3194.75, 3869.0], [3194.8, 12963.0], [3194.85, 5337.0], [3194.9, 4299.0]]}}}
{"jsonrpc": "2.0", "method": "subscription", "params": {"channel": "book.ETH-PERPETUAL.none.20.100ms", "data": {"timestamp": 1765448600018, "change_id": 101000899638, "instrument_name": "ETH-PERPETUAL", "bids": [[3193.5, 45978.0], [3192.95, 3881.0], [3192.9, 13000.0], [3192.75, 3921.0], [3192.7, 13000.0], [3192.65, 4282.0], [3192.6, 3881.0], [3192.5, 13000.0], [3192.45, 1281.0], [3192.4, 4282.0], [3192.25, 6331.0], [3192.2, 13000.0], [3192.15, 10689.0], [3192.1, 4282.0], [3192.0, 90.0], [3191.95, 5161.0], [3191.9, 17289.0], [3191.75, 3898.0], [3191.7, 14340.0], [3191.6, 4289.0]], "asks": [[3193.55, 17928.0], [3193.65, 10.0], [3193.75, 50000.0], [3193.85, 4344.0], [3193.9, 13000.0], [3193.95, 12757.0], [3194.0, 20097.0], [3194.05, 20005.0], [3194.1, 3881.0], [3194.15, 13000.0], [3194.25, 3881.0], [3194.35, 14211.0], [3194.4, 7085.0], [3194.5, 6427.0], [3194.55, 17307.0], [3194.65, 6088.0], [3194.7, 13691.0], [3194.85, 5337.0], [3194.9, 4299.0], [3194.95, 13000.0]]}}}
{"jsonrpc": "2.0", "method": "subscription", "params": {"channel": "book.ETH-PERPETUAL.none.20.100ms", "data": {"timestamp": 1765448600350, "change_id": 101000900150, "instrument_name": "ETH-PERPETUAL", "bids": [[3193.5, 45778.0], [3192.95, 3881.0], [3192.9, 13000.0], [3192.75, 3921.0], [3192.7, 13000.0], [3192.65, 4282.0], [3192.6, 3881.0], [3192.5, 13000.0], [3192.45, 1281.0], [3192.4, 4282.0], [3192.25, 6331.0], [3192.2, 13000.0], [3192.15, 10689.0], [3192.1, 4282.0], [3192.0, 90.0], [3191.95, 5161.0], [3191.9, 17289.0], [3191.85, 200.0], [3191.75, 3898.0], [3191.7, 14340.0]], "asks": [[3193.55, 18188.0], [3193.6, 50000.0], [3193.65, 10.0], [3193.8, 14969.0], [3193.85, 20005.0], [3193.9, 13000.0], [3193.95, 21561.0], [3194.0, 90.0], [3194.1, 3881.0], [3194.15, 13000.0], [3194.25, 3881.0], [3194.35, 14211.0], [3194.4, 7085.0], [3194.5, 6427.0], [3194.55, 17307.0], [3194.65, 6088.0], [3194.7, 13691.0], [3194.85, 5337.0], [3194.9, 4299.0], [3194.95, 30787.0]]}}}
{"jsonrpc": "2.0", "method": "subscription", "params": {"channel": "book.ETH-PERPETUAL.none.20.100ms", "data": {"timestamp": 1765448600679, "change_id": 101000900485, "instrument_name": "ETH-PERPETUAL", "bids": [[3193.5, 45778.0], [3192.95, 3881.0], [3192.9, 13000.0], [3192.75, 3921.0], [3192.7, 13000.0], [3192.65, 4282.0], [3192.6, 3881.0], [3192.5, 13000.0], [3192.45, 1281.0], [3192.4, 4282.0], [3192.25, 6331.0], [3192.2, 13000.0], [3192.15, 10689.0], [3192.1, 4282.0], [3192.0, 90.0], [3191.95, 5161.0], [3191.9, 17289.0], [3191.85, 200.0], [3191.75, 3898.0], [3191.7, 14340.0]], "asks": [[3193.55, 23769.0], [3193.6, 50000.0], [3193.8, 10316.0], [3193.85, 20005.0], [3193.9, 13000.0], [3193.95, 1554.0], [3194.0, 6062.0], [3194.05, 20017.0], [3194.1, 8867.0], [3194.15, 31366.0], [3194.25, 3881.0], [3194.35, 14211.0], [3194.4, 7085.0], [3194.5, 6427.0], [3194.55, 17307.0], [3194.65, 2001.0], [3194.7, 4307.0], [3194.85, 5337.0], [3194.9, 4299.0], [3194.95, 26053.0]]}}}
{"jsonrpc": "2.0", "method": "subscription", "params": {"channel": "book.ETH-PERPETUAL.none.20.100ms", "data": {"timestamp": 1765448601016, "change_id": 101000900913, "instrument_name": "ETH-PERPETUAL", "bids": [[3193.5, 45778.0], [3192.95, 3881.0], [3192.9, 13000.0], [3192.75, 3921.0], [3192.7, 13000.0], [3192.65, 4282.0], [3192.6, 3881.0], [3192.5, 13000.0], [3192.45, 1281.0], [3192.4, 4282.0], [3192.25, 6331.0], [3192.2, 13000.0], [3192.15, 10689.0], [3192.1, 4282.0], [3192.0, 90.0], [3191.95, 5161.0], [3191.9, 17289.0], [3191.85, 200.0], [3191.75, 3898.0], [3191.7, 14340.0]], "asks": [[3193.55, 24891.0], [3193.6, 50000.0], [3193.8, 10316.0], [3193.85, 20005.0], [3193.9, 13000.0], [3193.95, 1554.0], [3194.0, 6065.0], [3194.05, 20017.0], [3194.1, 8867.0], [3194.15, 31366.0], [3194.25, 3881.0], [3194.35, 14211.0], [3194.4, 7085.0], [3194.5, 6427.0], [3194.55, 17307.0], [3194.65, 2001.0], [3194.7, 4307.0], [3194.85, 5337.0], [3194.9, 4299.0], [3194.95, 26053.0]]}}}
{"jsonrpc": "2.0", "method": "subscription", "params": {"channel": "book.ETH-PERPETUAL.none.20.100ms", "data": {"timestamp": 1765448601345, "change_id": 101000901351, "instrument_name": "ETH-PERPETUAL", "bids": [[3193.5, 45778.0], [3192.95, 3881.0], [3192.9, 13000.0], [3192.75, 3921.0], [3192.7, 13000.0], [3192.65, 4282.0], [3192.6, 3881.0], [3192.5, 13000.0], [3192.45, 1281.0], [3192.4, 4282.0], [3192.25, 6331.0], [3192.2, 13000.0], [3192.15, 10689.0], [3192.1, 4282.0], [3192.0, 90.0], [3191.95, 5161.0], [3191.9, 17289.0], [3191.85, 200.0], [3191.75, 3898.0], [3191.7, 14340.0]], "asks": [[3193.55, 75813.0], [3193.8, 10316.0], [3193.85, 20005.0], [3193.9, 13000.0], [3193.95, 1554.0], [3194.0, 6065.0], [3194.05, 20017.0], [3194.1, 8867.0], [3194.15, 31366.0], [3194.25, 3881.0], [3194.35, 14211.0], [3194.4, 7085.0], [3194.5, 6427.0], [3194.55, 17307.0], [3194.65, 2001.0], [3194.7, 4307.0], [3194.85, 5337.0], [3194.9, 4299.0], [3194.95, 26053.0], [3195.0, 6593.0]]}}}
{"jsonrpc": "2.0", "method": "subscription", "params": {"channel": "book.ETH-PERPETUAL.none.20.100ms", "data": {"timestamp": 1765448601655, "change_id": 101000901579, "instrument_name": "ETH-PERPETUAL", "bids": [[3193.5, 45778.0], [3192.95, 3881.0], [3192.9, 13000.0], [3192.75, 3921.0], [3192.7, 13000.0], [3192.65, 4282.0], [3192.6, 3881.0], [3192.5, 13000.0], [3192.45, 1281.0], [3192.4, 4282.0], [3192.25, 6331.0], [3192.2, 13000.0], [3192.15, 10689.0], [3192.1, 4282.0], [3192.0, 90.0], [3191.95, 5161.0], [3191.9, 17289.0], [3191.85, 200.0], [3191.75, 3898.0], [3191.7, 14340.0]], "asks": [[3193.55, 75772.0], [3193.8, 10316.0], [3193.85, 20005.0], [3193.9, 13000.0], [3193.95, 1554.0], [3194.0, 6065.0], [3194.05, 20017.0], [3194.1, 8867.0], [3194.15, 31366.0], [3194.25, 3881.0], [3194.35, 14211.0], [3194.4, 7085.0], [3194.5, 6427.0], [3194.55, 17307.0], [3194.65, 2001.0], [3194.7, 4307.0], [3194.85, 5337.0], [3194.9, 4299.0], [3194.95, 26053.0], [3195.0, 6593.0]]}}}
{"jsonrpc": "2.0", "method": "subscription", "params": {"channel": "book.ETH-PERPETUAL.none.20.100ms", "data": {"timestamp": 1765448602006, "change_id": 101000902058, "instrument_name": "ETH-PERPETUAL", "bids": [[3193.5, 20778.0], [3193.3, 7463.0], [3193.25, 25000.0], [3192.95, 3881.0], [3192.9, 13000.0], [3192.75, 3921.0], [3192.7, 13000.0], [3192.65, 4282.0], [3192.6, 3881.0], [3192.5, 13000.0], [3192.45, 1281.0], [3192.4, 4282.0], [3192.25, 6331.0], [3192.2, 13000.0], [3192.15, 10689.0], [3192.1, 4282.0], [3192.0, 90.0], [3191.95, 5161.0], [3191.9, 17289.0], [3191.85, 200.0]], "asks": [[3193.55, 80762.0], [3193.8, 14979.0], [3193.85, 20005.0], [3193.9, 13000.0], [3193.95, 21561.0], [3194.0, 90.0], [3194.1, 8867.0], [3194.15, 31366.0], [3194.25, 3881.0], [3194.35, 14211.0], [3194.4, 7085.0], [3194.5, 6427.0], [3194.55, 17307.0], [3194.65, 2001.0], [3194.7, 4307.0], [3194.85, 5337.0], [3194.9, 4299.0], [3194.95, 26053.0], [3195.0, 6593.0], [3195.05, 17787.0]]}}}
{"jsonrpc": "2.0", "method": "subscription", "params": {"channel": "book.ETH-PERPETUAL.none.20.100ms", "data": {"timestamp": 1765448602337, "change_id": 101000903561, "instrument_name": "ETH-PERPETUAL", "bids": [[3193.75, 12093.0], [3193.6, 9549.0], [3193.55, 13000.0], [3193.5, 24734.0], [3193.45, 25000.0], [3193.35, 14847.0], [3193.3, 6188.0], [3192.95, 3881.0], [3192.9, 17279.0], [3192.75, 3881.0], [3192.7, 13040.0], [3192.65, 4282.0], [3192.6, 3881.0], [3192.5, 13000.0], [3192.45, 1281.0], [3192.4, 4282.0], [3192.25, 3261.0], [3192.2, 13000.0], [3192.15, 1305.0], [3192.1, 4282.0]], "asks": [[3193.8, 25180.0], [3193.95, 50000.0], [3194.0, 90.0], [3194.4, 6610.0], [3194.45, 20007.0], [3194.6, 5523.0], [3194.65, 2001.0], [3194.7, 18585.0], [3194.75, 6414.0], [3194.9, 17299.0], [3195.1, 4299.0], [3195.2, 1283.0], [3195.3, 17299.0], [3195.45, 19070.0], [3195.5, 4299.0], [3195.65, 2006.0], [3195.7, 5299.0], [3195.75, 15703.0], [3195.8, 12952.0], [3195.9, 4299.0]]}}}
{"jsonrpc": "2.0", "method": "subscription", "params": {"channel": "book.ETH-PERPETUAL.none.20.100ms", "data": {"timestamp": 1765448602647, "change_id": 101000903925, "instrument_name": "ETH-PERPETUAL", "bids": [[3193.75, 12093.0], [3193.6, 14119.0], [3193.55, 13000.0], [3193.5, 42272.0], [3193.35, 13000.0], [3193.25, 1847.0], [3193.2, 6188.0], [3192.95, 3881.0], [3192.9, 17279.0], [3192.75, 3881.0], [3192.7, 13040.0], [3192.65, 4282.0], [3192.6, 3881.0], [3192.5, 13000.0], [3192.45, 1281.0], [3192.4, 4282.0], [3192.25, 3261.0], [3192.2, 13000.0], [3192.15, 1305.0], [3192.1, 4282.0]], "asks": [[3193.8, 25610.0], [3193.85, 50000.0], [3194.0, 90.0], [3194.4, 9356.0], [3194.45, 20007.0], [3194.5, 13000.0], [3194.6, 5523.0], [3194.65, 2001.0], [3194.7, 18585.0], [3194.75, 6414.0], [3194.9, 17299.0], [3194.95, 1057.0], [3195.1, 4299.0], [3195.2, 1283.0], [3195.3, 17299.0], [3195.45, 19070.0], [3195.5, 4299.0], [3195.65, 2006.0], [3195.7, 5299.0], [3195.75, 15703.0]]}}}
{"jsonrpc": "2.0", "method": "subscription", "params": {"channel": "book.ETH-PERPETUAL.none.20.100ms", "data": {"timestamp": 1765448603004, "change_id": 101000904340, "instrument_name": "ETH-PERPETUAL", "bids": [[3193.75, 12093.0], [3193.6, 14119.0], [3193.55, 13000.0], [3193.5, 42272.0], [3193.35, 13000.0], [3193.25, 1847.0], [3193.2, 6188.0], [3192.95, 3881.0], [3192.9, 17279.0], [3192.75, 3881.0], [3192.7, 13040.0], [3192.65, 4282.0], [3192.6, 3881.0], [3192.5, 13000.0], [3192.45, 1281.0], [3192.4, 4282.0], [3192.25, 3261.0], [3192.2, 13000.0], [3192.15, 1305.0], [3192.1, 4282.0]], "asks": [[3193.8, 25799.0], [3193.85, 50000.0], [3194.0, 90.0], [3194.25, 9853.0], [3194.3, 13000.0], [3194.35, 21561.0], [3194.4, 3881.0], [3194.5, 13000.0], [3194.6, 5523.0], [3194.65, 2001.0], [3194.7, 18585.0], [3194.75, 6414.0], [3194.9, 17299.0], [3194.95, 1057.0], [3195.1, 4299.0], [3195.2, 1283.0], [3195.3, 17299.0], [3195.45, 19070.0], [3195.5, 4299.0], [3195.65, 2006.0]]}}}
{"jsonrpc": "2.0", "method": "subscription", "params": {"channel": "book.ETH-PERPETUAL.none.20.100ms", "data": {"timestamp": 1765448603335, "change_id": 101000905127, "instrument_name": "ETH-PERPETUAL", "bids": [[3193.75, 9939.0], [3193.5, 13391.0], [3193.3, 7463.0], [3193.25, 25000.0], [3192.95, 6509.0], [3192.9, 23467.0], [3192.75, 3881.0], [3192.7, 13040.0], [3192.65, 4282.0], [3192.6, 3881.0], [3192.5, 13000.0], [3192.45, 1281.0], [3192.4, 4282.0], [3192.25, 3261.0], [3192.2, 13000.0], [3192.15, 1305.0], [3192.1, 4282.0], [3192.0, 90.0], [3191.95, 5161.0], [3191.9, 17289.0]], "asks": [[3193.8, 76408.0], [3194.0, 90.0], [3194.05, 3881.0], [3194.1, 13000.0], [3194.2, 556.0], [3194.25, 9761.0], [3194.3, 13000.0], [3194.35, 21561.0], [3194.4, 3881.0], [3194.5, 13000.0], [3194.6, 5523.0], [3194.65, 2001.0], [3194.7, 18585.0], [3194.75, 6414.0], [3194.9, 17299.0], [3194.95, 1057.0], [3195.1, 4299.0], [3195.2, 10309.0], [3195.25, 17787.0], [3195.3, 17299.0]]}}}
{"jsonrpc": "2.0", "method": "subscription", "params": {"channel": "book.ETH-PERPETUAL.none.20.100ms", "data": {"timestamp": 1765448603661, "change_id": 101000905539, "instrument_name": "ETH-PERPETUAL", "bids": [[3193.75, 9939.0], [3193.5, 13391.0], [3193.4, 5254.0], [3193.35, 17600.0], [3193.3, 7463.0], [3193.25, 25000.0], [3192.95, 6509.0], [3192.9, 23467.0], [3192.75, 3881.0], [3192.7, 13040.0], [3192.65, 4282.0], [3192.6, 3881.0], [3192.5, 13000.0], [3192.45, 1281.0], [3192.4, 4282.0], [3192.25, 3261.0], [3192.2, 13000.0], [3192.15, 1305.0], [3192.1, 4282.0], [3192.0, 90.0]], "asks": [[3193.8, 77092.0], [3194.0, 90.0], [3194.05, 3881.0], [3194.1, 13000.0], [3194.2, 5972.0], [3194.25, 24351.0], [3194.3, 13000.0], [3194.35, 1554.0], [3194.4, 3881.0], [3194.5, 13000.0], [3194.6, 5523.0], [3194.65, 2001.0], [3194.7, 18585.0], [3194.75, 6414.0], [3194.9, 17299.0], [3194.95, 13796.0], [3195.1, 4299.0], [3195.2, 10309.0], [3195.25, 17787.0], [3195.3, 17299.0]]}}}
{"jsonrpc": "2.0", "method": "subscription", "params": {"channel": "book.ETH-PERPETUAL.none.20.100ms", "data": {"timestamp": 1765448603993, "change_id": 101000905936, "instrument_name": "ETH-PERPETUAL", "bids": [[3193.75, 9939.0], [3193.5, 13391.0], [3193.4, 5254.0], [3193.35, 17600.0], [3193.3, 7463.0], [3193.25, 25000.0], [3192.95, 6509.0], [3192.9, 23467.0], [3192.75, 3881.0], [3192.7, 13040.0], [3192.65, 4282.0], [3192.6, 3881.0], [3192.5, 13000.0], [3192.45, 1281.0], [3192.4, 4282.0], [3192.25, 3261.0], [3192.2, 13000.0], [3192.15, 1305.0], [3192.1, 4282.0], [3192.0, 90.0]], "asks": [[3193.8, 76884.0], [3194.0, 90.0], [3194.05, 3881.0], [3194.1, 13000.0], [3194.25, 9761.0], [3194.3, 13000.0], [3194.35, 21561.0], [3194.4, 3881.0], [3194.5, 13000.0], [3194.6, 5523.0], [3194.65, 2001.0], [3194.7, 18585.0], [3194.75, 6414.0], [3194.9, 17299.0], [3194.95, 13796.0], [3195.1, 4299.0], [3195.2, 1283.0], [3195.3, 17299.0], [3195.45, 19070.0], [3195.5, 5719.0]]}}}
{"jsonrpc": "2.0", "method": "subscription", "params": {"channel": "book.ETH-PERPETUAL.none.20.100ms", "data": {"timestamp": 1765448604326, "change_id": 101000906484, "instrument_name": "ETH-PERPETUAL", "bids": [[3193.75, 6388.0], [3193.55, 3997.0], [3193.5, 13391.0], [3193.4, 5254.0], [3193.35, 17600.0], [3193.3, 7463.0], [3193.25, 25000.0], [3192.95, 6509.0], [3192.9, 23467.0], [3192.75, 3881.0], [3192.7, 13040.0], [3192.65, 4282.0], [3192.6, 3881.0], [3192.5, 13000.0], [3192.45, 1281.0], [3192.4, 4282.0], [3192.25, 3261.0], [3192.2, 13000.0], [3192.15, 1305.0], [3192.1, 4282.0]], "asks": [[3193.8, 376563.0], [3194.0, 18455.0], [3194.05, 3881.0], [3194.1, 13000.0], [3194.25, 4344.0], [3194.3, 13000.0], [3194.35, 21561.0], [3194.4, 3881.0], [3194.5, 13000.0], [3194.6, 5523.0], [3194.65, 2001.0], [3194.7, 18585.0], [3194.75, 6414.0], [3194.85, 9282.0], [3194.9, 17299.0], [3194.95, 13796.0], [3195.1, 4299.0], [3195.2, 1283.0], [3195.25, 17787.0], [3195.3, 17299.0]]}}}
{"jsonrpc": "2.0", "method": "subscription", "params": {"channel": "book.ETH-PERPETUAL.none.20.100ms", "data": {"timestamp": 1765448604654, "change_id": 101000906773, "instrument_name": "ETH-PERPETUAL", "bids": [[3193.75, 6388.0], [3193.6, 17600.0], [3193.5, 20854.0], [3193.45, 25000.0], [3193.15, 1847.0], [3193.1, 6188.0], [3192.95, 6509.0], [3192.9, 17279.0], [3192.75, 3881.0], [3192.7, 13040.0], [3192.65, 4282.0], [3192.6, 3881.0], [3192.5, 13000.0], [3192.45, 1281.0], [3192.4, 4282.0], [3192.25, 3261.0], [3192.2, 13000.0], [3192.15, 1305.0], [3192.1, 4282.0], [3192.0, 90.0]], "asks": [[3193.8, 377342.0], [3194.0, 90.0], [3194.05, 3881.0], [3194.1, 13000.0], [3194.25, 9761.0], [3194.3, 13000.0], [3194.35, 21561.0], [3194.4, 3881.0], [3194.5, 13000.0], [3194.6, 5523.0], [3194.65, 2001.0], [3194.7, 18585.0], [3194.75, 6414.0], [3194.85, 9282.0], [3194.9, 17299.0], [3194.95, 13796.0], [3195.1, 4299.0], [3195.2, 1283.0], [3195.3, 17299.0], [3195.45, 19070.0]]}}}
{"jsonrpc": "2.0", "method": "subscription", "params": {"channel": "book.ETH-PERPETUAL.none.20.100ms", "data": {"timestamp": 1765448604984, "change_id": 101000907275, "instrument_name": "ETH-PERPETUAL", "bids": [[3193.75, 7895.0], [3193.65, 9251.0], [3193.6, 17600.0], [3193.5, 20854.0], [3193.45, 25000.0], [3193.35, 1847.0], [3193.3, 6188.0], [3193.15, 3644.0], [3193.1, 13000.0], [3193.05, 40.0], [3192.95, 6509.0], [3192.9, 17279.0], [3192.75, 3881.0], [3192.7, 13000.0], [3192.65, 4282.0], [3192.6, 3881.0], [3192.5, 13000.0], [3192.45, 1281.0], [3192.4, 4282.0], [3192.25, 3261.0]], "asks": [[3193.8, 315238.0], [3193.9, 6188.0], [3194.0, 90.0], [3194.05, 18309.0], [3194.1, 63000.0], [3194.25, 4344.0], [3194.3, 13000.0], [3194.35, 1554.0], [3194.4, 9356.0], [3194.45, 20007.0], [3194.5, 13000.0], [3194.6, 5523.0], [3194.65, 2001.0], [3194.7, 18585.0], [3194.75, 6414.0], [3194.85, 9282.0], [3194.9, 17299.0], [3194.95, 13796.0], [3195.1, 4299.0], [3195.2, 1283.0]]}}}
{"jsonrpc": "2.0", "method": "subscription", "params": {"channel": "book.ETH-PERPETUAL.none.20.100ms", "data": {"timestamp": 1765448605315, "change_id": 101000908071, "instrument_name": "ETH-PERPETUAL", "bids": [[3193.75, 7428.0], [3193.65, 9251.0], [3193.6, 17600.0], [3193.5, 12674.0], [3193.35, 10847.0], [3193.3, 38000.0], [3193.15, 3644.0], [3193.1, 13000.0], [3193.05, 40.0], [3192.95, 6509.0], [3192.9, 17279.0], [3192.75, 3881.0], [3192.7, 13000.0], [3192.65, 4282.0], [3192.6, 3881.0], [3192.5, 13000.0], [3192.45, 1281.0], [3192.4, 4282.0], [3192.25, 3261.0], [3192.2, 13000.0]], "asks": [[3193.8, 304149.0], [3193.85, 5000.0], [3193.9, 51847.0], [3193.95, 6188.0], [3194.0, 90.0], [3194.3, 11455.0], [3194.35, 20007.0], [3194.4, 22248.0], [3194.5, 13000.0], [3194.65, 2001.0], [3194.7, 18585.0], [3194.75, 6414.0], [3194.9, 17299.0], [3194.95, 1057.0], [3195.1, 4299.0], [3195.2, 1283.0], [3195.3, 17299.0], [3195.35, 17787.0], [3195.4, 6985.0], [3195.45, 1283.0]]}}}
{"jsonrpc": "2.0", "method": "subscription", "params": {"channel": "book.ETH-PERPETUAL.none.20.100ms", "data": {"timestamp": 1765448605609, "change_id": 101000908307, "instrument_name": "ETH-PERPETUAL", "bids": [[3193.75, 27749.0], [3193.65, 3783.0], [3193.5, 12674.0], [3193.35, 10847.0], [3193.3, 44188.0], [3193.15, 3644.0], [3193.1, 13000.0], [3193.05, 40.0], [3192.95, 6509.0], [3192.9, 17279.0], [3192.75, 3881.0], [3192.7, 13000.0], [3192.65, 4282.0], [3192.6, 3881.0], [3192.5, 13000.0], [3192.45, 1281.0], [3192.4, 4282.0], [3192.25, 3261.0], [3192.2, 13000.0], [3192.15, 1305.0]], "asks": [[3193.8, 304063.0], [3193.85, 55000.0], [3193.9, 1847.0], [3193.95, 6188.0], [3194.0, 90.0], [3194.3, 11455.0], [3194.35, 20007.0], [3194.4, 22248.0], [3194.5, 13000.0], [3194.65, 3555.0], [3194.7, 18585.0], [3194.75, 6414.0], [3194.9, 17299.0], [3194.95, 1057.0], [3195.1, 4299.0], [3195.2, 14403.0], [3195.3, 17299.0], [3195.35, 17787.0], [3195.4, 6985.0], [3195.45, 1283.0]]}}}
{"jsonrpc": "2.0", "method": "subscription", "params": {"channel": "book.ETH-PERPETUAL.none.20.100ms", "data": {"timestamp": 1765448605963, "change_id": 101000908735, "instrument_name": "ETH-PERPETUAL", "bids": [[3193.75, 7428.0], [3193.55, 3783.0], [3193.5, 12674.0], [3193.35, 10847.0], [3193.3, 44188.0], [3193.15, 3644.0], [3193.1, 13000.0], [3193.05, 40.0], [3192.95, 6509.0], [3192.9, 17279.0], [3192.75, 3881.0], [3192.7, 13000.0], [3192.65, 4282.0], [3192.6, 3881.0], [3192.5, 13000.0], [3192.45, 1281.0], [3192.4, 4282.0], [3192.25, 3261.0], [3192.2, 13000.0], [3192.15, 1305.0]], "asks": [[3193.8, 304388.0], [3193.85, 55000.0], [3193.9, 1847.0], [3193.95, 6188.0], [3194.0, 90.0], [3194.3, 5972.0], [3194.35, 20007.0], [3194.4, 3881.0], [3194.5, 13000.0], [3194.65, 3555.0], [3194.7, 18585.0], [3194.75, 6414.0], [3194.9, 17299.0], [3194.95, 1057.0], [3195.1, 4299.0], [3195.2, 14403.0], [3195.3, 17299.0], [3195.35, 17787.0], [3195.4, 6985.0], [3195.45, 1283.0]]}}}
{"jsonrpc": "2.0", "method": "subscription", "params": {"channel": "book.ETH-PERPETUAL.none.20.100ms", "data": {"timestamp": 1765448606306, "change_id": 101000909395, "instrument_name": "ETH-PERPETUAL", "bids": [[3193.75, 7428.0], [3193.5, 12674.0], [3193.35, 6966.0], [3193.3, 25000.0], [3193.15, 3644.0], [3193.1, 13000.0], [3192.95, 6509.0], [3192.9, 23467.0], [3192.75, 3881.0], [3192.7, 13000.0], [3192.65, 4282.0], [3192.6, 3921.0], [3192.5, 13000.0], [3192.45, 1281.0], [3192.4, 4282.0], [3192.25, 3261.0], [3192.2, 13000.0], [3192.15, 1305.0], [3192.1, 4482.0], [3192.0, 90.0]], "asks": [[3193.8, 354063.0], [3193.85, 5000.0], [3193.9, 1847.0], [3193.95, 6188.0], [3194.0, 18455.0], [3194.05, 3881.0], [3194.1, 13000.0], [3194.2, 5972.0], [3194.25, 23888.0], [3194.3, 13000.0], [3194.4, 3881.0], [3194.5, 13000.0], [3194.65, 2001.0], [3194.7, 18585.0], [3194.75, 6414.0], [3194.9, 17299.0], [3194.95, 1057.0], [3195.1, 4299.0], [3195.15, 9080.0], [3195.2, 13120.0]]}}}
{"jsonrpc": "2.0", "method": "subscription", "params": {"channel": "book.ETH-PERPETUAL.none.20.100ms", "data": {"timestamp": 1765448606613, "change_id": 101000909713, "instrument_name": "ETH-PERPETUAL", "bids": [[3193.75, 7428.0], [3193.5, 12674.0], [3193.4, 12800.0], [3193.35, 6966.0], [3193.3, 25000.0], [3193.15, 3644.0], [3193.1, 13000.0], [3192.95, 6509.0], [3192.9, 23467.0], [3192.75, 3881.0], [3192.7, 13000.0], [3192.65, 4282.0], [3192.6, 3921.0], [3192.5, 13000.0], [3192.45, 1281.0], [3192.4, 4282.0], [3192.25, 3261.0], [3192.2, 13000.0], [3192.15, 1305.0], [3192.1, 4482.0]], "asks": [[3193.8, 354863.0], [3193.85, 5000.0], [3193.9, 1847.0], [3193.95, 15577.0], [3194.0, 18455.0], [3194.1, 13000.0], [3194.2, 5972.0], [3194.25, 23888.0], [3194.3, 13000.0], [3194.4, 3881.0], [3194.5, 13000.0], [3194.65, 2001.0], [3194.7, 18585.0], [3194.75, 6414.0], [3194.9, 17299.0], [3194.95, 1057.0], [3195.1, 4299.0], [3195.15, 9080.0], [3195.2, 13120.0], [3195.3, 17299.0]]}}}
{"jsonrpc": "2.0", "method": "subscription", "params": {"channel": "book.ETH-PERPETUAL.none.20.100ms", "data": {"timestamp": 1765448606947, "change_id": 101000910078, "instrument_name": "ETH-PERPETUAL", "bids": [[3193.75, 7428.0], [3193.5, 12674.0], [3193.3, 25000.0], [3192.95, 6509.0], [3192.9, 17279.0], [3192.8, 1847.0], [3192.75, 10069.0], [3192.7, 13000.0], [3192.65, 4282.0], [3192.6, 3921.0], [3192.5, 13000.0], [3192.45, 1281.0], [3192.4, 4282.0], [3192.25, 3261.0], [3192.2, 13000.0], [3192.15, 1305.0], [3192.1, 4482.0], [3192.0, 90.0], [3191.95, 5161.0], [3191.9, 17289.0]], "asks": [[3193.8, 356352.0], [3193.85, 5000.0], [3193.9, 1847.0], [3193.95, 20349.0], [3194.0, 18455.0], [3194.05, 20007.0], [3194.1, 13000.0], [3194.25, 3881.0], [3194.3, 13000.0], [3194.4, 3881.0], [3194.5, 13000.0], [3194.65, 2001.0], [3194.7, 18585.0], [3194.75, 6414.0], [3194.9, 17299.0], [3195.1, 22086.0], [3195.15, 9080.0], [3195.2, 13120.0], [3195.3, 17299.0], [3195.4, 6985.0]]}}}
{"jsonrpc": "2.0", "method": "subscription", "params": {"channel": "book.ETH-PERPETUAL.none.20.100ms", "data": {"timestamp": 1765448607291, "change_id": 101000910594, "instrument_name": "ETH-PERPETUAL", "bids": [[3193.75, 10399.0], [3193.5, 12674.0], [3193.3, 25000.0], [3192.95, 6509.0], [3192.9, 17279.0], [3192.8, 1847.0], [3192.75, 10069.0], [3192.7, 13000.0], [3192.65, 4282.0], [3192.6, 3921.0], [3192.5, 13000.0], [3192.45, 1281.0], [3192.4, 4282.0], [3192.25, 3261.0], [3192.2, 13000.0], [3192.15, 1305.0], [3192.1, 4482.0], [3192.0, 90.0], [3191.95, 5161.0], [3191.9, 17289.0]], "asks": [[3193.8, 356855.0], [3193.85, 5000.0], [3193.9, 1847.0], [3193.95, 20349.0], [3194.0, 18455.0], [3194.05, 20007.0], [3194.1, 13000.0], [3194.25, 3881.0], [3194.3, 13000.0], [3194.4, 4937.0], [3194.5, 13000.0], [3194.65, 2001.0], [3194.7, 18585.0], [3194.75, 6414.0], [3194.9, 17299.0], [3195.05, 6593.0], [3195.1, 22086.0], [3195.3, 17299.0], [3195.4, 6985.0], [3195.45, 1283.0]]}}}
{"jsonrpc": "2.0", "method": "subscription", "params": {"channel": "book.ETH-PERPETUAL.none.20.100ms", "data": {"timestamp": 1765448607626, "change_id": 101000911263, "instrument_name": "ETH-PERPETUAL", "bids": [[3193.75, 10399.0], [3193.5, 12674.0], [3193.1, 7463.0], [3193.05, 25000.0], [3192.75, 3881.0], [3192.7, 13000.0], [3192.6, 8152.0], [3192.5, 19188.0], [3192.45, 1281.0], [3192.4, 4282.0], [3192.25, 3261.0], [3192.2, 13000.0], [3192.15, 1305.0], [3192.1, 4482.0], [3192.0, 90.0], [3191.95, 5161.0], [3191.9, 17289.0], [3191.75, 17.0], [3191.7, 1340.0], [3191.6, 4289.0]], "asks": [[3193.8, 364385.0], [3193.85, 15730.0], [3193.9, 13000.0], [3193.95, 35584.0], [3194.0, 18455.0], [3194.1, 13000.0], [3194.25, 3881.0], [3194.3, 13000.0], [3194.4, 4937.0], [3194.5, 13000.0], [3194.65, 2001.0], [3194.7, 18585.0], [3194.75, 6414.0], [3194.8, 12838.0], [3194.9, 17299.0], [3195.0, 17787.0], [3195.1, 4299.0], [3195.3, 17299.0], [3195.4, 6985.0], [3195.45, 1283.0]]}}}
{"jsonrpc": "2.0", "method": "subscription", "params": {"channel": "book.ETH-PERPETUAL.none.20.100ms", "data": {"timestamp": 1765448607956, "change_id": 101000912127, "instrument_name": "ETH-PERPETUAL", "bids": [[3193.5, 17743.0], [3192.85, 7463.0], [3192.8, 25000.0], [3192.6, 3881.0], [3192.5, 13000.0], [3192.4, 1274.0], [3192.35, 4267.0], [3192.3, 5757.0], [3192.25, 6247.0], [3192.2, 13000.0], [3192.15, 1345.0], [3192.1, 4482.0], [3192.0, 90.0], [3191.95, 5161.0], [3191.9, 17289.0], [3191.75, 17.0], [3191.7, 1340.0], [3191.6, 4289.0], [3191.5, 13000.0], [3191.4, 4289.0]], "asks": [[3193.55, 136114.0], [3193.65, 20007.0], [3193.7, 13000.0], [3193.75, 108703.0], [3193.8, 308495.0], [3193.85, 3881.0], [3193.9, 13000.0], [3193.95, 9389.0], [3194.0, 18455.0], [3194.1, 13000.0], [3194.25, 3881.0], [3194.3, 13000.0], [3194.4, 9204.0], [3194.5, 19398.0], [3194.65, 2001.0], [3194.7, 18585.0], [3194.75, 17787.0], [3194.8, 12838.0], [3194.9, 17299.0], [3194.95, 1420.0]]}}}
{"jsonrpc": "2.0", "method": "subscription", "params": {"channel": "book.ETH-PERPETUAL.none.20.100ms", "data": {"timestamp": 1765448608285, "change_id": 101000913439, "instrument_name": "ETH-PERPETUAL", "bids": [[3192.8, 12500.0], [3192.3, 3910.0], [3192.25, 59.0], [3192.2, 13000.0], [3192.0, 90.0], [3191.95, 11963.0], [3191.9, 17289.0], [3191.85, 25000.0], [3191.75, 17.0], [3191.65, 1280.0], [3191.6, 4289.0], [3191.55, 5161.0], [3191.5, 13000.0], [3191.4, 4289.0], [3191.3, 3883.0], [3191.25, 13008.0], [3191.2, 1284.0], [3191.15, 4300.0], [3191.0, 8.0], [3190.95, 9904.0]], "asks": [[3192.85, 72644.0], [3193.3, 12776.0], [3193.35, 18790.0], [3193.4, 9356.0], [3193.45, 33007.0], [3193.5, 3076.0], [3193.55, 10536.0], [3193.7, 17267.0], [3193.75, 108703.0], [3193.8, 308421.0], [3193.85, 4937.0], [3193.9, 13000.0], [3193.95, 5181.0], [3194.0, 4357.0], [3194.1, 13000.0], [3194.25, 3881.0], [3194.3, 13000.0], [3194.4, 8150.0], [3194.5, 13000.0], [3194.55, 11083.0]]}}}
{"jsonrpc": "2.0", "method": "subscription", "params": {"channel": "book.ETH-PERPETUAL.none.20.100ms", "data": {"timestamp": 1765448608616, "change_id": 101000914693, "instrument_name": "ETH-PERPETUAL", "bids": [[3192.8, 12500.0], [3192.35, 11800.0], [3192.3, 3910.0], [3192.25, 59.0], [3192.2, 13000.0], [3192.1, 7489.0], [3192.05, 25000.0], [3192.0, 90.0], [3191.95, 9428.0], [3191.9, 13000.0], [3191.75, 17.0], [3191.65, 1280.0], [3191.6, 4289.0], [3191.55, 7302.0], [3191.5, 22383.0], [3191.4, 4289.0], [3191.3, 3883.0], [3191.25, 13048.0], [3191.2, 1284.0], [3191.15, 4300.0]], "asks": [[3192.85, 75283.0], [3192.9, 7000.0], [3193.1, 42.0], [3193.15, 6155.0], [3193.2, 39681.0], [3193.25, 13000.0], [3193.35, 41032.0], [3193.45, 13000.0], [3193.55, 2488.0], [3193.7, 17267.0], [3193.75, 108703.0], [3193.8, 306535.0], [3193.85, 4937.0], [3193.9, 13000.0], [3193.95, 5181.0], [3194.0, 4357.0], [3194.1, 13000.0], [3194.2, 5309.0], [3194.25, 21668.0], [3194.3, 13000.0]]}}}
{"jsonrpc": "2.0", "method": "subscription", "params": {"channel": "book.ETH-PERPETUAL.none.20.100ms", "data": {"timestamp": 1765448608939, "change_id": 101000915227, "instrument_name": "ETH-PERPETUAL", "bids": [[3192.8, 12500.0], [3192.3, 3910.0], [3192.25, 59.0], [3192.2, 13000.0], [3192.1, 7489.0], [3192.05, 25000.0], [3192.0, 90.0], [3191.95, 9428.0], [3191.9, 13000.0], [3191.75, 17.0], [3191.65, 1280.0], [3191.6, 4289.0], [3191.55, 7302.0], [3191.5, 22383.0], [3191.4, 4289.0], [3191.3, 3883.0], [3191.25, 13048.0], [3191.2, 1284.0], [3191.15, 4300.0], [3191.05, 3883.0]], "asks": [[3192.85, 76393.0], [3192.9, 7000.0], [3192.95, 2801.0], [3193.0, 9383.0], [3193.1, 42.0], [3193.15, 6155.0], [3193.2, 39190.0], [3193.25, 13000.0], [3193.35, 41032.0], [3193.45, 13000.0], [3193.55, 1595.0], [3193.7, 17267.0], [3193.75, 108703.0], [3193.8, 306535.0], [3193.85, 4937.0], [3193.9, 13000.0], [3193.95, 5181.0], [3194.0, 4357.0], [3194.1, 13000.0], [3194.15, 5309.0]]}}}
{"jsonrpc": "2.0", "method": "subscription", "params": {"channel": "book.ETH-PERPETUAL.none.20.100ms", "data": {"timestamp": 1765448609271, "change_id": 101000915771, "instrument_name": "ETH-PERPETUAL", "bids": [[3192.8, 12500.0], [3192.3, 3910.0], [3192.25, 59.0], [3192.2, 13000.0], [3192.1, 7489.0], [3192.05, 25000.0], [3192.0, 90.0], [3191.95, 9428.0], [3191.9, 13000.0], [3191.75, 17.0], [3191.65, 1280.0], [3191.6, 4289.0], [3191.55, 7302.0], [3191.5, 22383.0], [3191.4, 4289.0], [3191.3, 3883.0], [3191.25, 13048.0], [3191.2, 1284.0], [3191.15, 4300.0], [3191.05, 3883.0]], "asks": [[3192.85, 77647.0], [3192.9, 5000.0], [3192.95, 2801.0], [3193.0, 9383.0], [3193.1, 42.0], [3193.15, 6155.0], [3193.2, 29496.0], [3193.25, 13000.0], [3193.35, 22671.0], [3193.45, 13000.0], [3193.55, 1595.0], [3193.7, 17267.0], [3193.75, 108703.0], [3193.8, 319096.0], [3193.85, 4937.0], [3193.9, 13000.0], [3193.95, 5181.0], [3194.0, 4357.0], [3194.1, 13000.0], [3194.15, 5309.0]]}}}
{"jsonrpc": "2.0", "method": "subscription", "params": {"channel": "book.ETH-PERPETUAL.none.20.100ms", "data": {"timestamp": 1765448609610, "change_id": 101000916172, "instrument_name": "ETH-PERPETUAL", "bids": [[3192.8, 12500.0], [3192.3, 3910.0], [3192.25, 59.0], [3192.2, 13000.0], [3192.1, 7489.0], [3192.05, 25000.0], [3192.0, 90.0], [3191.95, 9428.0], [3191.9, 13000.0], [3191.75, 17.0], [3191.65, 1280.0], [3191.6, 4289.0], [3191.55, 7302.0], [3191.5, 22383.0], [3191.4, 4289.0], [3191.3, 3883.0], [3191.25, 13048.0], [3191.2, 1284.0], [3191.15, 4300.0], [3191.05, 3883.0]], "asks": [[3192.85, 77318.0], [3192.9, 5000.0], [3192.95, 2801.0], [3193.0, 9383.0], [3193.05, 11465.0], [3193.1, 18402.0], [3193.2, 29496.0], [3193.25, 13000.0], [3193.35, 22671.0], [3193.45, 13000.0], [3193.55, 1553.0], [3193.7, 17267.0], [3193.75, 108703.0], [3193.8, 306460.0], [3193.85, 4937.0], [3193.9, 13000.0], [3193.95, 5181.0], [3194.0, 4357.0], [3194.1, 13000.0], [3194.15, 5309.0]]}}}
{"jsonrpc": "2.0", "method": "subscription", "params": {"channel": "book.ETH-PERPETUAL.none.20.100ms", "data": {"timestamp": 1765448609932, "change_id": 101000916539, "instrument_name": "ETH-PERPETUAL", "bids": [[3192.8, 12500.0], [3192.3, 3910.0], [3192.25, 59.0], [3192.2, 13000.0], [3192.1, 7489.0], [3192.05, 25000.0], [3192.0, 90.0], [3191.95, 9428.0], [3191.9, 13000.0], [3191.75, 17.0], [3191.65, 1280.0], [3191.6, 4289.0], [3191.55, 7302.0], [3191.5, 22383.0], [3191.4, 4289.0], [3191.3, 3883.0], [3191.25, 13048.0], [3191.2, 1284.0], [3191.15, 4300.0], [3191.05, 3883.0]], "asks": [[3192.85, 77227.0], [3192.9, 5000.0], [3192.95, 2801.0], [3193.0, 9383.0], [3193.05, 11465.0], [3193.1, 18402.0], [3193.2, 29496.0], [3193.25, 13000.0], [3193.35, 22671.0], [3193.45, 13000.0], [3193.55, 1553.0], [3193.7, 17267.0], [3193.75, 108703.0], [3193.8, 306460.0], [3193.85, 4937.0], [3193.9, 13000.0], [3193.95, 5181.0], [3194.0, 4357.0], [3194.1, 13000.0], [3194.15, 5309.0]]}}}
{"jsonrpc": "2.0", "method": "subscription", "params": {"channel": "book.ETH-PERPETUAL.none.20.100ms", "data": {"timestamp": 1765448610251, "change_id": 101000917050, "instrument_name": "ETH-PERPETUAL", "bids": [[3192.8, 12500.0], [3192.25, 3940.0], [3192.2, 13000.0], [3192.1, 7489.0], [3192.05, 25000.0], [3192.0, 90.0], [3191.95, 9428.0], [3191.9, 13000.0], [3191.75, 17.0], [3191.65, 1280.0], [3191.6, 4289.0], [3191.55, 7302.0], [3191.5, 22383.0], [3191.4, 4289.0], [3191.3, 3883.0], [3191.25, 13048.0], [3191.2, 1284.0], [3191.15, 4300.0], [3191.05, 3883.0], [3191.0, 13008.0]], "asks": [[3192.85, 73524.0], [3192.9, 5000.0], [3192.95, 2801.0], [3193.0, 9383.0], [3193.05, 11465.0], [3193.1, 18402.0], [3193.2, 29496.0], [3193.25, 13000.0], [3193.35, 22671.0], [3193.45, 13000.0], [3193.55, 1553.0], [3193.7, 17267.0], [3193.75, 121236.0], [3193.8, 306460.0], [3193.85, 4937.0], [3193.9, 13000.0], [3193.95, 5181.0], [3194.0, 4357.0], [3194.1, 13000.0], [3194.15, 5309.0]]}}}
{"jsonrpc": "2.0", "method": "subscription", "params": {"channel": "book.ETH-PERPETUAL.none.20.100ms", "data": {"timestamp": 1765448610598, "change_id": 101000917388, "instrument_name": "ETH-PERPETUAL", "bids": [[3192.8, 22250.0], [3192.25, 3940.0], [3192.2, 13000.0], [3192.1, 7489.0], [3192.05, 25000.0], [3192.0, 90.0], [3191.95, 9428.0], [3191.9, 13000.0], [3191.75, 17.0], [3191.65, 1280.0], [3191.6, 4289.0], [3191.55, 7302.0], [3191.5, 22383.0], [3191.4, 4289.0], [3191.3, 3883.0], [3191.25, 13048.0], [3191.2, 1284.0], [3191.15, 4300.0], [3191.05, 3883.0], [3191.0, 13008.0]], "asks": [[3192.85, 73506.0], [3192.9, 5000.0], [3192.95, 2801.0], [3193.0, 9383.0], [3193.05, 11465.0], [3193.1, 18402.0], [3193.2, 29496.0], [3193.25, 13000.0], [3193.35, 22671.0], [3193.45, 13000.0], [3193.55, 1553.0], [3193.7, 17267.0], [3193.75, 121236.0], [3193.8, 306460.0], [3193.85, 4937.0], [3193.9, 13000.0], [3193.95, 5181.0], [3194.0, 4357.0], [3194.1, 13000.0], [3194.15, 5309.0]]}}}
{"jsonrpc": "2.0", "method": "subscription", "params": {"channel": "book.ETH-PERPETUAL.none.20.100ms", "data": {"timestamp": 1765448610930, "change_id": 101000917724, "instrument_name": "ETH-PERPETUAL", "bids": [[3192.8, 22250.0], [3192.25, 3940.0], [3192.2, 13000.0], [3192.1, 7489.0], [3192.05, 25000.0], [3192.0, 90.0], [3191.95, 9428.0], [3191.9, 13000.0], [3191.75, 17.0], [3191.65, 1280.0], [3191.6, 4289.0], [3191.55, 7302.0], [3191.5, 22383.0], [3191.4, 4289.0], [3191.3, 3883.0], [3191.25, 13048.0], [3191.2, 1284.0], [3191.15, 4300.0], [3191.05, 3883.0], [3191.0, 13008.0]], "asks": [[3192.85, 72798.0], [3192.9, 5000.0], [3192.95, 2801.0], [3193.0, 9383.0], [3193.05, 11465.0], [3193.1, 18402.0], [3193.2, 29496.0], [3193.25, 13000.0], [3193.35, 22671.0], [3193.45, 13000.0], [3193.55, 1553.0], [3193.7, 17267.0], [3193.75, 121236.0], [3193.8, 306460.0], [3193.85, 4937.0], [3193.9, 13000.0], [3193.95, 5181.0], [3194.0, 4357.0], [3194.1, 13000.0], [3194.15, 5309.0]]}}}
{"jsonrpc": "2.0", "method": "subscription", "params": {"channel": "book.ETH-PERPETUAL.none.20.100ms", "data": {"timestamp": 1765448611234, "change_id": 101000918232, "instrument_name": "ETH-PERPETUAL", "bids": [[3192.8, 22250.0], [3192.25, 3940.0], [3192.2, 13000.0], [3192.1, 7489.0], [3192.05, 25000.0], [3192.0, 90.0], [3191.95, 9428.0], [3191.9, 13000.0], [3191.75, 17.0], [3191.65, 1280.0], [3191.6, 4289.0], [3191.55, 7302.0], [3191.5, 22383.0], [3191.4, 4289.0], [3191.3, 3883.0], [3191.25, 13048.0], [3191.2, 1284.0], [3191.15, 4300.0], [3191.05, 3883.0], [3191.0, 13008.0]], "asks": [[3192.85, 70820.0], [3192.9, 6753.0], [3192.95, 2801.0], [3193.0, 9383.0], [3193.05, 11465.0], [3193.1, 18402.0], [3193.2, 29496.0], [3193.25, 13000.0], [3193.35, 22671.0], [3193.45, 13000.0], [3193.55, 1553.0], [3193.7, 17267.0], [3193.75, 121236.0], [3193.8, 306460.0], [3193.85, 4937.0], [3193.9, 13000.0], [3193.95, 5181.0], [3194.0, 4357.0], [3194.1, 13000.0], [3194.15, 5309.0]]}}}
{"jsonrpc": "2.0", "method": "subscription", "params": {"channel": "book.ETH-PERPETUAL.none.20.100ms", "data": {"timestamp": 1765448611575, "change_id": 101000918608, "instrument_name": "ETH-PERPETUAL", "bids": [[3192.8, 22250.0], [3192.25, 3940.0], [3192.2, 13000.0], [3192.1, 7489.0], [3192.05, 25000.0], [3192.0, 90.0], [3191.95, 9428.0], [3191.9, 13000.0], [3191.75, 17.0], [3191.65, 1280.0], [3191.6, 4289.0], [3191.55, 5161.0], [3191.5, 13000.0], [3191.4, 4289.0], [3191.3, 3883.0], [3191.25, 13048.0], [3191.2, 1284.0], [3191.15, 13683.0], [3191.05, 3883.0], [3191.0, 13008.0]], "asks": [[3192.85, 74611.0], [3192.9, 5000.0], [3192.95, 2801.0], [3193.0, 9383.0], [3193.05, 11465.0], [3193.1, 18402.0], [3193.2, 29496.0], [3193.25, 13000.0], [3193.35, 22671.0], [3193.45, 13000.0], [3193.55, 1553.0], [3193.7, 17267.0], [3193.75, 121236.0], [3193.8, 306460.0], [3193.85, 4937.0], [3193.9, 13000.0], [3193.95, 5181.0], [3194.0, 4357.0], [3194.1, 13000.0], [3194.15, 5309.0]]}}}
{"jsonrpc": "2.0", "method": "subscription", "params": {"channel": "book.ETH-PERPETUAL.none.20.100ms", "data": {"timestamp": 1765448611868, "change_id": 101000918818, "instrument_name": "ETH-PERPETUAL", "bids": [[3192.8, 22250.0], [3192.25, 3940.0], [3192.2, 13000.0], [3192.1, 7489.0], [3192.05, 25000.0], [3192.0, 90.0], [3191.95, 9428.0], [3191.9, 13000.0], [3191.75, 17.0], [3191.65, 1280.0], [3191.6, 4289.0], [3191.55, 5161.0], [3191.5, 13000.0], [3191.4, 4289.0], [3191.3, 3883.0], [3191.25, 13048.0], [3191.2, 1284.0], [3191.15, 13683.0], [3191.05, 3883.0], [3191.0, 13008.0]], "asks": [[3192.85, 79356.0], [3192.9, 5538.0], [3192.95, 2801.0], [3193.0, 9383.0], [3193.05, 10763.0], [3193.1, 18402.0], [3193.15, 20007.0], [3193.2, 9489.0], [3193.25, 13000.0], [3193.35, 22671.0], [3193.45, 13000.0], [3193.55, 1553.0], [3193.7, 17267.0], [3193.75, 108703.0], [3193.8, 306460.0], [3193.85, 4937.0], [3193.9, 13000.0], [3193.95, 5181.0], [3194.0, 4357.0], [3194.1, 13000.0]]}}}
{"jsonrpc": "2.0", "method": "subscription", "params": {"channel": "book.ETH-PERPETUAL.none.20.100ms", "data": {"timestamp": 1765448612247, "change_id": 101000919426, "instrument_name": "ETH-PERPETUAL", "bids": [[3192.8, 22250.0], [3192.25, 3940.0], [3192.2, 13000.0], [3192.1, 7489.0], [3192.05, 25000.0], [3192.0, 90.0], [3191.95, 9428.0], [3191.9, 13000.0], [3191.75, 17.0], [3191.65, 1280.0], [3191.6, 4289.0], [3191.55, 5161.0], [3191.5, 13000.0], [3191.4, 4289.0], [3191.3, 3883.0], [3191.25, 13048.0], [3191.2, 3920.0], [3191.15, 13683.0], [3191.05, 3883.0], [3191.0, 13008.0]], "asks": [[3192.85, 82890.0], [3192.9, 5000.0], [3192.95, 8415.0], [3193.0, 9383.0], [3193.05, 25500.0], [3193.1, 18402.0], [3193.2, 9489.0], [3193.25, 13000.0], [3193.35, 22671.0], [3193.45, 13000.0], [3193.55, 1553.0], [3193.7, 17267.0], [3193.75, 121581.0], [3193.8, 306460.0], [3193.85, 4937.0], [3193.9, 13000.0], [3193.95, 5181.0], [3194.0, 4357.0], [3194.1, 13000.0], [3194.15, 5309.0]]}}}
{"jsonrpc": "2.0", "method": "subscription", "params": {"channel": "book.ETH-PERPETUAL.none.20.100ms", "data": {"timestamp": 1765448612579, "change_id": 101000919894, "instrument_name": "ETH-PERPETUAL", "bids": [[3192.8, 22250.0], [3192.25, 59.0], [3192.2, 3881.0], [3192.15, 13000.0], [3192.1, 7489.0], [3192.05, 25000.0], [3192.0, 1364.0], [3191.95, 4267.0], [3191.8, 3886.0], [3191.75, 13017.0], [3191.65, 1280.0], [3191.6, 4289.0], [3191.55, 5161.0], [3191.5, 13000.0], [3191.4, 4289.0], [3191.3, 3883.0], [3191.25, 13048.0], [3191.2, 3920.0], [3191.15, 13683.0], [3191.05, 3883.0]], "asks": [[3192.85, 82276.0], [3192.9, 6072.0], [3192.95, 8415.0], [3193.0, 9383.0], [3193.05, 25500.0], [3193.1, 18402.0], [3193.2, 9489.0], [3193.25, 13000.0], [3193.35, 22671.0], [3193.45, 13000.0], [3193.55, 1553.0], [3193.7, 17267.0], [3193.75, 121581.0], [3193.8, 306460.0], [3193.85, 4937.0], [3193.9, 13000.0], [3193.95, 5181.0], [3194.0, 4357.0], [3194.1, 13000.0], [3194.15, 5309.0]]}}}
{"jsonrpc": "2.0", "method": "subscription", "params": {"channel": "book.ETH-PERPETUAL.none.20.100ms", "data": {"timestamp": 1765448612910, "change_id": 101000920156, "instrument_name": "ETH-PERPETUAL", "bids": [[3192.8, 22250.0], [3192.25, 59.0], [3192.2, 3881.0], [3192.15, 13000.0], [3192.1, 7489.0], [3192.05, 25000.0], [3192.0, 1364.0], [3191.95, 4267.0], [3191.8, 3886.0], [3191.75, 13017.0], [3191.65, 1280.0], [3191.6, 4289.0], [3191.55, 5161.0], [3191.5, 13000.0], [3191.4, 4289.0], [3191.3, 3883.0], [3191.25, 13048.0], [3191.2, 3920.0], [3191.15, 13683.0], [3191.05, 3883.0]], "asks": [[3192.85, 83139.0], [3192.9, 5000.0], [3192.95, 8415.0], [3193.0, 9383.0], [3193.05, 25500.0], [3193.1, 18402.0], [3193.2, 9489.0], [3193.25, 13000.0], [3193.35, 22671.0], [3193.45, 13000.0], [3193.55, 1553.0], [3193.7, 17267.0], [3193.75, 121581.0], [3193.8, 306440.0], [3193.85, 4937.0], [3193.9, 13000.0], [3193.95, 5181.0], [3194.0, 4357.0], [3194.1, 13000.0], [3194.15, 5309.0]]}}}
{"jsonrpc": "2.0", "method": "subscription", "params": {"channel": "book.ETH-PERPETUAL.none.20.100ms", "data": {"timestamp": 1765448613236, "change_id": 101000920721, "instrument_name": "ETH-PERPETUAL", "bids": [[3192.8, 22250.0], [3192.25, 59.0], [3192.2, 3881.0], [3192.15, 13000.0], [3192.1, 7489.0], [3192.05, 25000.0], [3192.0, 1364.0], [3191.95, 4267.0], [3191.8, 3886.0], [3191.75, 13017.0], [3191.65, 1280.0], [3191.6, 4289.0], [3191.55, 5161.0], [3191.5, 13000.0], [3191.4, 4289.0], [3191.3, 3883.0], [3191.25, 13048.0], [3191.2, 3920.0], [3191.15, 13683.0], [3191.05, 3883.0]], "asks": [[3192.85, 92597.0], [3192.9, 5000.0], [3192.95, 5614.0], [3193.05, 25500.0], [3193.1, 18402.0], [3193.2, 9489.0], [3193.25, 13000.0], [3193.35, 22671.0], [3193.45, 13000.0], [3193.55, 1553.0], [3193.7, 17267.0], [3193.75, 121581.0], [3193.8, 306440.0], [3193.85, 4937.0], [3193.9, 13000.0], [3193.95, 5181.0], [3194.0, 4357.0], [3194.05, 17787.0], [3194.1, 13000.0], [3194.25, 3881.0]]}}}
{"jsonrpc": "2.0", "method": "subscription", "params": {"channel": "book.ETH-PERPETUAL.none.20.100ms", "data": {"timestamp": 1765448613553, "change_id": 101000921014, "instrument_name": "ETH-PERPETUAL", "bids": [[3192.8, 22250.0], [3192.25, 59.0], [3192.2, 3881.0], [3192.15, 13000.0], [3192.1, 7489.0], [3192.05, 25000.0], [3192.0, 1364.0], [3191.95, 4267.0], [3191.8, 3886.0], [3191.75, 13017.0], [3191.65, 1280.0], [3191.6, 4289.0], [3191.55, 5161.0], [3191.5, 13000.0], [3191.4, 4289.0], [3191.3, 3883.0], [3191.25, 13048.0], [3191.2, 3920.0], [3191.15, 13683.0], [3191.05, 3883.0]], "asks": [[3192.85, 92737.0], [3192.9, 5000.0], [3192.95, 5614.0], [3193.05, 25500.0], [3193.1, 18402.0], [3193.2, 9489.0], [3193.25, 13000.0], [3193.35, 22671.0], [3193.45, 13000.0], [3193.55, 1553.0], [3193.7, 17267.0], [3193.75, 121581.0], [3193.8, 306440.0], [3193.85, 4937.0], [3193.9, 13000.0], [3193.95, 5181.0], [3194.0, 4357.0], [3194.05, 17787.0], [3194.1, 13000.0], [3194.25, 3881.0]]}}}
{"jsonrpc": "2.0", "method": "subscription", "params": {"channel": "book.ETH-PERPETUAL.none.20.100ms", "data": {"timestamp": 1765448613887, "change_id": 101000921238, "instrument_name": "ETH-PERPETUAL", "bids": [[3192.8, 22250.0], [3192.25, 59.0], [3192.2, 3881.0], [3192.15, 13000.0], [3192.1, 7489.0], [3192.05, 25000.0], [3192.0, 1364.0], [3191.95, 4267.0], [3191.8, 3886.0], [3191.75, 13017.0], [3191.65, 1280.0], [3191.6, 4289.0], [3191.55, 5161.0], [3191.5, 13000.0], [3191.4, 4289.0], [3191.3, 3883.0], [3191.25, 13048.0], [3191.2, 3920.0], [3191.15, 13683.0], [3191.05, 3883.0]], "asks": [[3192.85, 92770.0], [3192.9, 5000.0], [3192.95, 5614.0], [3193.05, 25500.0], [3193.1, 18402.0], [3193.2, 9489.0], [3193.25, 13000.0], [3193.35, 22671.0], [3193.45, 13000.0], [3193.55, 1553.0], [3193.7, 17267.0], [3193.75, 121581.0], [3193.8, 306440.0], [3193.85, 4937.0], [3193.9, 13000.0], [3193.95, 5181.0], [3194.0, 4357.0], [3194.05, 17787.0], [3194.1, 13000.0], [3194.25, 3881.0]]}}}
{"jsonrpc": "2.0", "method": "subscription", "params": {"channel": "book.ETH-PERPETUAL.none.20.100ms", "data": {"timestamp": 1765448614235, "change_id": 101000921851, "instrument_name": "ETH-PERPETUAL", "bids": [[3192.8, 22250.0], [3192.25, 59.0], [3192.2, 3881.0], [3192.15, 13000.0], [3192.1, 7489.0], [3192.05, 25000.0], [3192.0, 1364.0], [3191.95, 4267.0], [3191.8, 3886.0], [3191.75, 13017.0], [3191.65, 1280.0], [3191.6, 4289.0], [3191.55, 5161.0], [3191.5, 13000.0], [3191.4, 4289.0], [3191.3, 3883.0], [3191.25, 13048.0], [3191.2, 3920.0], [3191.15, 13683.0], [3191.05, 3883.0]], "asks": [[3192.85, 91830.0], [3192.9, 5956.0], [3192.95, 5614.0], [3193.05, 25500.0], [3193.1, 18402.0], [3193.2, 9489.0], [3193.25, 13000.0], [3193.35, 22671.0], [3193.45, 13000.0], [3193.55, 1553.0], [3193.7, 17267.0], [3193.75, 108703.0], [3193.8, 306440.0], [3193.85, 4937.0], [3193.9, 13000.0], [3193.95, 5181.0], [3194.0, 4357.0], [3194.05, 17787.0], [3194.1, 13000.0], [3194.25, 3881.0]]}}}
{"jsonrpc": "2.0", "method": "subscription", "params": {"channel": "book.ETH-PERPETUAL.none.20.100ms", "data": {"timestamp": 1765448614557, "change_id": 101000922172, "instrument_name": "ETH-PERPETUAL", "bids": [[3192.8, 22250.0], [3192.3, 11361.0], [3192.25, 25059.0], [3192.15, 13000.0], [3192.0, 1364.0], [3191.95, 4267.0], [3191.8, 3886.0], [3191.75, 13017.0], [3191.65, 1280.0], [3191.6, 4289.0], [3191.55, 5161.0], [3191.5, 13000.0], [3191.4, 4289.0], [3191.3, 3883.0], [3191.25, 13048.0], [3191.2, 3920.0], [3191.15, 13683.0], [3191.05, 3883.0], [3191.0, 13008.0], [3190.95, 1284.0]], "asks": [[3192.85, 91880.0], [3192.9, 5956.0], [3192.95, 5614.0], [3193.05, 25500.0], [3193.1, 18402.0], [3193.2, 9489.0], [3193.25, 13000.0], [3193.35, 22671.0], [3193.45, 13000.0], [3193.55, 1553.0], [3193.7, 17267.0], [3193.75, 108703.0], [3193.8, 319300.0], [3193.85, 4937.0], [3193.9, 13000.0], [3193.95, 9828.0], [3194.0, 4357.0], [3194.05, 17787.0], [3194.1, 13000.0], [3194.25, 3881.0]]}}}
{"jsonrpc": "2.0", "method": "subscription", "params": {"channel": "book.ETH-PERPETUAL.none.20.100ms", "data": {"timestamp": 1765448614872, "change_id": 101000922381, "instrument_name": "ETH-PERPETUAL", "bids": [[3192.8, 28636.0], [3192.3, 11361.0], [3192.25, 25059.0], [3192.15, 13000.0], [3192.0, 1364.0], [3191.95, 4267.0], [3191.8, 3886.0], [3191.75, 13017.0], [3191.65, 1280.0], [3191.6, 4289.0], [3191.55, 5161.0], [3191.5, 13000.0], [3191.4, 4289.0], [3191.3, 3883.0], [3191.25, 13048.0], [3191.2, 3920.0], [3191.15, 13683.0], [3191.05, 3883.0], [3191.0, 13008.0], [3190.95, 1284.0]], "asks": [[3192.85, 91879.0], [3192.9, 5956.0], [3192.95, 5614.0], [3193.05, 25500.0], [3193.1, 18402.0], [3193.2, 9489.0], [3193.25, 13000.0], [3193.35, 22671.0], [3193.45, 13000.0], [3193.55, 1553.0], [3193.7, 17267.0], [3193.75, 108703.0], [3193.8, 319300.0], [3193.85, 4937.0], [3193.9, 13000.0], [3193.95, 9828.0], [3194.0, 4357.0], [3194.05, 17787.0], [3194.1, 13000.0], [3194.25, 3881.0]]}}}
{"jsonrpc": "2.0", "method": "subscription", "params": {"channel": "book.ETH-PERPETUAL.none.20.100ms", "data": {"timestamp": 1765448615206, "change_id": 101000922990, "instrument_name": "ETH-PERPETUAL", "bids": [[3192.8, 28636.0], [3192.3, 11361.0], [3192.25, 25059.0], [3192.15, 13000.0], [3192.0, 1364.0], [3191.95, 4267.0], [3191.8, 3886.0], [3191.75, 13017.0], [3191.65, 1280.0], [3191.6, 4289.0], [3191.55, 5161.0], [3191.5, 13000.0], [3191.4, 4289.0], [3191.3, 3883.0], [3191.25, 13048.0], [3191.2, 3920.0], [3191.15, 13683.0], [3191.05, 3883.0], [3191.0, 13008.0], [3190.95, 1284.0]], "asks": [[3192.85, 91764.0], [3192.9, 6054.0], [3193.0, 5972.0], [3193.05, 25500.0], [3193.1, 18402.0], [3193.2, 9489.0], [3193.25, 13000.0], [3193.35, 22671.0], [3193.45, 13000.0], [3193.55, 1553.0], [3193.7, 17267.0], [3193.75, 108703.0], [3193.8, 319300.0], [3193.85, 4937.0], [3193.9, 13000.0], [3193.95, 9828.0], [3194.0, 4357.0], [3194.05, 17787.0], [3194.1, 13000.0], [3194.25, 3881.0]]}}}
{"jsonrpc": "2.0", "method": "subscription", "params": {"channel": "book.ETH-PERPETUAL.none.20.100ms", "data": {"timestamp": 1765448615526, "change_id": 101000923179, "instrument_name": "ETH-PERPETUAL", "bids": [[3192.8, 28636.0], [3192.35, 17600.0], [3192.3, 11361.0], [3192.25, 25059.0], [3192.15, 13000.0], [3192.0, 1364.0], [3191.95, 4267.0], [3191.8, 3886.0], [3191.75, 13017.0], [3191.65, 1280.0], [3191.6, 4289.0], [3191.55, 5161.0], [3191.5, 13000.0], [3191.4, 4289.0], [3191.3, 3883.0], [3191.25, 13048.0], [3191.2, 3920.0], [3191.15, 13683.0], [3191.05, 3883.0], [3191.0, 13008.0]], "asks": [[3192.85, 91860.0], [3192.9, 5000.0], [3192.95, 962.0], [3193.0, 5972.0], [3193.05, 25500.0], [3193.1, 18402.0], [3193.2, 9489.0], [3193.25, 13000.0], [3193.35, 22671.0], [3193.45, 13000.0], [3193.55, 1553.0], [3193.7, 17267.0], [3193.75, 108703.0], [3193.8, 319300.0], [3193.85, 4937.0], [3193.9, 13000.0], [3193.95, 9828.0], [3194.0, 4357.0], [3194.05, 17787.0], [3194.1, 13000.0]]}}}
{"jsonrpc": "2.0", "method": "subscription", "params": {"channel": "book.ETH-PERPETUAL.none.20.100ms", "data": {"timestamp": 1765448615824, "change_id": 101000923528, "instrument_name": "ETH-PERPETUAL", "bids": [[3192.8, 28636.0], [3192.35, 17600.0], [3192.3, 11361.0], [3192.25, 25059.0], [3192.15, 13000.0], [3192.0, 1364.0], [3191.95, 4267.0], [3191.8, 3886.0], [3191.75, 13017.0], [3191.65, 1280.0], [3191.6, 4289.0], [3191.55, 5161.0], [3191.5, 13000.0], [3191.4, 4289.0], [3191.3, 3883.0], [3191.25, 13048.0], [3191.2, 3920.0], [3191.15, 13683.0], [3191.05, 3883.0], [3191.0, 13008.0]], "asks": [[3192.85, 91695.0], [3192.9, 5000.0], [3192.95, 962.0], [3193.0, 5972.0], [3193.05, 25500.0], [3193.1, 18402.0], [3193.2, 9489.0], [3193.25, 13000.0], [3193.35, 22671.0], [3193.45, 13000.0], [3193.55, 1553.0], [3193.7, 17267.0], [3193.75, 108703.0], [3193.8, 319300.0], [3193.85, 4937.0], [3193.9, 13000.0], [3193.95, 9828.0], [3194.0, 4357.0], [3194.05, 17787.0], [3194.1, 13000.0]]}}}
{"jsonrpc": "2.0", "method": "subscription", "params": {"channel": "book.ETH-PERPETUAL.none.20.100ms", "data": {"timestamp": 1765448616222, "change_id": 101000924211, "instrument_name": "ETH-PERPETUAL", "bids": [[3192.8, 28636.0], [3192.25, 25059.0], [3192.15, 13000.0], [3192.0, 90.0], [3191.8, 3886.0], [3191.75, 13017.0], [3191.65, 1280.0], [3191.6, 4289.0], [3191.55, 5161.0], [3191.5, 13000.0], [3191.4, 4289.0], [3191.3, 3883.0], [3191.25, 13048.0], [3191.2, 3920.0], [3191.15, 13683.0], [3191.05, 3883.0], [3191.0, 13008.0], [3190.95, 1284.0], [3190.9, 4302.0], [3190.75, 1285.0]], "asks": [[3192.85, 94775.0], [3192.9, 11259.0], [3193.0, 20007.0], [3193.05, 5493.0], [3193.1, 18402.0], [3193.2, 9489.0], [3193.25, 13000.0], [3193.35, 22671.0], [3193.45, 13000.0], [3193.7, 17267.0], [3193.75, 108703.0], [3193.8, 315945.0], [3193.85, 18843.0], [3193.9, 13000.0], [3193.95, 5181.0], [3194.0, 4357.0], [3194.1, 13000.0], [3194.25, 3881.0], [3194.3, 14420.0], [3194.4, 8150.0]]}}}
{"jsonrpc": "2.0", "method": "subscription", "params": {"channel": "book.ETH-PERPETUAL.none.20.100ms", "data": {"timestamp": 1765448616552, "change_id": 101000924575, "instrument_name": "ETH-PERPETUAL", "bids": [[3192.8, 28636.0], [3192.25, 59.0], [3192.15, 13000.0], [3192.0, 7553.0], [3191.95, 25000.0], [3191.8, 3886.0], [3191.75, 13017.0], [3191.65, 1280.0], [3191.6, 4289.0], [3191.55, 5161.0], [3191.5, 13000.0], [3191.4, 4289.0], [3191.3, 3883.0], [3191.25, 13048.0], [3191.2, 3920.0], [3191.15, 13683.0], [3191.05, 3883.0], [3191.0, 13008.0], [3190.95, 1284.0], [3190.9, 4302.0]], "asks": [[3192.85, 94618.0], [3192.9, 11259.0], [3193.0, 21560.0], [3193.05, 5493.0], [3193.1, 18402.0], [3193.2, 9489.0], [3193.25, 13000.0], [3193.35, 22671.0], [3193.45, 13000.0], [3193.7, 17267.0], [3193.75, 121787.0], [3193.8, 306440.0], [3193.85, 1056.0], [3193.9, 13000.0], [3193.95, 5181.0], [3194.0, 4357.0], [3194.05, 17787.0], [3194.1, 13000.0], [3194.25, 5301.0], [3194.3, 13000.0]]}}}
{"jsonrpc": "2.0", "method": "subscription", "params": {"channel": "book.ETH-PERPETUAL.none.20.100ms", "data": {"timestamp": 1765448616876, "change_id": 101000924831, "instrument_name": "ETH-PERPETUAL", "bids": [[3192.8, 28636.0], [3192.25, 59.0], [3192.2, 3881.0], [3192.15, 13000.0], [3192.0, 7553.0], [3191.95, 29288.0], [3191.8, 3886.0], [3191.75, 13017.0], [3191.65, 1280.0], [3191.6, 4289.0], [3191.55, 5161.0], [3191.5, 13000.0], [3191.4, 4289.0], [3191.3, 3883.0], [3191.25, 13048.0], [3191.2, 3920.0], [3191.15, 13683.0], [3191.05, 3883.0], [3191.0, 13008.0], [3190.95, 1284.0]], "asks": [[3192.85, 92395.0], [3192.9, 5000.0], [3193.0, 5434.0], [3193.05, 23763.0], [3193.1, 18402.0], [3193.15, 20007.0], [3193.2, 9489.0], [3193.25, 13000.0], [3193.35, 22671.0], [3193.45, 13000.0], [3193.7, 17267.0], [3193.75, 121787.0], [3193.8, 306440.0], [3193.85, 1056.0], [3193.9, 13000.0], [3193.95, 5181.0], [3194.0, 4357.0], [3194.1, 13000.0], [3194.2, 17787.0], [3194.25, 5301.0]]}}}
{"jsonrpc": "2.0", "method": "subscription", "params": {"channel": "book.ETH-PERPETUAL.none.20.100ms", "data": {"timestamp": 1765448617210, "change_id": 101000925471, "instrument_name": "ETH-PERPETUAL", "bids": [[3192.8, 28636.0], [3192.25, 59.0], [3192.2, 3881.0], [3192.15, 13000.0], [3192.0, 7553.0], [3191.95, 25000.0], [3191.8, 3886.0], [3191.75, 13017.0], [3191.65, 1280.0], [3191.6, 4289.0], [3191.55, 5161.0], [3191.5, 13000.0], [3191.4, 4289.0], [3191.3, 3883.0], [3191.25, 13048.0], [3191.2, 3920.0], [3191.15, 13683.0], [3191.05, 3883.0], [3191.0, 13008.0], [3190.95, 1284.0]], "asks": [[3192.85, 93824.0], [3192.9, 15316.0], [3193.0, 21560.0], [3193.05, 18493.0], [3193.1, 18402.0], [3193.2, 9489.0], [3193.25, 13000.0], [3193.35, 22671.0], [3193.45, 13000.0], [3193.7, 17267.0], [3193.75, 121787.0], [3193.8, 306440.0], [3193.85, 1056.0], [3193.9, 13000.0], [3193.95, 5181.0], [3194.0, 4357.0], [3194.05, 17787.0], [3194.1, 13000.0], [3194.25, 3881.0], [3194.3, 14420.0]]}}}
{"jsonrpc": "2.0", "method": "subscription", "params": {"channel": "book.ETH-PERPETUAL.none.20.100ms", "data": {"timestamp": 1765448617538, "change_id": 101000925836, "instrument_name": "ETH-PERPETUAL", "bids": [[3192.8, 28636.0], [3192.25, 59.0], [3192.15, 13000.0], [3192.0, 7553.0], [3191.95, 25000.0], [3191.8, 3886.0], [3191.75, 13017.0], [3191.65, 1280.0], [3191.6, 4289.0], [3191.55, 5161.0], [3191.5, 13000.0], [3191.4, 4289.0], [3191.3, 3883.0], [3191.25, 13048.0], [3191.2, 3920.0], [3191.15, 13683.0], [3191.05, 3883.0], [3191.0, 13008.0], [3190.95, 1284.0], [3190.9, 4302.0]], "asks": [[3192.85, 93743.0], [3192.9, 15316.0], [3193.0, 21560.0], [3193.05, 18493.0], [3193.1, 18402.0], [3193.2, 9489.0], [3193.25, 13000.0], [3193.35, 22671.0], [3193.45, 13000.0], [3193.7, 17267.0], [3193.75, 121787.0], [3193.8, 306440.0], [3193.85, 1056.0], [3193.9, 13000.0], [3193.95, 9828.0], [3194.0, 4357.0], [3194.05, 17787.0], [3194.1, 13000.0], [3194.25, 3881.0], [3194.3, 14420.0]]}}}
{"jsonrpc": "2.0", "method": "subscription", "params": {"channel": "book.ETH-PERPETUAL.none.20.100ms", "data": {"timestamp": 1765448617719, "change_id": 101000925914, "instrument_name": "ETH-PERPETUAL", "bids": [[3192.8, 28636.0], [3192.25, 59.0], [3192.2, 3881.0], [3192.15, 13000.0], [3192.0, 7553.0], [3191.95, 25000.0], [3191.8, 3886.0], [3191.75, 13017.0], [3191.65, 1280.0], [3191.6, 4289.0], [3191.55, 5161.0], [3191.5, 13000.0], [3191.4, 4289.0], [3191.3, 3883.0], [3191.25, 13048.0], [3191.2, 3920.0], [3191.15, 13683.0], [3191.05, 3883.0], [3191.0, 13008.0], [3190.95, 1284.0]], "asks": [[3192.85, 93819.0], [3192.9, 15316.0], [3193.0, 21560.0], [3193.05, 18493.0], [3193.1, 18402.0], [3193.2, 9489.0], [3193.25, 13000.0], [3193.35, 22671.0], [3193.45, 13000.0], [3193.7, 17267.0], [3193.75, 121787.0], [3193.8, 306440.0], [3193.85, 1056.0], [3193.9, 13000.0], [3193.95, 22968.0], [3194.0, 4357.0], [3194.1, 13000.0], [3194.25, 3881.0], [3194.3, 14420.0], [3194.4, 8150.0]]}}}
{"jsonrpc": "2.0", "method": "subscription", "params": {"channel": "book.ETH-PERPETUAL.none.20.100ms", "data": {"timestamp": 1765448618204, "change_id": 101000926661, "instrument_name": "ETH-PERPETUAL", "bids": [[3192.8, 28636.0], [3192.25, 59.0], [3192.2, 3881.0], [3192.15, 13000.0], [3192.0, 7553.0], [3191.95, 29288.0], [3191.8, 3886.0], [3191.75, 13017.0], [3191.65, 1280.0], [3191.6, 4289.0], [3191.55, 5161.0], [3191.5, 13000.0], [3191.4, 4289.0], [3191.3, 3883.0], [3191.25, 13048.0], [3191.2, 3920.0], [3191.15, 13683.0], [3191.05, 3883.0], [3191.0, 13008.0], [3190.95, 1284.0]], "asks": [[3192.85, 93814.0], [3192.9, 15316.0], [3193.0, 21560.0], [3193.05, 18493.0], [3193.1, 18402.0], [3193.2, 9489.0], [3193.25, 13000.0], [3193.35, 22671.0], [3193.45, 13000.0], [3193.7, 17267.0], [3193.75, 121787.0], [3193.8, 306440.0], [3193.85, 1056.0], [3193.9, 13000.0], [3193.95, 22968.0], [3194.0, 4357.0], [3194.1, 13000.0], [3194.2, 4482.0], [3194.25, 3881.0], [3194.3, 14420.0]]}}}
{"jsonrpc": "2.0", "method": "subscription", "params": {"channel": "book.ETH-PERPETUAL.none.20.100ms", "data": {"timestamp": 1765448618511, "change_id": 101000926868, "instrument_name": "ETH-PERPETUAL", "bids": [[3192.8, 28636.0], [3192.25, 59.0], [3192.2, 3881.0], [3192.15, 13000.0], [3192.0, 7553.0], [3191.95, 29288.0], [3191.8, 3886.0], [3191.75, 13017.0], [3191.65, 1280.0], [3191.6, 4289.0], [3191.55, 5161.0], [3191.5, 13000.0], [3191.4, 4289.0], [3191.3, 3883.0], [3191.25, 13048.0], [3191.2, 3920.0], [3191.15, 13683.0], [3191.05, 3883.0], [3191.0, 13008.0], [3190.95, 1284.0]], "asks": [[3192.85, 93851.0], [3192.9, 15316.0], [3193.0, 21560.0], [3193.05, 18493.0], [3193.1, 18402.0], [3193.2, 9489.0], [3193.25, 13000.0], [3193.35, 22671.0], [3193.45, 13000.0], [3193.7, 17267.0], [3193.75, 108703.0], [3193.8, 306440.0], [3193.85, 10246.0], [3193.9, 13000.0], [3193.95, 22968.0], [3194.0, 4357.0], [3194.1, 13000.0], [3194.2, 4482.0], [3194.25, 3881.0], [3194.3, 14420.0]]}}}
{"jsonrpc": "2.0", "method": "subscription", "params": {"channel": "book.ETH-PERPETUAL.none.20.100ms", "data": {"timestamp": 1765448618817, "change_id": 101000927237, "instrument_name": "ETH-PERPETUAL", "bids": [[3192.8, 28636.0], [3192.25, 59.0], [3192.15, 13000.0], [3192.0, 7553.0], [3191.95, 25000.0], [3191.8, 3886.0], [3191.75, 13017.0], [3191.65, 1280.0], [3191.6, 4289.0], [3191.55, 5161.0], [3191.5, 13000.0], [3191.4, 4289.0], [3191.3, 3883.0], [3191.25, 13048.0], [3191.2, 3920.0], [3191.15, 13683.0], [3191.05, 3883.0], [3191.0, 13008.0], [3190.95, 1284.0], [3190.9, 4302.0]], "asks": [[3192.85, 96615.0], [3192.9, 14761.0], [3193.0, 21560.0], [3193.05, 18493.0], [3193.1, 18402.0], [3193.2, 9489.0], [3193.25, 13000.0], [3193.35, 22671.0], [3193.45, 13000.0], [3193.7, 17267.0], [3193.75, 121378.0], [3193.8, 306440.0], [3193.85, 10246.0], [3193.9, 13000.0], [3193.95, 22968.0], [3194.0, 4357.0], [3194.1, 13000.0], [3194.2, 4482.0], [3194.25, 3881.0], [3194.3, 14420.0]]}}}
{"jsonrpc": "2.0", "method": "subscription", "params": {"channel": "book.ETH-PERPETUAL.none.20.100ms", "data": {"timestamp": 1765448619104, "change_id": 101000927667, "instrument_name": "ETH-PERPETUAL", "bids": [[3192.8, 28636.0], [3192.25, 59.0], [3192.15, 13000.0], [3192.0, 7553.0], [3191.95, 25000.0], [3191.8, 3886.0], [3191.75, 13017.0], [3191.65, 1280.0], [3191.6, 4289.0], [3191.55, 5161.0], [3191.5, 13000.0], [3191.4, 4289.0], [3191.3, 3883.0], [3191.25, 13048.0], [3191.2, 3920.0], [3191.15, 13683.0], [3191.05, 3883.0], [3191.0, 13008.0], [3190.95, 1284.0], [3190.9, 4302.0]], "asks": [[3192.85, 93796.0], [3192.9, 14761.0], [3193.0, 21560.0], [3193.05, 18493.0], [3193.1, 18402.0], [3193.2, 9489.0], [3193.25, 13000.0], [3193.35, 22671.0], [3193.45, 13000.0], [3193.7, 17267.0], [3193.75, 121378.0], [3193.8, 306440.0], [3193.85, 10246.0], [3193.9, 13000.0], [3193.95, 22968.0], [3194.0, 4357.0], [3194.1, 13000.0], [3194.2, 4482.0], [3194.25, 3881.0], [3194.3, 14420.0]]}}}
{"jsonrpc": "2.0", "method": "subscription", "params": {"channel": "book.ETH-PERPETUAL.none.20.100ms", "data": {"timestamp": 1765448619515, "change_id": 101000928048, "instrument_name": "ETH-PERPETUAL", "bids": [[3192.8, 28636.0], [3192.25, 59.0], [3192.2, 3881.0], [3192.15, 13000.0], [3192.0, 7553.0], [3191.95, 29292.0], [3191.8, 3886.0], [3191.75, 13017.0], [3191.65, 1280.0], [3191.6, 4289.0], [3191.55, 5161.0], [3191.5, 13000.0], [3191.4, 4289.0], [3191.3, 3883.0], [3191.25, 13048.0], [3191.2, 3920.0], [3191.15, 13683.0], [3191.05, 3883.0], [3191.0, 13008.0], [3190.95, 1284.0]], "asks": [[3192.85, 93649.0], [3192.9, 14761.0], [3193.0, 21560.0], [3193.05, 18493.0], [3193.1, 18402.0], [3193.2, 9489.0], [3193.25, 13000.0], [3193.35, 22671.0], [3193.45, 13000.0], [3193.7, 17267.0], [3193.75, 121378.0], [3193.8, 306440.0], [3193.85, 10246.0], [3193.9, 13000.0], [3193.95, 22968.0], [3194.0, 4357.0], [3194.1, 13000.0], [3194.15, 1338.0], [3194.2, 4482.0], [3194.25, 3881.0]]}}}
{"jsonrpc": "2.0", "method": "subscription", "params": {"channel": "book.ETH-PERPETUAL.none.20.100ms", "data": {"timestamp": 1765448619820, "change_id": 101000928432, "instrument_name": "ETH-PERPETUAL", "bids": [[3192.8, 28636.0], [3192.25, 59.0], [3192.2, 3881.0], [3192.15, 13000.0], [3192.0, 7553.0], [3191.95, 29292.0], [3191.8, 3886.0], [3191.75, 13017.0], [3191.65, 1280.0], [3191.6, 4289.0], [3191.55, 5161.0], [3191.5, 13000.0], [3191.4, 4289.0], [3191.3, 3883.0], [3191.25, 13048.0], [3191.2, 3920.0], [3191.15, 13683.0], [3191.05, 3883.0], [3191.0, 13008.0], [3190.95, 1284.0]], "asks": [[3192.85, 92352.0], [3192.9, 14761.0], [3193.0, 21560.0], [3193.05, 18493.0], [3193.1, 18402.0], [3193.2, 9489.0], [3193.25, 13000.0], [3193.35, 22671.0], [3193.45, 13000.0], [3193.7, 17267.0], [3193.75, 121378.0], [3193.8, 306440.0], [3193.85, 10246.0], [3193.9, 13000.0], [3193.95, 22968.0], [3194.0, 4357.0], [3194.1, 13000.0], [3194.15, 1338.0], [3194.2, 4482.0], [3194.25, 3881.0]]}}}
{"jsonrpc": "2.0", "method": "subscription", "params": {"channel": "book.ETH-PERPETUAL.none.20.100ms", "data": {"timestamp": 1765448620188, "change_id": 101000929143, "instrument_name": "ETH-PERPETUAL", "bids": [[3192.8, 28636.0], [3192.25, 59.0], [3192.15, 13000.0], [3192.0, 7553.0], [3191.95, 25000.0], [3191.8, 3886.0], [3191.75, 13017.0], [3191.65, 1280.0], [3191.6, 4289.0], [3191.55, 5161.0], [3191.5, 13000.0], [3191.4, 4289.0], [3191.3, 3883.0], [3191.25, 13048.0], [3191.2, 1284.0], [3191.15, 4300.0], [3191.05, 6187.0], [3191.0, 22391.0], [3190.95, 1284.0], [3190.9, 4302.0]], "asks": [[3192.85, 113692.0], [3192.9, 14761.0], [3193.0, 21560.0], [3193.05, 18493.0], [3193.1, 18402.0], [3193.2, 3881.0], [3193.25, 13000.0], [3193.35, 3881.0], [3193.45, 13000.0], [3193.7, 17267.0], [3193.75, 121378.0], [3193.8, 306440.0], [3193.85, 10246.0], [3193.9, 13000.0], [3193.95, 22968.0], [3194.0, 4357.0], [3194.1, 13000.0], [3194.15, 1338.0], [3194.2, 4482.0], [3194.25, 3881.0]]}}}
{"jsonrpc": "2.0", "method": "subscription", "params": {"channel": "book.ETH-PERPETUAL.none.20.100ms", "data": {"timestamp": 1765448620505, "change_id": 101000929344, "instrument_name": "ETH-PERPETUAL", "bids": [[3192.8, 28636.0], [3192.25, 59.0], [3192.15, 13000.0], [3192.0, 7553.0], [3191.95, 25000.0], [3191.8, 3886.0], [3191.75, 13017.0], [3191.65, 1280.0], [3191.6, 4289.0], [3191.55, 5161.0], [3191.5, 13000.0], [3191.4, 4289.0], [3191.3, 3883.0], [3191.25, 13048.0], [3191.2, 1284.0], [3191.15, 4300.0], [3191.05, 6187.0], [3191.0, 22391.0], [3190.95, 1284.0], [3190.9, 4302.0]], "asks": [[3192.85, 115194.0], [3192.9, 14761.0], [3193.0, 21560.0], [3193.05, 18493.0], [3193.1, 18402.0], [3193.2, 3881.0], [3193.25, 13000.0], [3193.35, 3881.0], [3193.45, 13000.0], [3193.7, 17267.0], [3193.75, 121378.0], [3193.8, 306440.0], [3193.85, 9190.0], [3193.9, 13000.0], [3193.95, 22968.0], [3194.0, 5777.0], [3194.1, 13000.0], [3194.15, 1338.0], [3194.2, 4482.0], [3194.25, 3881.0]]}}}
{"jsonrpc": "2.0", "method": "subscription", "params": {"channel": "book.ETH-PERPETUAL.none.20.100ms", "data": {"timestamp": 1765448620782, "change_id": 101000929676, "instrument_name": "ETH-PERPETUAL", "bids": [[3192.8, 27346.0], [3192.25, 59.0], [3192.15, 13000.0], [3192.0, 7553.0], [3191.95, 25000.0], [3191.8, 3886.0], [3191.75, 13017.0], [3191.65, 1280.0], [3191.6, 4289.0], [3191.55, 5161.0], [3191.5, 13000.0], [3191.4, 4289.0], [3191.3, 3883.0], [3191.25, 13048.0], [3191.2, 1284.0], [3191.15, 4300.0], [3191.05, 6187.0], [3191.0, 22391.0], [3190.95, 1284.0], [3190.9, 4302.0]], "asks": [[3192.85, 115175.0], [3192.9, 14761.0], [3193.0, 21560.0], [3193.05, 18493.0], [3193.1, 18402.0], [3193.2, 3881.0], [3193.25, 13000.0], [3193.3, 1056.0], [3193.35, 3881.0], [3193.45, 13000.0], [3193.7, 17267.0], [3193.75, 108703.0], [3193.8, 306440.0], [3193.85, 9190.0], [3193.9, 13000.0], [3193.95, 22968.0], [3194.0, 4357.0], [3194.05, 1420.0], [3194.1, 13000.0], [3194.15, 1338.0]]}}}
{"jsonrpc": "2.0", "method": "subscription", "params": {"channel": "book.ETH-PERPETUAL.none.20.100ms", "data": {"timestamp": 1765448621158, "change_id": 101000930098, "instrument_name": "ETH-PERPETUAL", "bids": [[3192.8, 27038.0], [3192.25, 59.0], [3192.15, 13000.0], [3192.0, 7553.0], [3191.95, 25000.0], [3191.8, 3886.0], [3191.75, 13017.0], [3191.65, 1280.0], [3191.6, 4289.0], [3191.55, 5161.0], [3191.5, 13000.0], [3191.4, 4289.0], [3191.3, 3883.0], [3191.25, 13048.0], [3191.2, 1284.0], [3191.15, 4300.0], [3191.05, 6187.0], [3191.0, 22391.0], [3190.95, 1284.0], [3190.9, 4302.0]], "asks": [[3192.85, 135120.0], [3192.9, 9344.0], [3193.0, 1553.0], [3193.05, 18493.0], [3193.1, 18402.0], [3193.2, 3881.0], [3193.25, 13000.0], [3193.3, 1056.0], [3193.35, 3881.0], [3193.45, 13000.0], [3193.6, 3838.0], [3193.65, 12858.0], [3193.7, 17267.0], [3193.75, 108703.0], [3193.8, 306440.0], [3193.85, 9190.0], [3193.9, 13000.0], [3193.95, 22968.0], [3194.0, 4357.0], [3194.05, 1420.0]]}}}
{"jsonrpc": "2.0", "method": "subscription", "params": {"channel": "book.ETH-PERPETUAL.none.20.100ms", "data": {"timestamp": 1765448621507, "change_id": 101000930435, "instrument_name": "ETH-PERPETUAL", "bids": [[3192.8, 24808.0], [3192.25, 59.0], [3192.15, 13000.0], [3192.0, 90.0], [3191.8, 10851.0], [3191.75, 13017.0], [3191.7, 25000.0], [3191.65, 1280.0], [3191.6, 4289.0], [3191.55, 5161.0], [3191.5, 13000.0], [3191.4, 4289.0], [3191.3, 3883.0], [3191.25, 13008.0], [3191.2, 1284.0], [3191.15, 4300.0], [3191.05, 6187.0], [3191.0, 22391.0], [3190.95, 1284.0], [3190.9, 4302.0]], "asks": [[3192.85, 135120.0], [3192.9, 9344.0], [3193.0, 1553.0], [3193.05, 18493.0], [3193.1, 18402.0], [3193.2, 3881.0], [3193.25, 13000.0], [3193.3, 1056.0], [3193.35, 3881.0], [3193.45, 13000.0], [3193.6, 3838.0], [3193.65, 12858.0], [3193.7, 17267.0], [3193.75, 108703.0], [3193.8, 306440.0], [3193.85, 9190.0], [3193.9, 13000.0], [3193.95, 22968.0], [3194.0, 4357.0], [3194.05, 1420.0]]}}}
{"jsonrpc": "2.0", "method": "subscription", "params": {"channel": "book.ETH-PERPETUAL.none.20.100ms", "data": {"timestamp": 1765448621836, "change_id": 101000931373, "instrument_name": "ETH-PERPETUAL", "bids": [[3192.25, 3582.0], [3192.0, 90.0], [3191.8, 3886.0], [3191.75, 13017.0], [3191.6, 7463.0], [3191.55, 30161.0], [3191.5, 13000.0], [3191.4, 4292.0], [3191.3, 3883.0], [3191.25, 13008.0], [3191.2, 1284.0], [3191.15, 4300.0], [3191.05, 3883.0], [3191.0, 13008.0], [3190.95, 1284.0], [3190.9, 4302.0], [3190.85, 9383.0], [3190.75, 1325.0], [3190.7, 4304.0], [3190.65, 3886.0]], "asks": [[3192.3, 29603.0], [3192.35, 50000.0], [3192.5, 1207.0], [3192.55, 7021.0], [3192.6, 5609.0], [3192.65, 18790.0], [3192.75, 10021.0], [3192.85, 31085.0], [3192.9, 4344.0], [3193.05, 18493.0], [3193.1, 18402.0], [3193.15, 4292.0], [3193.2, 3881.0], [3193.25, 19434.0], [3193.3, 1056.0], [3193.35, 3881.0], [3193.45, 17292.0], [3193.6, 3838.0], [3193.65, 12858.0], [3193.7, 17267.0]]}}}
{"jsonrpc": "2.0", "method": "subscription", "params": {"channel": "book.ETH-PERPETUAL.none.20.100ms", "data": {"timestamp": 1765448622156, "change_id": 101000931937, "instrument_name": "ETH-PERPETUAL", "bids": [[3192.25, 5089.0], [3192.0, 90.0], [3191.8, 10851.0], [3191.75, 38017.0], [3191.55, 5161.0], [3191.5, 13000.0], [3191.4, 4292.0], [3191.3, 3883.0], [3191.25, 13008.0], [3191.2, 1284.0], [3191.15, 4300.0], [3191.1, 40.0], [3191.05, 3883.0], [3191.0, 13008.0], [3190.95, 1284.0], [3190.9, 4302.0], [3190.85, 9383.0], [3190.75, 1285.0], [3190.7, 4304.0], [3190.65, 3886.0]], "asks": [[3192.3, 19711.0], [3192.35, 50000.0], [3192.4, 5000.0], [3192.6, 5609.0], [3192.65, 18790.0], [3192.7, 2534.0], [3192.75, 3264.0], [3192.85, 10936.0], [3192.9, 9297.0], [3193.0, 20007.0], [3193.05, 13000.0], [3193.1, 42.0], [3193.15, 4292.0], [3193.2, 3881.0], [3193.25, 19434.0], [3193.3, 1056.0], [3193.35, 3881.0], [3193.45, 17292.0], [3193.6, 3838.0], [3193.65, 12858.0]]}}}
{"jsonrpc": "2.0", "method": "subscription", "params": {"channel": "book.ETH-PERPETUAL.none.20.100ms", "data": {"timestamp": 1765448622502, "change_id": 101000932511, "instrument_name": "ETH-PERPETUAL", "bids": [[3192.25, 22890.0], [3192.0, 10937.0], [3191.95, 38000.0], [3191.8, 3886.0], [3191.75, 14217.0], [3191.55, 5161.0], [3191.5, 13000.0], [3191.45, 40.0], [3191.4, 4292.0], [3191.3, 3883.0], [3191.25, 13008.0], [3191.2, 1284.0], [3191.15, 4300.0], [3191.05, 3883.0], [3191.0, 13008.0], [3190.95, 3921.0], [3190.9, 4302.0], [3190.85, 9383.0], [3190.75, 1285.0], [3190.7, 4304.0]], "asks": [[3192.3, 150.0], [3192.55, 50000.0], [3192.75, 7863.0], [3192.8, 18358.0], [3192.85, 9383.0], [3193.05, 7266.0], [3193.1, 20049.0], [3193.15, 4292.0], [3193.2, 3881.0], [3193.25, 19434.0], [3193.3, 1056.0], [3193.35, 3881.0], [3193.45, 17292.0], [3193.55, 1553.0], [3193.6, 3838.0], [3193.65, 12858.0], [3193.7, 17267.0], [3193.75, 108703.0], [3193.8, 300042.0], [3193.85, 3881.0]]}}}
{"jsonrpc": "2.0", "method": "subscription", "params": {"channel": "book.ETH-PERPETUAL.none.20.100ms", "data": {"timestamp": 1765448622831, "change_id": 101000933237, "instrument_name": "ETH-PERPETUAL", "bids": [[3192.25, 49467.0], [3192.0, 3971.0], [3191.95, 13000.0], [3191.8, 3886.0], [3191.75, 13017.0], [3191.55, 5161.0], [3191.5, 13000.0], [3191.4, 4292.0], [3191.3, 3883.0], [3191.25, 13008.0], [3191.2, 1284.0], [3191.15, 4300.0], [3191.05, 3883.0], [3191.0, 13008.0], [3190.95, 3921.0], [3190.9, 4302.0], [3190.85, 9383.0], [3190.75, 19052.0], [3190.7, 5045.0], [3190.65, 3886.0]], "asks": [[3192.3, 42.0], [3192.95, 50000.0], [3193.1, 42.0], [3193.2, 1597.0], [3193.25, 4295.0], [3193.3, 1056.0], [3193.35, 3881.0], [3193.45, 17292.0], [3193.55, 20007.0], [3193.6, 3838.0], [3193.65, 12858.0], [3193.7, 17267.0], [3193.75, 108703.0], [3193.8, 300042.0], [3193.85, 3881.0], [3193.9, 13000.0], [3193.95, 5181.0], [3194.0, 4357.0], [3194.1, 13000.0], [3194.2, 8774.0]]}}}
{"jsonrpc": "2.0", "method": "subscription", "params": {"channel": "book.ETH-PERPETUAL.none.20.100ms", "data": {"timestamp": 1765448623144, "change_id": 101000934200, "instrument_name": "ETH-PERPETUAL", "bids": [[3193.05, 6945.0], [3192.75, 10847.0], [3192.7, 38000.0], [3192.55, 4239.0], [3192.5, 14200.0], [3192.35, 3881.0], [3192.3, 13000.0], [3192.25, 21439.0], [3192.2, 4292.0], [3192.0, 3971.0], [3191.95, 17292.0], [3191.8, 3886.0], [3191.75, 13017.0], [3191.65, 4292.0], [3191.55, 5161.0], [3191.5, 13000.0], [3191.4, 4292.0], [3191.3, 3883.0], [3191.25, 13008.0], [3191.2, 1284.0]], "asks": [[3193.1, 57042.0], [3193.3, 9383.0], [3193.5, 1553.0], [3193.65, 2139.0], [3193.7, 17267.0], [3193.75, 128710.0], [3193.8, 300042.0], [3193.85, 3881.0], [3193.9, 13000.0], [3193.95, 5181.0], [3194.0, 4357.0], [3194.05, 4295.0], [3194.1, 13000.0], [3194.2, 4292.0], [3194.25, 3881.0], [3194.3, 13000.0], [3194.4, 8150.0], [3194.5, 13000.0], [3194.65, 3287.0], [3194.7, 8624.0]]}}}
{"jsonrpc": "2.0", "method": "subscription", "params": {"channel": "book.ETH-PERPETUAL.none.20.100ms", "data": {"timestamp": 1765448623495, "change_id": 101000934981, "instrument_name": "ETH-PERPETUAL", "bids": [[3193.05, 6945.0], [3192.85, 12044.0], [3192.8, 42600.0], [3192.75, 3881.0], [3192.7, 13000.0], [3192.55, 4239.0], [3192.5, 14200.0], [3192.35, 3881.0], [3192.3, 13000.0], [3192.25, 21048.0], [3192.2, 4292.0], [3192.0, 3971.0], [3191.95, 17292.0], [3191.8, 3886.0], [3191.75, 13017.0], [3191.65, 4292.0], [3191.55, 5161.0], [3191.5, 31351.0], [3191.4, 4292.0], [3191.3, 3883.0]], "asks": [[3193.1, 57127.0], [3193.3, 9383.0], [3193.5, 1553.0], [3193.65, 2139.0], [3193.7, 17267.0], [3193.75, 128710.0], [3193.8, 300042.0], [3193.85, 3881.0], [3193.9, 14336.0], [3193.95, 5181.0], [3194.0, 4357.0], [3194.05, 5351.0], [3194.1, 13000.0], [3194.2, 4292.0], [3194.25, 3881.0], [3194.3, 13000.0], [3194.4, 8150.0], [3194.5, 13000.0], [3194.65, 3287.0], [3194.7, 8624.0]]}}}
{"jsonrpc": "2.0", "method": "subscription", "params": {"channel": "book.ETH-PERPETUAL.none.20.100ms", "data": {"timestamp": 1765448623822, "change_id": 101000935412, "instrument_name": "ETH-PERPETUAL", "bids": [[3193.05, 6945.0], [3192.85, 12044.0], [3192.8, 42600.0], [3192.75, 3881.0], [3192.7, 13000.0], [3192.55, 4239.0], [3192.5, 14200.0], [3192.35, 3881.0], [3192.3, 20406.0], [3192.25, 20520.0], [3192.2, 4292.0], [3192.0, 3971.0], [3191.95, 17292.0], [3191.8, 3886.0], [3191.75, 13017.0], [3191.7, 1281.0], [3191.65, 4292.0], [3191.55, 5161.0], [3191.5, 31351.0], [3191.4, 4292.0]], "asks": [[3193.1, 57468.0], [3193.25, 2801.0], [3193.3, 9383.0], [3193.5, 1553.0], [3193.65, 2139.0], [3193.7, 35630.0], [3193.75, 128710.0], [3193.8, 300042.0], [3193.85, 3881.0], [3193.9, 14336.0], [3193.95, 5181.0], [3194.0, 4357.0], [3194.05, 5351.0], [3194.1, 13000.0], [3194.15, 1281.0], [3194.2, 4292.0], [3194.25, 3881.0], [3194.3, 13000.0], [3194.4, 8150.0], [3194.5, 13000.0]]}}}
{"jsonrpc": "2.0", "method": "subscription", "params": {"channel": "book.ETH-PERPETUAL.none.20.100ms", "data": {"timestamp": 1765448624113, "change_id": 101000935891, "instrument_name": "ETH-PERPETUAL", "bids": [[3193.05, 20774.0], [3193.0, 20.0], [3192.85, 12044.0], [3192.8, 42600.0], [3192.75, 3881.0], [3192.7, 13000.0], [3192.55, 4239.0], [3192.5, 14200.0], [3192.35, 3881.0], [3192.3, 20406.0], [3192.25, 20400.0], [3192.2, 4292.0], [3192.0, 3971.0], [3191.95, 17292.0], [3191.8, 3886.0], [3191.75, 13017.0], [3191.7, 1281.0], [3191.65, 4292.0], [3191.55, 5161.0], [3191.5, 31351.0]], "asks": [[3193.1, 57753.0], [3193.25, 2801.0], [3193.3, 9383.0], [3193.5, 1553.0], [3193.65, 2139.0], [3193.7, 35630.0], [3193.75, 128710.0], [3193.8, 300042.0], [3193.85, 3881.0], [3193.9, 14336.0], [3193.95, 5181.0], [3194.0, 4357.0], [3194.05, 5351.0], [3194.1, 13000.0], [3194.15, 1281.0], [3194.2, 4292.0], [3194.25, 3881.0], [3194.3, 13000.0], [3194.4, 8150.0], [3194.5, 13000.0]]}}}
{"jsonrpc": "2.0", "method": "subscription", "params": {"channel": "book.ETH-PERPETUAL.none.20.100ms", "data": {"timestamp": 1765448624484, "change_id": 101000936240, "instrument_name": "ETH-PERPETUAL", "bids": [[3193.05, 39424.0], [3193.0, 20.0], [3192.95, 3552.0], [3192.9, 11900.0], [3192.85, 12044.0], [3192.8, 42600.0], [3192.75, 3881.0], [3192.7, 13000.0], [3192.55, 4239.0], [3192.5, 14200.0], [3192.35, 3881.0], [3192.3, 13000.0], [3192.25, 2800.0], [3192.2, 4292.0], [3192.0, 3971.0], [3191.95, 17292.0], [3191.8, 3886.0], [3191.75, 13017.0], [3191.7, 1281.0], [3191.65, 4292.0]], "asks": [[3193.1, 57618.0], [3193.25, 2801.0], [3193.3, 9383.0], [3193.5, 1553.0], [3193.65, 2139.0], [3193.7, 35630.0], [3193.75, 128710.0], [3193.8, 300042.0], [3193.85, 3881.0], [3193.9, 14336.0], [3193.95, 5181.0], [3194.0, 4357.0], [3194.05, 5351.0], [3194.1, 13000.0], [3194.15, 1281.0], [3194.2, 4292.0], [3194.25, 3881.0], [3194.3, 13000.0], [3194.4, 8150.0], [3194.5, 13000.0]]}}}
{"jsonrpc": "2.0", "method": "subscription", "params": {"channel": "book.ETH-PERPETUAL.none.20.100ms", "data": {"timestamp": 1765448624801, "change_id": 101000936590, "instrument_name": "ETH-PERPETUAL", "bids": [[3193.05, 34705.0], [3193.0, 20.0], [3192.95, 3552.0], [3192.9, 11900.0], [3192.85, 12044.0], [3192.8, 42600.0], [3192.75, 3881.0], [3192.7, 13000.0], [3192.55, 4239.0], [3192.5, 14200.0], [3192.35, 3881.0], [3192.3, 15117.0], [3192.25, 2800.0], [3192.2, 4292.0], [3192.0, 3971.0], [3191.95, 17292.0], [3191.8, 3886.0], [3191.75, 13017.0], [3191.7, 1281.0], [3191.65, 4292.0]], "asks": [[3193.1, 57755.0], [3193.15, 5000.0], [3193.25, 2801.0], [3193.3, 9383.0], [3193.5, 1553.0], [3193.65, 2139.0], [3193.7, 35630.0], [3193.75, 128710.0], [3193.8, 300042.0], [3193.85, 3881.0], [3193.9, 14336.0], [3193.95, 5181.0], [3194.0, 4357.0], [3194.05, 5351.0], [3194.1, 13000.0], [3194.15, 1281.0], [3194.2, 4292.0], [3194.25, 3881.0], [3194.3, 13000.0], [3194.4, 8150.0]]}}}
{"jsonrpc": "2.0", "method": "subscription", "params": {"channel": "book.ETH-PERPETUAL.none.20.100ms", "data": {"timestamp": 1765448625150, "change_id": 101000937113, "instrument_name": "ETH-PERPETUAL", "bids": [[3193.05, 16995.0], [3193.0, 20.0], [3192.9, 11900.0], [3192.85, 5254.0], [3192.8, 25000.0], [3192.75, 3881.0], [3192.7, 13000.0], [3192.55, 4239.0], [3192.5, 14200.0], [3192.35, 3881.0], [3192.3, 15117.0], [3192.25, 2800.0], [3192.2, 4292.0], [3192.0, 3971.0], [3191.95, 17292.0], [3191.8, 3886.0], [3191.75, 13017.0], [3191.7, 1281.0], [3191.65, 4292.0], [3191.55, 5161.0]], "asks": [[3193.1, 57491.0], [3193.15, 5000.0], [3193.25, 2801.0], [3193.3, 9383.0], [3193.65, 2139.0], [3193.7, 55637.0], [3193.75, 108703.0], [3193.8, 300042.0], [3193.85, 3881.0], [3193.9, 13000.0], [3193.95, 5181.0], [3194.0, 4357.0], [3194.05, 5351.0], [3194.1, 13000.0], [3194.15, 1281.0], [3194.2, 4292.0], [3194.25, 3881.0], [3194.3, 13000.0], [3194.4, 8150.0], [3194.5, 13000.0]]}}}
{"jsonrpc": "2.0", "method": "subscription", "params": {"channel": "book.ETH-PERPETUAL.none.20.100ms", "data": {"timestamp": 1765448625480, "change_id": 101000937410, "instrument_name": "ETH-PERPETUAL", "bids": [[3193.05, 16995.0], [3193.0, 20.0], [3192.9, 11900.0], [3192.85, 7463.0], [3192.8, 25000.0], [3192.75, 3881.0], [3192.7, 13000.0], [3192.55, 4239.0], [3192.5, 14200.0], [3192.35, 3881.0], [3192.3, 15117.0], [3192.25, 2760.0], [3192.2, 4292.0], [3192.0, 3971.0], [3191.95, 17292.0], [3191.85, 40.0], [3191.8, 3886.0], [3191.75, 13017.0], [3191.7, 1281.0], [3191.65, 4292.0]], "asks": [[3193.1, 59234.0], [3193.15, 5000.0], [3193.25, 2801.0], [3193.3, 9383.0], [3193.35, 1336.0], [3193.65, 2139.0], [3193.7, 55637.0], [3193.75, 108703.0], [3193.8, 300042.0], [3193.85, 3881.0], [3193.9, 13000.0], [3193.95, 5181.0], [3194.0, 4357.0], [3194.05, 5351.0], [3194.1, 13000.0], [3194.15, 1281.0], [3194.2, 4292.0], [3194.25, 3881.0], [3194.3, 13000.0], [3194.35, 12745.0]]}}}
{"jsonrpc": "2.0", "method": "subscription", "params": {"channel": "book.ETH-PERPETUAL.none.20.100ms", "data": {"timestamp": 1765448625743, "change_id": 101000937620, "instrument_name": "ETH-PERPETUAL", "bids": [[3193.05, 16995.0], [3193.0, 20.0], [3192.9, 11900.0], [3192.75, 3881.0], [3192.7, 13000.0], [3192.6, 11701.0], [3192.55, 25000.0], [3192.5, 14200.0], [3192.35, 3881.0], [3192.3, 15117.0], [3192.25, 2760.0], [3192.2, 4292.0], [3192.0, 3971.0], [3191.95, 17292.0], [3191.85, 40.0], [3191.8, 3886.0], [3191.75, 13017.0], [3191.7, 1281.0], [3191.65, 4292.0], [3191.55, 9980.0]], "asks": [[3193.1, 59346.0], [3193.15, 5000.0], [3193.25, 2801.0], [3193.3, 9383.0], [3193.35, 1336.0], [3193.55, 6611.0], [3193.65, 22146.0], [3193.7, 35630.0], [3193.75, 108703.0], [3193.8, 300042.0], [3193.85, 3881.0], [3193.9, 13000.0], [3193.95, 5181.0], [3194.0, 4357.0], [3194.05, 5351.0], [3194.1, 13000.0], [3194.15, 1281.0], [3194.2, 4292.0], [3194.25, 3881.0], [3194.3, 13000.0]]}}}
{"jsonrpc": "2.0", "method": "subscription", "params": {"channel": "book.ETH-PERPETUAL.none.20.100ms", "data": {"timestamp": 1765448626144, "change_id": 101000938254, "instrument_name": "ETH-PERPETUAL", "bids": [[3193.05, 14841.0], [3193.0, 20.0], [3192.6, 11701.0], [3192.55, 25000.0], [3192.5, 14200.0], [3192.35, 3881.0], [3192.3, 15117.0], [3192.25, 2760.0], [3192.2, 4292.0], [3192.0, 3971.0], [3191.95, 17292.0], [3191.85, 40.0], [3191.8, 3886.0], [3191.75, 13017.0], [3191.7, 1281.0], [3191.65, 4292.0], [3191.55, 9980.0], [3191.5, 31351.0], [3191.4, 4292.0], [3191.3, 3883.0]], "asks": [[3193.1, 59210.0], [3193.15, 5000.0], [3193.25, 2801.0], [3193.3, 9383.0], [3193.35, 1336.0], [3193.45, 5972.0], [3193.5, 20007.0], [3193.65, 2139.0], [3193.7, 35630.0], [3193.75, 108703.0], [3193.8, 300042.0], [3193.85, 3881.0], [3193.9, 13000.0], [3193.95, 5181.0], [3194.0, 4357.0], [3194.05, 5351.0], [3194.1, 13000.0], [3194.15, 1281.0], [3194.2, 4292.0], [3194.25, 3881.0]]}}}
{"jsonrpc": "2.0", "method": "subscription", "params": {"channel": "book.ETH-PERPETUAL.none.20.100ms", "data": {"timestamp": 1765448626407, "change_id": 101000938551, "instrument_name": "ETH-PERPETUAL", "bids": [[3193.05, 14841.0], [3193.0, 20.0], [3192.7, 5254.0], [3192.65, 17600.0], [3192.6, 11701.0], [3192.55, 25000.0], [3192.5, 14200.0], [3192.35, 3881.0], [3192.3, 15117.0], [3192.25, 2760.0], [3192.2, 4292.0], [3192.0, 3971.0], [3191.95, 17292.0], [3191.85, 40.0], [3191.8, 3886.0], [3191.75, 13017.0], [3191.7, 1281.0], [3191.65, 4292.0], [3191.55, 9980.0], [3191.5, 31351.0]], "asks": [[3193.1, 59183.0], [3193.15, 5000.0], [3193.25, 2801.0], [3193.3, 9383.0], [3193.35, 1336.0], [3193.55, 6611.0], [3193.6, 20007.0], [3193.65, 2139.0], [3193.7, 35630.0], [3193.75, 108703.0], [3193.8, 300042.0], [3193.85, 3881.0], [3193.9, 13000.0], [3193.95, 5181.0], [3194.0, 4357.0], [3194.05, 5351.0], [3194.1, 13000.0], [3194.15, 1281.0], [3194.2, 4292.0], [3194.25, 3881.0]]}}}
{"jsonrpc": "2.0", "method": "subscription", "params": {"channel": "book.ETH-PERPETUAL.none.20.100ms", "data": {"timestamp": 1765448626800, "change_id": 101000939025, "instrument_name": "ETH-PERPETUAL", "bids": [[3193.05, 14841.0], [3192.7, 5254.0], [3192.65, 17600.0], [3192.6, 11701.0], [3192.55, 25000.0], [3192.5, 14200.0], [3192.35, 3881.0], [3192.3, 15117.0], [3192.25, 2760.0], [3192.2, 4292.0], [3192.0, 3971.0], [3191.95, 17292.0], [3191.85, 40.0], [3191.8, 3886.0], [3191.75, 13017.0], [3191.7, 1281.0], [3191.65, 4292.0], [3191.55, 9980.0], [3191.5, 31351.0], [3191.4, 4292.0]], "asks": [[3193.1, 57709.0], [3193.15, 5000.0], [3193.35, 1336.0], [3193.4, 3153.0], [3193.45, 10562.0], [3193.55, 6611.0], [3193.65, 22146.0], [3193.7, 35630.0], [3193.75, 108703.0], [3193.8, 300042.0], [3193.85, 3881.0], [3193.9, 13000.0], [3193.95, 5181.0], [3194.0, 4357.0], [3194.05, 5351.0], [3194.1, 13000.0], [3194.15, 1281.0], [3194.2, 4292.0], [3194.25, 3881.0], [3194.3, 13000.0]]}}}
{"jsonrpc": "2.0", "method": "subscription", "params": {"channel": "book.ETH-PERPETUAL.none.20.100ms", "data": {"timestamp": 1765448627101, "change_id": 101000939438, "instrument_name": "ETH-PERPETUAL", "bids": [[3193.05, 14841.0], [3192.7, 5254.0], [3192.65, 17600.0], [3192.6, 11701.0], [3192.55, 25000.0], [3192.5, 14200.0], [3192.35, 3881.0], [3192.3, 15117.0], [3192.25, 2760.0], [3192.2, 4292.0], [3192.0, 3971.0], [3191.95, 17292.0], [3191.85, 40.0], [3191.8, 3886.0], [3191.75, 13017.0], [3191.7, 1281.0], [3191.65, 4292.0], [3191.55, 9980.0], [3191.5, 31351.0], [3191.4, 4292.0]], "asks": [[3193.1, 57574.0], [3193.15, 5000.0], [3193.35, 1336.0], [3193.4, 3153.0], [3193.45, 12115.0], [3193.55, 6611.0], [3193.65, 22146.0], [3193.7, 35630.0], [3193.75, 108703.0], [3193.8, 300042.0], [3193.85, 3881.0], [3193.9, 13000.0], [3193.95, 5181.0], [3194.0, 4357.0], [3194.05, 5351.0], [3194.1, 13000.0], [3194.15, 1281.0], [3194.2, 4292.0], [3194.25, 3881.0], [3194.3, 13000.0]]}}}
{"jsonrpc": "2.0", "method": "subscription", "params": {"channel": "book.ETH-PERPETUAL.none.20.100ms", "data": {"timestamp": 1765448627467, "change_id": 101000939738, "instrument_name": "ETH-PERPETUAL", "bids": [[3193.05, 14842.0], [3192.7, 9835.0], [3192.65, 17600.0], [3192.6, 29301.0], [3192.55, 25000.0], [3192.5, 14200.0], [3192.35, 3881.0], [3192.3, 15117.0], [3192.25, 2759.0], [3192.2, 4292.0], [3192.0, 3971.0], [3191.95, 17292.0], [3191.85, 40.0], [3191.8, 3886.0], [3191.75, 13017.0], [3191.7, 1281.0], [3191.65, 4292.0], [3191.55, 9980.0], [3191.5, 31351.0], [3191.4, 4292.0]], "asks": [[3193.1, 57872.0], [3193.15, 5000.0], [3193.35, 1336.0], [3193.4, 3153.0], [3193.45, 12115.0], [3193.55, 6611.0], [3193.6, 20007.0], [3193.65, 2139.0], [3193.7, 17267.0], [3193.75, 108703.0], [3193.8, 300042.0], [3193.85, 3881.0], [3193.9, 13000.0], [3193.95, 5181.0], [3194.0, 4357.0], [3194.05, 5351.0], [3194.1, 13000.0], [3194.15, 14263.0], [3194.2, 4292.0], [3194.25, 3881.0]]}}}
{"jsonrpc": "2.0", "method": "subscription", "params": {"channel": "book.ETH-PERPETUAL.none.20.100ms", "data": {"timestamp": 1765448627771, "change_id": 101000940163, "instrument_name": "ETH-PERPETUAL", "bids": [[3193.05, 14842.0], [3192.7, 9835.0], [3192.65, 17600.0], [3192.6, 29301.0], [3192.55, 25000.0], [3192.5, 13000.0], [3192.35, 3881.0], [3192.3, 15117.0], [3192.25, 2759.0], [3192.2, 4292.0], [3192.15, 1200.0], [3192.0, 3971.0], [3191.95, 17292.0], [3191.85, 40.0], [3191.8, 3886.0], [3191.75, 13017.0], [3191.7, 1281.0], [3191.65, 4292.0], [3191.55, 9980.0], [3191.5, 31351.0]], "asks": [[3193.1, 57911.0], [3193.15, 5000.0], [3193.3, 3048.0], [3193.35, 10211.0], [3193.4, 3153.0], [3193.45, 12115.0], [3193.55, 6611.0], [3193.6, 20007.0], [3193.65, 2139.0], [3193.7, 17267.0], [3193.75, 108703.0], [3193.8, 300042.0], [3193.85, 3881.0], [3193.9, 13000.0], [3193.95, 5181.0], [3194.0, 4357.0], [3194.05, 5351.0], [3194.1, 18156.0], [3194.15, 12982.0], [3194.2, 4292.0]]}}}
{"jsonrpc": "2.0", "method": "subscription", "params": {"channel": "book.ETH-PERPETUAL.none.20.100ms", "data": {"timestamp": 1765448628126, "change_id": 101000940643, "instrument_name": "ETH-PERPETUAL", "bids": [[3193.05, 14842.0], [3192.8, 3075.0], [3192.75, 10300.0], [3192.7, 9835.0], [3192.65, 17600.0], [3192.6, 29301.0], [3192.55, 25000.0], [3192.5, 13000.0], [3192.35, 3881.0], [3192.3, 15117.0], [3192.25, 2759.0], [3192.2, 4292.0], [3192.15, 1200.0], [3192.0, 3971.0], [3191.95, 17292.0], [3191.85, 40.0], [3191.8, 3886.0], [3191.75, 13017.0], [3191.7, 1281.0], [3191.65, 4292.0]], "asks": [[3193.1, 57704.0], [3193.15, 5000.0], [3193.3, 3048.0], [3193.35, 10211.0], [3193.4, 3153.0], [3193.45, 12115.0], [3193.55, 6611.0], [3193.6, 20007.0], [3193.65, 2139.0], [3193.7, 17267.0], [3193.75, 108703.0], [3193.8, 300042.0], [3193.85, 3881.0], [3193.9, 13000.0], [3193.95, 5181.0], [3194.0, 4357.0], [3194.05, 5351.0], [3194.1, 18156.0], [3194.15, 12982.0], [3194.2, 4292.0]]}}}
{"jsonrpc": "2.0", "method": "subscription", "params": {"channel": "book.ETH-PERPETUAL.none.20.100ms", "data": {"timestamp": 1765448628414, "change_id": 101000940894, "instrument_name": "ETH-PERPETUAL", "bids": [[3193.05, 14842.0], [3192.8, 3075.0], [3192.75, 10300.0], [3192.7, 5254.0], [3192.65, 17600.0], [3192.6, 11701.0], [3192.55, 25000.0], [3192.5, 13000.0], [3192.35, 3881.0], [3192.3, 15117.0], [3192.25, 2759.0], [3192.2, 4292.0], [3192.15, 1200.0], [3192.0, 3971.0], [3191.95, 17292.0], [3191.85, 40.0], [3191.8, 3886.0], [3191.75, 13017.0], [3191.7, 1281.0], [3191.65, 4292.0]], "asks": [[3193.1, 57952.0], [3193.15, 5000.0], [3193.3, 3048.0], [3193.35, 10211.0], [3193.4, 9185.0], [3193.45, 12115.0], [3193.5, 20007.0], [3193.65, 2139.0], [3193.7, 17267.0], [3193.75, 108703.0], [3193.8, 300042.0], [3193.85, 3881.0], [3193.9, 13000.0], [3193.95, 5181.0], [3194.0, 4357.0], [3194.05, 5351.0], [3194.1, 18156.0], [3194.15, 12982.0], [3194.2, 4292.0], [3194.25, 3881.0]]}}}
{"jsonrpc": "2.0", "method": "subscription", "params": {"channel": "book.ETH-PERPETUAL.none.20.100ms", "data": {"timestamp": 1765448628779, "change_id": 101000941320, "instrument_name": "ETH-PERPETUAL", "bids": [[3193.05, 21228.0], [3192.75, 10300.0], [3192.7, 5254.0], [3192.65, 17600.0], [3192.6, 11701.0], [3192.55, 25000.0], [3192.5, 13000.0], [3192.35, 3881.0], [3192.3, 15117.0], [3192.25, 2759.0], [3192.2, 4292.0], [3192.15, 3087.0], [3192.1, 6230.0], [3192.0, 3971.0], [3191.95, 17292.0], [3191.85, 40.0], [3191.8, 3886.0], [3191.75, 13017.0], [3191.7, 1281.0], [3191.65, 4292.0]], "asks": [[3193.1, 58005.0], [3193.15, 5000.0], [3193.3, 3048.0], [3193.35, 10211.0], [3193.4, 3153.0], [3193.45, 12115.0], [3193.55, 6611.0], [3193.6, 20007.0], [3193.65, 2139.0], [3193.7, 17267.0], [3193.75, 108703.0], [3193.8, 300042.0], [3193.85, 3881.0], [3193.9, 13000.0], [3193.95, 5181.0], [3194.0, 4357.0], [3194.05, 5351.0], [3194.1, 18156.0], [3194.15, 12982.0], [3194.2, 4292.0]]}}}
{"jsonrpc": "2.0", "method": "subscription", "params": {"channel": "book.ETH-PERPETUAL.none.20.100ms", "data": {"timestamp": 1765448629118, "change_id": 101000942014, "instrument_name": "ETH-PERPETUAL", "bids": [[3193.05, 21228.0], [3192.7, 5254.0], [3192.65, 17600.0], [3192.6, 7463.0], [3192.55, 25000.0], [3192.4, 3881.0], [3192.35, 13000.0], [3192.3, 6073.0], [3192.25, 2559.0], [3192.2, 4292.0], [3192.15, 14200.0], [3192.0, 6627.0], [3191.95, 17292.0], [3191.9, 6230.0], [3191.85, 40.0], [3191.8, 3886.0], [3191.75, 13017.0], [3191.7, 1281.0], [3191.65, 4292.0], [3191.55, 5161.0]], "asks": [[3193.1, 64170.0], [3193.15, 5000.0], [3193.3, 3048.0], [3193.35, 10211.0], [3193.45, 3881.0], [3193.5, 13000.0], [3193.55, 6611.0], [3193.6, 20007.0], [3193.65, 2139.0], [3193.7, 17267.0], [3193.75, 108703.0], [3193.8, 300042.0], [3193.85, 3881.0], [3193.9, 13000.0], [3193.95, 5181.0], [3194.0, 4357.0], [3194.05, 5351.0], [3194.1, 18156.0], [3194.15, 12982.0], [3194.2, 4292.0]]}}}
{"jsonrpc": "2.0", "method": "subscription", "params": {"channel": "book.ETH-PERPETUAL.none.20.100ms", "data": {"timestamp": 1765448629435, "change_id": 101000942374, "instrument_name": "ETH-PERPETUAL", "bids": [[3193.05, 21228.0], [3192.4, 10847.0], [3192.35, 13000.0], [3192.3, 31073.0], [3192.25, 2559.0], [3192.2, 4292.0], [3192.15, 14200.0], [3192.0, 6627.0], [3191.95, 17292.0], [3191.9, 6230.0], [3191.85, 40.0], [3191.8, 3886.0], [3191.75, 13017.0], [3191.7, 1281.0], [3191.65, 4292.0], [3191.55, 5161.0], [3191.5, 13000.0], [3191.4, 4292.0], [3191.3, 3883.0], [3191.25, 13749.0]], "asks": [[3193.1, 69295.0], [3193.15, 5000.0], [3193.25, 6928.0], [3193.3, 13000.0], [3193.35, 20064.0], [3193.4, 20007.0], [3193.5, 13000.0], [3193.65, 2139.0], [3193.7, 17267.0], [3193.75, 108703.0], [3193.8, 300042.0], [3193.85, 3881.0], [3193.9, 13000.0], [3193.95, 5181.0], [3194.0, 4357.0], [3194.05, 5351.0], [3194.1, 13000.0], [3194.2, 4292.0], [3194.25, 3881.0], [3194.3, 13000.0]]}}}
{"jsonrpc": "2.0", "method": "subscription", "params": {"channel": "book.ETH-PERPETUAL.none.20.100ms", "data": {"timestamp": 1765448629777, "change_id": 101000942776, "instrument_name": "ETH-PERPETUAL", "bids": [[3193.05, 21228.0], [3192.4, 10847.0], [3192.35, 13000.0], [3192.3, 31073.0], [3192.25, 2559.0], [3192.2, 4292.0], [3192.15, 14200.0], [3192.0, 6627.0], [3191.95, 17292.0], [3191.9, 6230.0], [3191.85, 40.0], [3191.8, 3886.0], [3191.75, 13017.0], [3191.7, 1281.0], [3191.65, 4292.0], [3191.55, 5161.0], [3191.5, 13000.0], [3191.4, 4292.0], [3191.3, 3883.0], [3191.25, 13749.0]], "asks": [[3193.1, 65930.0], [3193.15, 5000.0], [3193.25, 12015.0], [3193.3, 13000.0], [3193.35, 30218.0], [3193.45, 3881.0], [3193.5, 13000.0], [3193.65, 2139.0], [3193.7, 17267.0], [3193.75, 108703.0], [3193.8, 300042.0], [3193.85, 3881.0], [3193.9, 13000.0], [3193.95, 5181.0], [3194.0, 4357.0], [3194.05, 4295.0], [3194.1, 13000.0], [3194.2, 4292.0], [3194.25, 9967.0], [3194.3, 13000.0]]}}}
{"jsonrpc": "2.0", "method": "subscription", "params": {"channel": "book.ETH-PERPETUAL.none.20.100ms", "data": {"timestamp": 1765448630092, "change_id": 101000943219, "instrument_name": "ETH-PERPETUAL", "bids": [[3193.05, 21228.0], [3192.4, 10847.0], [3192.35, 13000.0], [3192.3, 31073.0], [3192.25, 2559.0], [3192.2, 4292.0], [3192.15, 14200.0], [3192.0, 6627.0], [3191.95, 17292.0], [3191.9, 6230.0], [3191.85, 40.0], [3191.8, 3886.0], [3191.75, 13017.0], [3191.7, 1281.0], [3191.65, 4292.0], [3191.55, 5161.0], [3191.5, 13000.0], [3191.4, 4292.0], [3191.3, 3883.0], [3191.25, 13749.0]], "asks": [[3193.1, 64442.0], [3193.15, 5000.0], [3193.25, 6928.0], [3193.3, 13000.0], [3193.35, 20379.0], [3193.45, 20007.0], [3193.5, 14056.0], [3193.65, 2139.0], [3193.7, 17267.0], [3193.75, 108703.0], [3193.8, 300042.0], [3193.85, 3881.0], [3193.9, 13000.0], [3193.95, 5181.0], [3194.0, 17271.0], [3194.05, 4295.0], [3194.1, 13000.0], [3194.2, 4292.0], [3194.25, 9967.0], [3194.3, 13000.0]]}}}
{"jsonrpc": "2.0", "method": "subscription", "params": {"channel": "book.ETH-PERPETUAL.none.20.100ms", "data": {"timestamp": 1765448630362, "change_id": 101000943496, "instrument_name": "ETH-PERPETUAL", "bids": [[3193.05, 21228.0], [3192.4, 10847.0], [3192.35, 13000.0], [3192.3, 31073.0], [3192.25, 2559.0], [3192.2, 4292.0], [3192.15, 14200.0], [3192.0, 6627.0], [3191.95, 17292.0], [3191.9, 6230.0], [3191.85, 40.0], [3191.8, 3886.0], [3191.75, 13017.0], [3191.7, 1281.0], [3191.65, 4292.0], [3191.55, 5161.0], [3191.5, 13000.0], [3191.4, 4292.0], [3191.3, 3883.0], [3191.25, 13749.0]], "asks": [[3193.1, 64760.0], [3193.15, 5000.0], [3193.25, 6928.0], [3193.3, 13000.0], [3193.35, 20379.0], [3193.45, 20007.0], [3193.5, 14056.0], [3193.65, 2139.0], [3193.7, 17267.0], [3193.75, 108703.0], [3193.8, 300042.0], [3193.85, 3881.0], [3193.9, 13000.0], [3193.95, 5181.0], [3194.0, 17271.0], [3194.05, 4295.0], [3194.1, 13000.0], [3194.2, 4292.0], [3194.25, 9967.0], [3194.3, 13000.0]]}}}
