{"jsonrpc": "2.0", "id": 1, "result": ["book.ETH-PERPETUAL.none.20.100ms"], "usIn": 1758035311169199, "usOut": 1758035311169421, "usDiff": 222, "testnet": false}
{"jsonrpc": "2.0", "method": "subscription", "params": {"channel": "book.ETH-PERPETUAL.none.20.100ms", "data": {"timestamp": 1758035311154, "change_id": 86754279249, "instrument_name": "ETH-PERPETUAL", "bids": [[4437.3, 47674.0], [4436.9, 41413.0], [4436.85, 138044.0], [4436.75, 13742.0], [4436.7, 25000.0], [4436.6, 20808.0], [4436.55, 3828.0], [4436.45, 100.0], [4436.4, 26671.0], [4436.35, 20000.0], [4436.3, 6367.0], [4436.25, 20000.0], [4436.2, 18348.0], [4436.15, 12756.0], [4436.05, 20808.0], [4436.0, 71028.0], [4435.95, 19987.0], [4435.9, 26261.0], [4435.85, 2533.0], [4435.8, 21311.0]], "asks": [[4437.35, 79125.0], [4437.45, 24800.0], [4437.6, 248.0], [4437.65, 7500.0], [4437.7, 33600.0], [4437.8, 41033.0], [4438.1, 41287.0], [4438.15, 115747.0], [4438.2, 20808.0], [4438.25, 2534.0], [4438.35, 1147.0], [4438.4, 35702.0], [4438.45, 20808.0], [4438.5, 13838.0], [4438.55, 100800.0], [4438.6, 6373.0], [4438.65, 15284.0], [4438.7, 33160.0], [4438.75, 12779.0], [4438.8, 5008.0]]}}}
{"jsonrpc": "2.0", "method": "subscription", "params": {"channel": "book.ETH-PERPETUAL.none.20.100ms", "data": {"timestamp": 1758035311392, "change_id": 86754279602, "instrument_name": "ETH-PERPETUAL", "bids": [[4437.3, 47674.0], [4436.95, 22900.0], [4436.9, 41413.0], [4436.85, 138044.0], [4436.75, 24025.0], [4436.7, 25000.0], [4436.65, 20000.0], [4436.6, 40808.0], [4436.55, 3828.0], [4436.45, 100.0], [4436.4, 12761.0], [4436.35, 1910.0], [4436.3, 6367.0], [4436.2, 28772.0], [4436.15, 12756.0], [4436.1, 19987.0], [4436.05, 20808.0], [4436.0, 50000.0], [4435.95, 15032.0], [4435.9, 26261.0]], "asks": [[4437.35, 79125.0], [4437.6, 16600.0], [4437.65, 7500.0], [4437.7, 33600.0], [4437.8, 41033.0], [4438.1, 41287.0], [4438.15, 115747.0], [4438.2, 20808.0], [4438.25, 2534.0], [4438.35, 1147.0], [4438.4, 35702.0], [4438.45, 20808.0], [4438.5, 13838.0], [4438.55, 100800.0], [4438.6, 6373.0], [4438.65, 15284.0], [4438.7, 33160.0], [4438.75, 12779.0], [4438.8, 5008.0], [4438.95, 15000.0]]}}}
{"jsonrpc": "2.0", "method": "subscription", "params": {"channel": "book.ETH-PERPETUAL.none.20.100ms", "data": {"timestamp": 1758035311707, "change_id": 86754280037, "instrument_name": "ETH-PERPETUAL", "bids": [[4437.3, 47674.0], [4436.9, 41413.0], [4436.85, 138044.0], [4436.75, 24025.0], [4436.7, 25000.0], [4436.65, 20000.0], [4436.6, 40808.0], [4436.55, 3828.0], [4436.45, 100.0], [4436.4, 12761.0], [4436.35, 1910.0], [4436.3, 6367.0], [4436.2, 28772.0], [4436.15, 12756.0], [4436.05, 40795.0], [4436.0, 50000.0], [4435.95, 15032.0], [4435.9, 26261.0], [4435.85, 2533.0], [4435.8, 21311.0]], "asks": [[4437.35, 79125.0], [4437.55, 4980.0], [4437.6, 16600.0], [4437.65, 21452.0], [4437.7, 33600.0], [4437.8, 41033.0], [4438.1, 41287.0], [4438.15, 115747.0], [4438.2, 21912.0], [4438.25, 2534.0], [4438.35, 1147.0], [4438.4, 35702.0], [4438.45, 20808.0], [4438.5, 13838.0], [4438.55, 100800.0], [4438.6, 6373.0], [4438.65, 15284.0], [4438.7, 33160.0], [4438.75, 12779.0], [4438.8, 5008.0]]}}}
{"jsonrpc": "2.0", "method": "subscription", "params": {"channel": "book.ETH-PERPETUAL.none.20.100ms", "data": {"timestamp": 1758035312061, "change_id": 86754280462, "instrument_name": "ETH-PERPETUAL", "bids": [[4437.3, 47674.0], [4436.9, 41413.0], [4436.85, 163044.0], [4436.75, 24025.0], [4436.65, 20000.0], [4436.6, 40808.0], [4436.55, 3828.0], [4436.45, 100.0], [4436.4, 12761.0], [4436.35, 1910.0], [4436.3, 6367.0], [4436.2, 29057.0], [4436.15, 12756.0], [4436.05, 20808.0], [4436.0, 69987.0], [4435.95, 15032.0], [4435.9, 26261.0], [4435.85, 2533.0], [4435.8, 21311.0], [4435.7, 33588.0]], "asks": [[4437.35, 54325.0], [4437.55, 4980.0], [4437.6, 16600.0], [4437.65, 21452.0], [4437.7, 33600.0], [4437.8, 41033.0], [4438.1, 41287.0], [4438.15, 115747.0], [4438.2, 21912.0], [4438.25, 2534.0], [4438.35, 1147.0], [4438.4, 35702.0], [4438.45, 20808.0], [4438.5, 13838.0], [4438.55, 100800.0], [4438.6, 6373.0], [4438.65, 15284.0], [4438.7, 33160.0], [4438.75, 12779.0], [4438.8, 5008.0]]}}}
{"jsonrpc": "2.0", "method": "subscription", "params": {"channel": "book.ETH-PERPETUAL.none.20.100ms", "data": {"timestamp": 1758035312347, "change_id": 86754280822, "instrument_name": "ETH-PERPETUAL", "bids": [[4437.3, 35431.0], [4436.95, 16900.0], [4436.9, 41413.0], [4436.85, 138044.0], [4436.75, 49025.0], [4436.65, 20000.0], [4436.6, 40808.0], [4436.55, 3828.0], [4436.45, 100.0], [4436.4, 12761.0], [4436.35, 1910.0], [4436.3, 6367.0], [4436.2, 29057.0], [4436.15, 12756.0], [4436.05, 20808.0], [4436.0, 69987.0], [4435.95, 15032.0], [4435.9, 26261.0], [4435.85, 2533.0], [4435.8, 21311.0]], "asks": [[4437.35, 83563.0], [4437.55, 4980.0], [4437.6, 24800.0], [4437.65, 21452.0], [4437.7, 33600.0], [4437.8, 41033.0], [4438.1, 41287.0], [4438.15, 115747.0], [4438.2, 21912.0], [4438.25, 2534.0], [4438.35, 1147.0], [4438.4, 35702.0], [4438.45, 20808.0], [4438.5, 13838.0], [4438.55, 100800.0], [4438.6, 6373.0], [4438.65, 15284.0], [4438.7, 33160.0], [4438.75, 12779.0], [4438.8, 5008.0]]}}}
{"jsonrpc": "2.0", "method": "subscription", "params": {"channel": "book.ETH-PERPETUAL.none.20.100ms", "data": {"timestamp": 1758035312565, "change_id": 86754281136, "instrument_name": "ETH-PERPETUAL", "bids": [[4437.3, 35431.0], [4436.9, 41413.0], [4436.85, 138044.0], [4436.75, 49025.0], [4436.65, 20000.0], [4436.6, 40808.0], [4436.55, 18380.0], [4436.5, 50000.0], [4436.45, 100.0], [4436.4, 12761.0], [4436.35, 1910.0], [4436.3, 6367.0], [4436.2, 16065.0], [4436.15, 12756.0], [4436.05, 20808.0], [4436.0, 19987.0], [4435.95, 15032.0], [4435.9, 26261.0], [4435.85, 2533.0], [4435.8, 21311.0]], "asks": [[4437.35, 83563.0], [4437.55, 4980.0], [4437.6, 24800.0], [4437.65, 21452.0], [4437.7, 33600.0], [4437.8, 41033.0], [4438.1, 41287.0], [4438.15, 115747.0], [4438.2, 21912.0], [4438.25, 2534.0], [4438.35, 1147.0], [4438.4, 35702.0], [4438.45, 20808.0], [4438.5, 13838.0], [4438.55, 100800.0], [4438.6, 6373.0], [4438.65, 15284.0], [4438.7, 33160.0], [4438.75, 12779.0], [4438.8, 5008.0]]}}}
{"jsonrpc": "2.0", "method": "subscription", "params": {"channel": "book.ETH-PERPETUAL.none.20.100ms", "data": {"timestamp": 1758035313025, "change_id": 86754281518, "instrument_name": "ETH-PERPETUAL", "bids": [[4437.3, 47376.0], [4437.05, 15000.0], [4437.0, 50000.0], [4436.9, 41413.0], [4436.85, 163044.0], [4436.75, 24025.0], [4436.65, 20000.0], [4436.6, 40808.0], [4436.55, 3828.0], [4436.45, 100.0], [4436.4, 12761.0], [4436.35, 1910.0], [4436.3, 6367.0], [4436.2, 14807.0], [4436.15, 12756.0], [4436.1, 19987.0], [4436.05, 20808.0], [4435.95, 15032.0], [4435.9, 26261.0], [4435.85, 2533.0]], "asks": [[4437.35, 58763.0], [4437.55, 9980.0], [4437.6, 88603.0], [4437.65, 138044.0], [4437.7, 33600.0], [4437.8, 41033.0], [4438.1, 7500.0], [4438.2, 21912.0], [4438.25, 2534.0], [4438.35, 1147.0], [4438.4, 35702.0], [4438.45, 20808.0], [4438.5, 13838.0], [4438.55, 100800.0], [4438.6, 6373.0], [4438.65, 15284.0], [4438.7, 33160.0], [4438.75, 12779.0], [4438.8, 5008.0], [4438.85, 15000.0]]}}}
{"jsonrpc": "2.0", "method": "subscription", "params": {"channel": "book.ETH-PERPETUAL.none.20.100ms", "data": {"timestamp": 1758035313313, "change_id": 86754281994, "instrument_name": "ETH-PERPETUAL", "bids": [[4437.3, 47376.0], [4437.1, 24800.0], [4437.05, 32600.0], [4437.0, 50000.0], [4436.9, 41413.0], [4436.85, 163044.0], [4436.75, 24025.0], [4436.65, 20000.0], [4436.6, 40808.0], [4436.55, 3828.0], [4436.45, 100.0], [4436.4, 12761.0], [4436.35, 1910.0], [4436.3, 6367.0], [4436.2, 14807.0], [4436.15, 12756.0], [4436.1, 19987.0], [4436.05, 20808.0], [4435.95, 15032.0], [4435.9, 26261.0]], "asks": [[4437.35, 58763.0], [4437.5, 13380.0], [4437.55, 19800.0], [4437.6, 88603.0], [4437.65, 138044.0], [4437.7, 33600.0], [4437.8, 41033.0], [4438.1, 7500.0], [4438.2, 21912.0], [4438.25, 2534.0], [4438.35, 1147.0], [4438.4, 35702.0], [4438.45, 20808.0], [4438.5, 13838.0], [4438.55, 100800.0], [4438.6, 6373.0], [4438.65, 15284.0], [4438.7, 33160.0], [4438.75, 12779.0], [4438.8, 5008.0]]}}}
{"jsonrpc": "2.0", "method": "subscription", "params": {"channel": "book.ETH-PERPETUAL.none.20.100ms", "data": {"timestamp": 1758035313717, "change_id": 86754282507, "instrument_name": "ETH-PERPETUAL", "bids": [[4437.3, 47511.0], [4437.05, 15000.0], [4437.0, 50000.0], [4436.9, 41413.0], [4436.85, 163044.0], [4436.75, 24025.0], [4436.65, 20000.0], [4436.6, 40808.0], [4436.55, 3828.0], [4436.45, 100.0], [4436.4, 12761.0], [4436.35, 1910.0], [4436.3, 6367.0], [4436.2, 14807.0], [4436.15, 12756.0], [4436.1, 19987.0], [4436.05, 20808.0], [4435.95, 15032.0], [4435.9, 26261.0], [4435.85, 2533.0]], "asks": [[4437.35, 58763.0], [4437.5, 13380.0], [4437.55, 14800.0], [4437.6, 88603.0], [4437.65, 138044.0], [4437.7, 33600.0], [4437.8, 41033.0], [4438.1, 7500.0], [4438.2, 21912.0], [4438.25, 2534.0], [4438.35, 1147.0], [4438.4, 35702.0], [4438.45, 20808.0], [4438.5, 13838.0], [4438.55, 100800.0], [4438.6, 6373.0], [4438.65, 15284.0], [4438.7, 33160.0], [4438.75, 12779.0], [4438.8, 5008.0]]}}}
{"jsonrpc": "2.0", "method": "subscription", "params": {"channel": "book.ETH-PERPETUAL.none.20.100ms", "data": {"timestamp": 1758035314060, "change_id": 86754284008, "instrument_name": "ETH-PERPETUAL", "bids": [[4436.65, 576.0], [4436.2, 32830.0], [4436.15, 26001.0], [4436.1, 100.0], [4435.95, 6393.0], [4435.8, 32800.0], [4435.6, 44624.0], [4435.4, 12762.0], [4435.35, 6473.0], [4435.3, 21576.0], [4435.2, 15712.0], [4435.15, 12707.0], [4435.1, 17762.0], [4435.05, 2585.0], [4435.0, 9591.0], [4434.95, 12756.0], [4434.9, 20808.0], [4434.65, 3795.0], [4434.6, 12649.0], [4434.55, 24427.0]], "asks": [[4436.7, 38149.0], [4436.95, 240.0], [4437.05, 50.0], [4437.3, 54131.0], [4437.35, 84334.0], [4437.4, 7500.0], [4437.55, 20808.0], [4437.6, 46223.0], [4437.65, 138044.0], [4437.8, 23590.0], [4437.85, 5008.0], [4437.95, 27185.0], [4438.1, 7500.0], [4438.2, 25400.0], [4438.25, 15305.0], [4438.4, 53083.0], [4438.45, 70808.0], [4438.5, 13838.0], [4438.55, 100800.0], [4438.6, 6373.0]]}}}
{"jsonrpc": "2.0", "method": "subscription", "params": {"channel": "book.ETH-PERPETUAL.none.20.100ms", "data": {"timestamp": 1758035314389, "change_id": 86754285972, "instrument_name": "ETH-PERPETUAL", "bids": [[4435.8, 41544.0], [4435.75, 10080.0], [4435.7, 33600.0], [4435.4, 7500.0], [4435.35, 25000.0], [4435.15, 20149.0], [4435.05, 47177.0], [4435.0, 29345.0], [4434.95, 12756.0], [4434.9, 2534.0], [4434.8, 19987.0], [4434.75, 34035.0], [4434.7, 100800.0], [4434.65, 100.0], [4434.6, 41745.0], [4434.55, 35105.0], [4434.5, 50178.0], [4434.4, 2529.0], [4434.35, 9123.0], [4434.3, 17762.0]], "asks": [[4435.85, 30655.0], [4436.25, 8315.0], [4436.3, 27534.0], [4436.35, 184.0], [4436.6, 240.0], [4436.65, 55761.0], [4436.7, 213509.0], [4436.95, 3830.0], [4437.0, 12768.0], [4437.15, 6242.0], [4437.2, 68853.0], [4437.25, 100800.0], [4437.3, 24800.0], [4437.35, 34550.0], [4437.4, 18653.0], [4437.5, 12768.0], [4437.6, 5957.0], [4437.8, 16033.0], [4437.85, 3830.0], [4437.9, 12768.0]]}}}
{"jsonrpc": "2.0", "method": "subscription", "params": {"channel": "book.ETH-PERPETUAL.none.20.100ms", "data": {"timestamp": 1758035314723, "change_id": 86754287238, "instrument_name": "ETH-PERPETUAL", "bids": [[4436.2, 56214.0], [4435.85, 7716.0], [4435.8, 23199.0], [4435.75, 25000.0], [4435.7, 33600.0], [4435.65, 41418.0], [4435.6, 138060.0], [4435.4, 11246.0], [4435.35, 20000.0], [4435.2, 19987.0], [4435.1, 14153.0], [4435.05, 27177.0], [4435.0, 23827.0], [4434.95, 12856.0], [4434.9, 2534.0], [4434.75, 34035.0], [4434.7, 100800.0], [4434.6, 41745.0], [4434.55, 52069.0], [4434.5, 50178.0]], "asks": [[4436.25, 240.0], [4436.3, 16000.0], [4436.35, 234.0], [4436.4, 33600.0], [4436.65, 55761.0], [4436.7, 188859.0], [4436.75, 2534.0], [4436.95, 3830.0], [4437.0, 12768.0], [4437.1, 6377.0], [4437.15, 6242.0], [4437.2, 68853.0], [4437.25, 100800.0], [4437.3, 24800.0], [4437.35, 37004.0], [4437.4, 13336.0], [4437.45, 1066.0], [4437.5, 43386.0], [4437.6, 21907.0], [4437.65, 59994.0]]}}}
{"jsonrpc": "2.0", "method": "subscription", "params": {"channel": "book.ETH-PERPETUAL.none.20.100ms", "data": {"timestamp": 1758035315022, "change_id": 86754287715, "instrument_name": "ETH-PERPETUAL", "bids": [[4436.2, 56776.0], [4435.85, 7716.0], [4435.8, 22109.0], [4435.75, 25000.0], [4435.7, 33600.0], [4435.65, 61418.0], [4435.6, 138060.0], [4435.5, 6100.0], [4435.45, 20000.0], [4435.4, 6242.0], [4435.35, 20808.0], [4435.2, 14149.0], [4435.15, 19987.0], [4435.05, 27177.0], [4435.0, 9467.0], [4434.95, 12756.0], [4434.9, 2534.0], [4434.8, 17762.0], [4434.75, 34035.0], [4434.7, 131399.0]], "asks": [[4436.25, 22470.0], [4436.35, 184.0], [4436.4, 33600.0], [4436.65, 55761.0], [4436.7, 188859.0], [4436.75, 2534.0], [4436.95, 3830.0], [4437.0, 12768.0], [4437.1, 6377.0], [4437.15, 6242.0], [4437.2, 68853.0], [4437.25, 100800.0], [4437.3, 24800.0], [4437.35, 27254.0], [4437.4, 13336.0], [4437.45, 1066.0], [4437.5, 64194.0], [4437.6, 21832.0], [4437.65, 59994.0], [4437.8, 16033.0]]}}}
{"jsonrpc": "2.0", "method": "subscription", "params": {"channel": "book.ETH-PERPETUAL.none.20.100ms", "data": {"timestamp": 1758035315379, "change_id": 86754288478, "instrument_name": "ETH-PERPETUAL", "bids": [[4436.2, 56776.0], [4436.1, 24800.0], [4436.05, 15000.0], [4436.0, 50000.0], [4435.85, 7716.0], [4435.8, 21411.0], [4435.75, 25000.0], [4435.7, 33600.0], [4435.65, 61418.0], [4435.6, 138060.0], [4435.5, 6000.0], [4435.45, 20000.0], [4435.4, 6242.0], [4435.35, 20808.0], [4435.2, 14149.0], [4435.15, 19987.0], [4435.05, 27177.0], [4435.0, 9467.0], [4434.95, 12756.0], [4434.9, 2534.0]], "asks": [[4436.25, 22470.0], [4436.35, 184.0], [4436.4, 33600.0], [4436.65, 55761.0], [4436.7, 188859.0], [4436.75, 2534.0], [4436.95, 3830.0], [4437.0, 12768.0], [4437.1, 6377.0], [4437.15, 6242.0], [4437.2, 51784.0], [4437.25, 100800.0], [4437.35, 2454.0], [4437.4, 13336.0], [4437.45, 1066.0], [4437.5, 64194.0], [4437.6, 7808.0], [4437.65, 9994.0], [4437.8, 34863.0], [4437.85, 50000.0]]}}}
{"jsonrpc": "2.0", "method": "subscription", "params": {"channel": "book.ETH-PERPETUAL.none.20.100ms", "data": {"timestamp": 1758035315714, "change_id": 86754288953, "instrument_name": "ETH-PERPETUAL", "bids": [[4436.2, 57574.0], [4436.15, 7440.0], [4436.1, 24800.0], [4435.85, 7716.0], [4435.8, 21411.0], [4435.75, 25000.0], [4435.7, 33600.0], [4435.65, 61418.0], [4435.6, 138060.0], [4435.5, 6000.0], [4435.45, 20000.0], [4435.4, 6242.0], [4435.35, 20808.0], [4435.2, 27381.0], [4435.15, 19987.0], [4435.05, 27177.0], [4435.0, 59467.0], [4434.95, 12756.0], [4434.9, 2534.0], [4434.8, 17762.0]], "asks": [[4436.25, 22420.0], [4436.35, 184.0], [4436.4, 33600.0], [4436.55, 50.0], [4436.65, 16397.0], [4436.7, 50816.0], [4436.75, 2534.0], [4436.95, 3830.0], [4437.0, 12768.0], [4437.1, 6377.0], [4437.15, 6242.0], [4437.2, 51784.0], [4437.25, 100800.0], [4437.35, 2454.0], [4437.4, 13336.0], [4437.45, 1066.0], [4437.5, 33576.0], [4437.6, 21832.0], [4437.65, 9994.0], [4437.75, 50000.0]]}}}
{"jsonrpc": "2.0", "method": "subscription", "params": {"channel": "book.ETH-PERPETUAL.none.20.100ms", "data": {"timestamp": 1758035316043, "change_id": 86754289426, "instrument_name": "ETH-PERPETUAL", "bids": [[4436.2, 32774.0], [4436.05, 15000.0], [4436.0, 50000.0], [4435.85, 11459.0], [4435.8, 41411.0], [4435.75, 25000.0], [4435.7, 33600.0], [4435.65, 61418.0], [4435.6, 138060.0], [4435.45, 5996.0], [4435.4, 26229.0], [4435.35, 20808.0], [4435.1, 8153.0], [4435.05, 27177.0], [4435.0, 9467.0], [4434.95, 12756.0], [4434.9, 2534.0], [4434.8, 17762.0], [4434.75, 34035.0], [4434.7, 131399.0]], "asks": [[4436.25, 6420.0], [4436.35, 184.0], [4436.4, 33600.0], [4436.55, 50.0], [4436.65, 16397.0], [4436.7, 50816.0], [4436.75, 2534.0], [4436.8, 8630.0], [4436.85, 16000.0], [4437.0, 12768.0], [4437.1, 6377.0], [4437.15, 6242.0], [4437.2, 51784.0], [4437.25, 100800.0], [4437.35, 1147.0], [4437.4, 13336.0], [4437.45, 1066.0], [4437.5, 33576.0], [4437.6, 21832.0], [4437.65, 9994.0]]}}}
{"jsonrpc": "2.0", "method": "subscription", "params": {"channel": "book.ETH-PERPETUAL.none.20.100ms", "data": {"timestamp": 1758035316366, "change_id": 86754290070, "instrument_name": "ETH-PERPETUAL", "bids": [[4436.2, 57574.0], [4436.05, 15000.0], [4436.0, 50000.0], [4435.95, 19923.0], [4435.9, 25000.0], [4435.8, 41411.0], [4435.7, 33600.0], [4435.65, 61418.0], [4435.6, 138060.0], [4435.45, 5996.0], [4435.4, 26229.0], [4435.35, 20808.0], [4435.1, 8153.0], [4435.05, 27177.0], [4435.0, 9467.0], [4434.95, 12756.0], [4434.9, 2534.0], [4434.8, 17762.0], [4434.75, 34035.0], [4434.7, 131399.0]], "asks": [[4436.25, 1201.0], [4436.35, 184.0], [4436.4, 33600.0], [4436.55, 24850.0], [4436.6, 57419.0], [4436.65, 138048.0], [4436.7, 50816.0], [4436.75, 2534.0], [4436.8, 8630.0], [4436.85, 16000.0], [4437.0, 12768.0], [4437.1, 6377.0], [4437.15, 6242.0], [4437.2, 51784.0], [4437.25, 100800.0], [4437.35, 1147.0], [4437.4, 13336.0], [4437.45, 1066.0], [4437.5, 33576.0], [4437.6, 7808.0]]}}}
{"jsonrpc": "2.0", "method": "subscription", "params": {"channel": "book.ETH-PERPETUAL.none.20.100ms", "data": {"timestamp": 1758035316636, "change_id": 86754290615, "instrument_name": "ETH-PERPETUAL", "bids": [[4436.2, 57574.0], [4436.05, 15000.0], [4436.0, 50000.0], [4435.95, 19923.0], [4435.9, 25000.0], [4435.8, 41411.0], [4435.7, 33600.0], [4435.65, 61418.0], [4435.6, 138060.0], [4435.45, 5996.0], [4435.4, 26229.0], [4435.35, 20808.0], [4435.1, 8153.0], [4435.05, 27177.0], [4435.0, 9467.0], [4434.95, 12756.0], [4434.9, 2534.0], [4434.8, 17762.0], [4434.75, 34035.0], [4434.7, 131399.0]], "asks": [[4436.25, 22420.0], [4436.35, 184.0], [4436.4, 33600.0], [4436.55, 50.0], [4436.65, 138048.0], [4436.7, 50816.0], [4436.75, 2534.0], [4436.8, 3830.0], [4437.0, 12768.0], [4437.1, 6377.0], [4437.15, 6242.0], [4437.2, 51784.0], [4437.25, 100800.0], [4437.35, 1147.0], [4437.4, 13336.0], [4437.45, 1066.0], [4437.5, 33576.0], [4437.6, 21832.0], [4437.65, 9994.0], [4437.8, 66033.0]]}}}
{"jsonrpc": "2.0", "method": "subscription", "params": {"channel": "book.ETH-PERPETUAL.none.20.100ms", "data": {"timestamp": 1758035316888, "change_id": 86754290710, "instrument_name": "ETH-PERPETUAL", "bids": [[4436.2, 77574.0], [4436.05, 15000.0], [4436.0, 50000.0], [4435.95, 19923.0], [4435.9, 25000.0], [4435.8, 41411.0], [4435.7, 33600.0], [4435.65, 41418.0], [4435.6, 138060.0], [4435.45, 5996.0], [4435.4, 26229.0], [4435.35, 20808.0], [4435.1, 8153.0], [4435.05, 27177.0], [4435.0, 9467.0], [4434.95, 12756.0], [4434.9, 2534.0], [4434.8, 17762.0], [4434.75, 34035.0], [4434.7, 131399.0]], "asks": [[4436.25, 22420.0], [4436.35, 184.0], [4436.4, 33600.0], [4436.5, 5000.0], [4436.55, 50.0], [4436.6, 57419.0], [4436.65, 138048.0], [4436.7, 50816.0], [4436.75, 2534.0], [4436.8, 3830.0], [4437.0, 12768.0], [4437.1, 6377.0], [4437.15, 6242.0], [4437.2, 51784.0], [4437.25, 100800.0], [4437.35, 1147.0], [4437.4, 13336.0], [4437.45, 1066.0], [4437.5, 33576.0], [4437.6, 21832.0]]}}}
{"jsonrpc": "2.0", "method": "subscription", "params": {"channel": "book.ETH-PERPETUAL.none.20.100ms", "data": {"timestamp": 1758035317359, "change_id": 86754291407, "instrument_name": "ETH-PERPETUAL", "bids": [[4436.2, 40370.0], [4435.95, 19923.0], [4435.9, 25000.0], [4435.8, 61411.0], [4435.7, 33600.0], [4435.65, 41418.0], [4435.6, 138060.0], [4435.45, 5996.0], [4435.4, 26229.0], [4435.35, 20808.0], [4435.1, 22134.0], [4435.05, 27177.0], [4435.0, 72966.0], [4434.95, 12756.0], [4434.9, 2534.0], [4434.8, 17762.0], [4434.75, 34035.0], [4434.7, 131399.0], [4434.6, 17511.0], [4434.55, 13499.0]], "asks": [[4436.25, 22420.0], [4436.35, 184.0], [4436.4, 33600.0], [4436.55, 24850.0], [4436.6, 57419.0], [4436.65, 138048.0], [4436.7, 50816.0], [4436.75, 2534.0], [4436.8, 3830.0], [4437.0, 12768.0], [4437.1, 6377.0], [4437.15, 6242.0], [4437.2, 51784.0], [4437.25, 100800.0], [4437.35, 1147.0], [4437.4, 13336.0], [4437.45, 1066.0], [4437.5, 33576.0], [4437.6, 7808.0], [4437.65, 9994.0]]}}}
{"jsonrpc": "2.0", "method": "subscription", "params": {"channel": "book.ETH-PERPETUAL.none.20.100ms", "data": {"timestamp": 1758035317655, "change_id": 86754291803, "instrument_name": "ETH-PERPETUAL", "bids": [[4436.2, 40370.0], [4435.95, 19923.0], [4435.9, 25000.0], [4435.8, 61411.0], [4435.7, 33600.0], [4435.65, 41418.0], [4435.6, 138060.0], [4435.45, 5996.0], [4435.4, 26229.0], [4435.35, 20808.0], [4435.1, 22134.0], [4435.05, 27177.0], [4435.0, 72966.0], [4434.95, 12756.0], [4434.9, 2534.0], [4434.8, 17762.0], [4434.75, 34035.0], [4434.7, 131399.0], [4434.6, 17511.0], [4434.55, 13499.0]], "asks": [[4436.25, 22729.0], [4436.35, 184.0], [4436.4, 33600.0], [4436.55, 50.0], [4436.6, 57419.0], [4436.65, 138048.0], [4436.7, 50816.0], [4436.75, 2534.0], [4436.8, 3830.0], [4437.0, 12768.0], [4437.1, 6377.0], [4437.15, 6242.0], [4437.2, 51784.0], [4437.25, 100800.0], [4437.35, 1147.0], [4437.4, 13336.0], [4437.45, 1066.0], [4437.5, 33576.0], [4437.6, 7808.0], [4437.65, 9994.0]]}}}
{"jsonrpc": "2.0", "method": "subscription", "params": {"channel": "book.ETH-PERPETUAL.none.20.100ms", "data": {"timestamp": 1758035318027, "change_id": 86754292154, "instrument_name": "ETH-PERPETUAL", "bids": [[4436.3, 63712.0], [4436.25, 23227.0], [4436.2, 2136.0], [4436.0, 75000.0], [4435.95, 19923.0], [4435.85, 20000.0], [4435.8, 41411.0], [4435.75, 2574.0], [4435.7, 33600.0], [4435.65, 41418.0], [4435.6, 138060.0], [4435.45, 5996.0], [4435.4, 26229.0], [4435.35, 20808.0], [4435.1, 8153.0], [4435.05, 44939.0], [4435.0, 17326.0], [4434.95, 12756.0], [4434.9, 2534.0], [4434.75, 34035.0]], "asks": [[4436.35, 184.0], [4436.4, 33600.0], [4436.55, 50.0], [4436.7, 25816.0], [4436.8, 33152.0], [4436.85, 16000.0], [4437.0, 12768.0], [4437.1, 6377.0], [4437.15, 8816.0], [4437.2, 51784.0], [4437.25, 100800.0], [4437.35, 1147.0], [4437.4, 13336.0], [4437.45, 1066.0], [4437.5, 33576.0], [4437.6, 7808.0], [4437.65, 9994.0], [4437.8, 16033.0], [4437.9, 62768.0], [4437.95, 1307.0]]}}}
{"jsonrpc": "2.0", "method": "subscription", "params": {"channel": "book.ETH-PERPETUAL.none.20.100ms", "data": {"timestamp": 1758035318360, "change_id": 86754292848, "instrument_name": "ETH-PERPETUAL", "bids": [[4436.3, 65589.0], [4436.25, 8947.0], [4436.0, 25000.0], [4435.95, 19923.0], [4435.85, 20000.0], [4435.8, 41411.0], [4435.7, 33600.0], [4435.65, 41418.0], [4435.6, 138060.0], [4435.55, 20247.0], [4435.5, 50000.0], [4435.45, 19987.0], [4435.4, 8816.0], [4435.35, 20808.0], [4435.1, 8153.0], [4435.05, 27177.0], [4435.0, 3827.0], [4434.95, 30518.0], [4434.9, 2534.0], [4434.75, 34035.0]], "asks": [[4436.35, 21403.0], [4436.4, 33600.0], [4436.55, 50.0], [4436.6, 18800.0], [4436.65, 137999.0], [4436.7, 25816.0], [4436.8, 28830.0], [4437.0, 12768.0], [4437.1, 6377.0], [4437.15, 8816.0], [4437.2, 51784.0], [4437.25, 100800.0], [4437.35, 1147.0], [4437.4, 13336.0], [4437.45, 1066.0], [4437.5, 33576.0], [4437.6, 7808.0], [4437.65, 9994.0], [4437.8, 16033.0], [4437.9, 12768.0]]}}}
{"jsonrpc": "2.0", "method": "subscription", "params": {"channel": "book.ETH-PERPETUAL.none.20.100ms", "data": {"timestamp": 1758035318660, "change_id": 86754293429, "instrument_name": "ETH-PERPETUAL", "bids": [[4436.3, 4085.0], [4436.0, 50000.0], [4435.85, 6393.0], [4435.8, 21311.0], [4435.7, 33600.0], [4435.65, 66418.0], [4435.6, 138060.0], [4435.55, 7500.0], [4435.4, 31562.0], [4435.35, 20808.0], [4435.3, 20000.0], [4435.2, 14149.0], [4435.15, 19987.0], [4435.05, 27177.0], [4435.0, 3827.0], [4434.95, 12756.0], [4434.9, 16033.0], [4434.75, 34035.0], [4434.7, 100800.0], [4434.65, 17762.0]], "asks": [[4436.35, 27615.0], [4436.4, 33600.0], [4436.5, 12435.0], [4436.6, 100445.0], [4436.65, 137999.0], [4436.7, 25816.0], [4436.8, 3830.0], [4437.0, 12768.0], [4437.1, 6377.0], [4437.15, 8816.0], [4437.2, 51784.0], [4437.25, 100800.0], [4437.35, 1147.0], [4437.4, 13336.0], [4437.45, 1066.0], [4437.5, 83576.0], [4437.6, 7808.0], [4437.65, 9994.0], [4437.8, 16033.0], [4437.9, 12768.0]]}}}
{"jsonrpc": "2.0", "method": "subscription", "params": {"channel": "book.ETH-PERPETUAL.none.20.100ms", "data": {"timestamp": 1758035318988, "change_id": 86754293653, "instrument_name": "ETH-PERPETUAL", "bids": [[4436.3, 3566.0], [4435.85, 6393.0], [4435.8, 21311.0], [4435.7, 33600.0], [4435.65, 66418.0], [4435.6, 138060.0], [4435.55, 7500.0], [4435.4, 32342.0], [4435.35, 40795.0], [4435.3, 20000.0], [4435.05, 27177.0], [4435.0, 53827.0], [4434.95, 12756.0], [4434.9, 16033.0], [4434.75, 34035.0], [4434.7, 100800.0], [4434.65, 17762.0], [4434.6, 12649.0], [4434.5, 178.0], [4434.4, 2529.0]], "asks": [[4436.35, 27615.0], [4436.4, 33600.0], [4436.5, 12435.0], [4436.6, 100445.0], [4436.65, 137999.0], [4436.7, 25816.0], [4436.8, 3830.0], [4437.0, 12768.0], [4437.1, 6377.0], [4437.15, 8816.0], [4437.2, 51784.0], [4437.25, 100800.0], [4437.35, 1147.0], [4437.4, 13336.0], [4437.45, 1066.0], [4437.5, 33576.0], [4437.6, 57808.0], [4437.65, 9994.0], [4437.8, 16033.0], [4437.9, 12768.0]]}}}
{"jsonrpc": "2.0", "method": "subscription", "params": {"channel": "book.ETH-PERPETUAL.none.20.100ms", "data": {"timestamp": 1758035319320, "change_id": 86754294224, "instrument_name": "ETH-PERPETUAL", "bids": [[4436.3, 33930.0], [4435.9, 13893.0], [4435.85, 25000.0], [4435.8, 21311.0], [4435.7, 33600.0], [4435.65, 41418.0], [4435.6, 138060.0], [4435.55, 20093.0], [4435.5, 50000.0], [4435.4, 34916.0], [4435.35, 40795.0], [4435.3, 20000.0], [4435.05, 27177.0], [4435.0, 3827.0], [4434.95, 30518.0], [4434.9, 16033.0], [4434.75, 34035.0], [4434.7, 100800.0], [4434.6, 12649.0], [4434.5, 178.0]], "asks": [[4436.35, 25041.0], [4436.4, 33600.0], [4436.6, 56645.0], [4436.65, 137999.0], [4436.7, 25816.0], [4436.8, 10852.0], [4436.9, 25000.0], [4437.0, 12768.0], [4437.1, 6377.0], [4437.15, 8816.0], [4437.2, 51784.0], [4437.25, 100800.0], [4437.35, 1147.0], [4437.4, 13336.0], [4437.45, 1066.0], [4437.5, 33576.0], [4437.6, 7808.0], [4437.65, 59994.0], [4437.8, 16033.0], [4437.9, 12768.0]]}}}
{"jsonrpc": "2.0", "method": "subscription", "params": {"channel": "book.ETH-PERPETUAL.none.20.100ms", "data": {"timestamp": 1758035319680, "change_id": 86754294667, "instrument_name": "ETH-PERPETUAL", "bids": [[4436.3, 3566.0], [4435.9, 13893.0], [4435.85, 25000.0], [4435.8, 21311.0], [4435.75, 63528.0], [4435.7, 53600.0], [4435.65, 20100.0], [4435.6, 138060.0], [4435.55, 20093.0], [4435.5, 50000.0], [4435.45, 19987.0], [4435.4, 8816.0], [4435.35, 20808.0], [4435.05, 27177.0], [4435.0, 13487.0], [4434.95, 30518.0], [4434.9, 16033.0], [4434.75, 34035.0], [4434.7, 100800.0], [4434.6, 12649.0]], "asks": [[4436.35, 25375.0], [4436.4, 33600.0], [4436.6, 56645.0], [4436.65, 137999.0], [4436.7, 25816.0], [4436.8, 28830.0], [4437.0, 12768.0], [4437.1, 6377.0], [4437.15, 8816.0], [4437.2, 51784.0], [4437.25, 100800.0], [4437.35, 1147.0], [4437.4, 13336.0], [4437.45, 1066.0], [4437.5, 33576.0], [4437.6, 21832.0], [4437.65, 9994.0], [4437.75, 50000.0], [4437.8, 16033.0], [4437.9, 12768.0]]}}}
{"jsonrpc": "2.0", "method": "subscription", "params": {"channel": "book.ETH-PERPETUAL.none.20.100ms", "data": {"timestamp": 1758035320003, "change_id": 86754294775, "instrument_name": "ETH-PERPETUAL", "bids": [[4436.3, 3566.0], [4436.0, 50000.0], [4435.9, 13893.0], [4435.85, 25000.0], [4435.8, 21311.0], [4435.75, 63528.0], [4435.7, 53600.0], [4435.65, 20100.0], [4435.6, 138060.0], [4435.55, 7500.0], [4435.45, 19987.0], [4435.4, 8816.0], [4435.35, 20808.0], [4435.05, 27177.0], [4435.0, 13487.0], [4434.95, 30518.0], [4434.9, 16033.0], [4434.75, 34035.0], [4434.7, 100800.0], [4434.6, 12649.0]], "asks": [[4436.35, 35141.0], [4436.4, 35100.0], [4436.45, 5000.0], [4436.6, 56645.0], [4436.65, 137999.0], [4436.7, 25816.0], [4436.8, 28830.0], [4437.0, 12768.0], [4437.1, 6377.0], [4437.15, 8816.0], [4437.2, 51784.0], [4437.25, 100800.0], [4437.35, 1147.0], [4437.4, 13336.0], [4437.45, 1066.0], [4437.5, 33576.0], [4437.6, 21832.0], [4437.65, 59994.0], [4437.8, 16033.0], [4437.9, 12768.0]]}}}
{"jsonrpc": "2.0", "method": "subscription", "params": {"channel": "book.ETH-PERPETUAL.none.20.100ms", "data": {"timestamp": 1758035320274, "change_id": 86754295119, "instrument_name": "ETH-PERPETUAL", "bids": [[4436.3, 15511.0], [4436.15, 20300.0], [4436.1, 22440.0], [4436.05, 24800.0], [4436.0, 50000.0], [4435.9, 13893.0], [4435.85, 25000.0], [4435.8, 21311.0], [4435.75, 63528.0], [4435.7, 53600.0], [4435.65, 20100.0], [4435.6, 138060.0], [4435.55, 7500.0], [4435.45, 19987.0], [4435.4, 8816.0], [4435.35, 20808.0], [4435.05, 27177.0], [4435.0, 13487.0], [4434.95, 30518.0], [4434.9, 16033.0]], "asks": [[4436.35, 33879.0], [4436.4, 33600.0], [4436.5, 7440.0], [4436.55, 24800.0], [4436.6, 56645.0], [4436.65, 137999.0], [4436.7, 25816.0], [4436.8, 28830.0], [4437.0, 12768.0], [4437.1, 6377.0], [4437.15, 8816.0], [4437.2, 51784.0], [4437.25, 100800.0], [4437.35, 1147.0], [4437.4, 13336.0], [4437.45, 1066.0], [4437.5, 33576.0], [4437.6, 21832.0], [4437.65, 59994.0], [4437.8, 16033.0]]}}}
{"jsonrpc": "2.0", "method": "subscription", "params": {"channel": "book.ETH-PERPETUAL.none.20.100ms", "data": {"timestamp": 1758035320645, "change_id": 86754295684, "instrument_name": "ETH-PERPETUAL", "bids": [[4436.3, 15511.0], [4435.9, 13893.0], [4435.85, 25000.0], [4435.8, 21311.0], [4435.75, 63528.0], [4435.7, 53600.0], [4435.65, 20100.0], [4435.6, 138060.0], [4435.55, 7500.0], [4435.45, 19987.0], [4435.4, 8816.0], [4435.35, 20808.0], [4435.05, 27177.0], [4435.0, 63487.0], [4434.95, 30518.0], [4434.9, 16033.0], [4434.75, 34035.0], [4434.7, 100800.0], [4434.6, 12649.0], [4434.5, 178.0]], "asks": [[4436.35, 33879.0], [4436.4, 33600.0], [4436.5, 7440.0], [4436.55, 24800.0], [4436.6, 56645.0], [4436.65, 137999.0], [4436.7, 25816.0], [4436.8, 28830.0], [4437.0, 12768.0], [4437.1, 6377.0], [4437.15, 8816.0], [4437.2, 51784.0], [4437.25, 100800.0], [4437.35, 1147.0], [4437.4, 13336.0], [4437.45, 1066.0], [4437.5, 33576.0], [4437.6, 21832.0], [4437.65, 59994.0], [4437.8, 16033.0]]}}}
{"jsonrpc": "2.0", "method": "subscription", "params": {"channel": "book.ETH-PERPETUAL.none.20.100ms", "data": {"timestamp": 1758035320967, "change_id": 86754296265, "instrument_name": "ETH-PERPETUAL", "bids": [[4436.3, 514.0], [4436.15, 798.0], [4435.85, 6393.0], [4435.8, 21311.0], [4435.7, 33600.0], [4435.65, 107344.0], [4435.05, 27177.0], [4435.0, 23814.0], [4434.95, 32856.0], [4434.9, 22534.0], [4434.85, 20808.0], [4434.75, 34035.0], [4434.7, 100800.0], [4434.6, 12649.0], [4434.55, 13499.0], [4434.5, 50178.0], [4434.45, 17762.0], [4434.4, 2529.0], [4434.35, 3795.0], [4434.25, 379.0]], "asks": [[4436.35, 65890.0], [4436.4, 38600.0], [4436.5, 7440.0], [4436.55, 24800.0], [4436.6, 56645.0], [4436.65, 137999.0], [4436.7, 25816.0], [4436.8, 3830.0], [4437.0, 12768.0], [4437.1, 6377.0], [4437.15, 8816.0], [4437.2, 51784.0], [4437.25, 100800.0], [4437.3, 50000.0], [4437.35, 1147.0], [4437.4, 13336.0], [4437.45, 1066.0], [4437.5, 33576.0], [4437.6, 7808.0], [4437.65, 9994.0]]}}}
{"jsonrpc": "2.0", "method": "subscription", "params": {"channel": "book.ETH-PERPETUAL.none.20.100ms", "data": {"timestamp": 1758035321259, "change_id": 86754296673, "instrument_name": "ETH-PERPETUAL", "bids": [[4436.3, 514.0], [4436.15, 798.0], [4435.85, 6393.0], [4435.8, 21311.0], [4435.7, 33600.0], [4435.65, 107344.0], [4435.3, 6000.0], [4435.25, 20000.0], [4435.05, 27177.0], [4435.0, 73814.0], [4434.95, 12856.0], [4434.9, 22534.0], [4434.85, 20808.0], [4434.75, 34035.0], [4434.7, 100800.0], [4434.6, 12649.0], [4434.55, 13499.0], [4434.5, 178.0], [4434.45, 17762.0], [4434.4, 2529.0]], "asks": [[4436.35, 90732.0], [4436.4, 53480.0], [4436.45, 24800.0], [4436.55, 24800.0], [4436.6, 56645.0], [4436.65, 137999.0], [4436.7, 25816.0], [4436.8, 3830.0], [4437.0, 12768.0], [4437.05, 1307.0], [4437.1, 6377.0], [4437.15, 23036.0], [4437.2, 121705.0], [4437.25, 131416.0], [4437.35, 1147.0], [4437.4, 13336.0], [4437.45, 1066.0], [4437.5, 33576.0], [4437.6, 7808.0], [4437.65, 9994.0]]}}}
{"jsonrpc": "2.0", "method": "subscription", "params": {"channel": "book.ETH-PERPETUAL.none.20.100ms", "data": {"timestamp": 1758035321664, "change_id": 86754298554, "instrument_name": "ETH-PERPETUAL", "bids": [[4435.8, 21829.0], [4435.1, 33600.0], [4434.95, 25000.0], [4434.5, 178.0], [4434.25, 379.0], [4434.15, 20000.0], [4434.0, 20037.0], [4433.95, 2529.0], [4433.8, 12649.0], [4433.75, 821.0], [4433.65, 17762.0], [4433.6, 12656.0], [4433.5, 52656.0], [4433.4, 100800.0], [4433.3, 12634.0], [4433.25, 26.0], [4433.1, 12682.0], [4433.05, 2534.0], [4433.0, 61.0], [4432.85, 12634.0]], "asks": [[4435.85, 58650.0], [4435.9, 25000.0], [4436.05, 33600.0], [4436.15, 24800.0], [4436.2, 178756.0], [4436.3, 24800.0], [4436.35, 10142.0], [4436.55, 24800.0], [4436.7, 25816.0], [4437.0, 12768.0], [4437.05, 1307.0], [4437.1, 6377.0], [4437.15, 2574.0], [4437.2, 20808.0], [4437.25, 131416.0], [4437.45, 1066.0], [4437.5, 33576.0], [4437.65, 9994.0], [4437.8, 2534.0], [4437.9, 12768.0]]}}}
{"jsonrpc": "2.0", "method": "subscription", "params": {"channel": "book.ETH-PERPETUAL.none.20.100ms", "data": {"timestamp": 1758035321996, "change_id": 86754299184, "instrument_name": "ETH-PERPETUAL", "bids": [[4435.8, 22344.0], [4435.1, 33600.0], [4434.8, 25000.0], [4434.65, 12772.0], [4434.6, 64005.0], [4434.55, 27188.0], [4434.5, 178.0], [4434.45, 22574.0], [4434.25, 13151.0], [4434.2, 20000.0], [4434.0, 70037.0], [4433.95, 2529.0], [4433.8, 12649.0], [4433.75, 53.0], [4433.65, 14297.0], [4433.6, 12656.0], [4433.55, 17762.0], [4433.5, 2656.0], [4433.4, 100800.0], [4433.3, 12634.0]], "asks": [[4435.85, 74650.0], [4435.9, 25000.0], [4436.05, 33600.0], [4436.15, 24800.0], [4436.2, 162756.0], [4436.35, 1307.0], [4436.4, 1147.0], [4436.55, 24800.0], [4436.7, 75816.0], [4437.0, 12768.0], [4437.1, 6377.0], [4437.15, 2574.0], [4437.2, 20808.0], [4437.25, 100800.0], [4437.5, 12768.0], [4437.8, 2534.0], [4437.9, 12768.0], [4437.95, 34485.0], [4438.0, 50000.0], [4438.1, 30000.0]]}}}
{"jsonrpc": "2.0", "method": "subscription", "params": {"channel": "book.ETH-PERPETUAL.none.20.100ms", "data": {"timestamp": 1758035322310, "change_id": 86754299799, "instrument_name": "ETH-PERPETUAL", "bids": [[4435.8, 22344.0], [4435.1, 33600.0], [4434.8, 25000.0], [4434.65, 12772.0], [4434.6, 64005.0], [4434.55, 27188.0], [4434.5, 50178.0], [4434.45, 22574.0], [4434.25, 13151.0], [4434.2, 20000.0], [4434.0, 20037.0], [4433.95, 2529.0], [4433.8, 12649.0], [4433.75, 53.0], [4433.65, 14297.0], [4433.6, 12656.0], [4433.5, 2656.0], [4433.4, 100800.0], [4433.35, 17762.0], [4433.3, 12634.0]], "asks": [[4435.85, 79692.0], [4435.9, 25000.0], [4436.05, 33600.0], [4436.15, 24800.0], [4436.2, 137956.0], [4436.35, 1307.0], [4436.4, 1147.0], [4436.5, 50000.0], [4436.55, 1065.0], [4436.65, 30612.0], [4436.7, 25816.0], [4437.0, 12768.0], [4437.1, 6377.0], [4437.15, 2574.0], [4437.2, 20808.0], [4437.25, 100800.0], [4437.35, 56757.0], [4437.5, 12768.0], [4437.8, 2534.0], [4437.9, 12768.0]]}}}
{"jsonrpc": "2.0", "method": "subscription", "params": {"channel": "book.ETH-PERPETUAL.none.20.100ms", "data": {"timestamp": 1758035322654, "change_id": 86754300321, "instrument_name": "ETH-PERPETUAL", "bids": [[4435.8, 22344.0], [4435.45, 798.0], [4435.1, 33600.0], [4434.9, 25000.0], [4434.65, 12772.0], [4434.6, 64005.0], [4434.55, 47188.0], [4434.5, 178.0], [4434.45, 22574.0], [4434.25, 13151.0], [4434.0, 70037.0], [4433.95, 2529.0], [4433.8, 12649.0], [4433.75, 53.0], [4433.65, 13499.0], [4433.6, 12656.0], [4433.5, 2656.0], [4433.45, 17762.0], [4433.4, 100800.0], [4433.3, 12634.0]], "asks": [[4435.85, 79692.0], [4435.9, 25000.0], [4436.05, 33600.0], [4436.15, 24800.0], [4436.2, 137956.0], [4436.35, 1307.0], [4436.45, 50000.0], [4436.55, 1065.0], [4436.65, 30612.0], [4436.7, 25816.0], [4437.0, 12768.0], [4437.1, 6377.0], [4437.15, 12565.0], [4437.2, 20808.0], [4437.25, 100800.0], [4437.35, 56757.0], [4437.5, 12768.0], [4437.8, 2534.0], [4437.9, 12768.0], [4437.95, 34485.0]]}}}
{"jsonrpc": "2.0", "method": "subscription", "params": {"channel": "book.ETH-PERPETUAL.none.20.100ms", "data": {"timestamp": 1758035322976, "change_id": 86754300457, "instrument_name": "ETH-PERPETUAL", "bids": [[4435.8, 22344.0], [4435.45, 798.0], [4435.1, 33600.0], [4434.9, 25000.0], [4434.65, 12772.0], [4434.6, 64005.0], [4434.55, 47188.0], [4434.5, 178.0], [4434.45, 22574.0], [4434.25, 13151.0], [4434.0, 70037.0], [4433.95, 2529.0], [4433.8, 12649.0], [4433.75, 53.0], [4433.65, 13499.0], [4433.6, 12656.0], [4433.5, 2656.0], [4433.45, 17762.0], [4433.4, 100800.0], [4433.3, 12634.0]], "asks": [[4435.85, 80839.0], [4435.9, 25000.0], [4436.05, 33600.0], [4436.15, 24800.0], [4436.2, 137956.0], [4436.35, 1307.0], [4436.5, 50000.0], [4436.55, 1065.0], [4436.65, 30612.0], [4436.7, 25816.0], [4437.0, 12768.0], [4437.1, 6377.0], [4437.15, 12565.0], [4437.2, 20808.0], [4437.25, 100800.0], [4437.35, 56757.0], [4437.5, 12768.0], [4437.8, 2534.0], [4437.9, 12768.0], [4437.95, 34485.0]]}}}
{"jsonrpc": "2.0", "method": "subscription", "params": {"channel": "book.ETH-PERPETUAL.none.20.100ms", "data": {"timestamp": 1758035323319, "change_id": 86754301784, "instrument_name": "ETH-PERPETUAL", "bids": [[4435.3, 1831.0], [4434.65, 58600.0], [4434.5, 178.0], [4434.25, 379.0], [4434.05, 20808.0], [4434.0, 50.0], [4433.9, 20000.0], [4433.85, 19987.0], [4433.8, 33457.0], [4433.75, 6529.0], [4433.7, 13499.0], [4433.6, 12656.0], [4433.5, 52656.0], [4433.3, 12634.0], [4433.25, 26.0], [4433.2, 17762.0], [4433.1, 19723.0], [4433.05, 2534.0], [4433.0, 61.0], [4432.95, 100800.0]], "asks": [[4435.35, 38518.0], [4435.5, 137958.0], [4435.55, 58400.0], [4435.65, 25000.0], [4435.8, 24800.0], [4435.85, 30688.0], [4435.95, 24800.0], [4436.0, 2574.0], [4436.15, 50000.0], [4436.35, 1307.0], [4436.4, 20808.0], [4436.55, 1065.0], [4436.6, 6375.0], [4436.65, 30612.0], [4436.7, 38575.0], [4436.8, 6375.0], [4437.0, 12768.0], [4437.1, 6377.0], [4437.15, 2574.0], [4437.25, 100800.0]]}}}
{"jsonrpc": "2.0", "method": "subscription", "params": {"channel": "book.ETH-PERPETUAL.none.20.100ms", "data": {"timestamp": 1758035323624, "change_id": 86754302323, "instrument_name": "ETH-PERPETUAL", "bids": [[4435.3, 1033.0], [4435.05, 798.0], [4434.65, 58600.0], [4434.5, 178.0], [4434.4, 78292.0], [4434.25, 479.0], [4434.2, 20000.0], [4434.05, 20808.0], [4434.0, 20050.0], [4433.85, 19987.0], [4433.8, 33457.0], [4433.75, 6429.0], [4433.7, 13499.0], [4433.65, 34.0], [4433.6, 12656.0], [4433.5, 2656.0], [4433.3, 12634.0], [4433.25, 26.0], [4433.2, 17762.0], [4433.1, 19723.0]], "asks": [[4435.35, 54518.0], [4435.5, 137958.0], [4435.55, 58400.0], [4435.65, 25000.0], [4435.8, 24800.0], [4435.85, 14646.0], [4435.95, 24800.0], [4436.0, 2574.0], [4436.15, 50000.0], [4436.35, 1307.0], [4436.4, 20808.0], [4436.55, 1065.0], [4436.6, 6375.0], [4436.65, 30612.0], [4436.7, 38575.0], [4437.0, 12768.0], [4437.15, 2574.0], [4437.25, 100800.0], [4437.35, 56757.0], [4437.45, 34485.0]]}}}
{"jsonrpc": "2.0", "method": "subscription", "params": {"channel": "book.ETH-PERPETUAL.none.20.100ms", "data": {"timestamp": 1758035323961, "change_id": 86754302577, "instrument_name": "ETH-PERPETUAL", "bids": [[4435.3, 1033.0], [4435.05, 798.0], [4434.65, 33600.0], [4434.5, 178.0], [4434.4, 103292.0], [4434.25, 479.0], [4434.2, 20000.0], [4434.05, 20808.0], [4434.0, 20050.0], [4433.85, 19987.0], [4433.8, 33457.0], [4433.75, 6429.0], [4433.7, 13499.0], [4433.65, 34.0], [4433.6, 12656.0], [4433.5, 2656.0], [4433.3, 12634.0], [4433.25, 26.0], [4433.2, 17762.0], [4433.1, 19723.0]], "asks": [[4435.35, 54518.0], [4435.4, 5000.0], [4435.5, 137958.0], [4435.55, 58400.0], [4435.65, 25000.0], [4435.8, 24800.0], [4435.85, 14646.0], [4435.95, 24800.0], [4436.0, 2574.0], [4436.15, 50000.0], [4436.35, 1307.0], [4436.4, 20808.0], [4436.55, 1065.0], [4436.6, 6375.0], [4436.65, 40603.0], [4436.7, 38575.0], [4437.0, 12768.0], [4437.15, 2574.0], [4437.25, 100800.0], [4437.35, 56757.0]]}}}
{"jsonrpc": "2.0", "method": "subscription", "params": {"channel": "book.ETH-PERPETUAL.none.20.100ms", "data": {"timestamp": 1758035324256, "change_id": 86754302965, "instrument_name": "ETH-PERPETUAL", "bids": [[4435.3, 1033.0], [4435.05, 798.0], [4434.65, 33600.0], [4434.5, 178.0], [4434.4, 103292.0], [4434.25, 479.0], [4434.2, 20000.0], [4434.05, 20808.0], [4434.0, 20050.0], [4433.85, 19987.0], [4433.8, 33457.0], [4433.75, 6429.0], [4433.7, 13499.0], [4433.65, 34.0], [4433.6, 12656.0], [4433.5, 2656.0], [4433.3, 12634.0], [4433.25, 26.0], [4433.2, 17762.0], [4433.1, 19723.0]], "asks": [[4435.35, 54518.0], [4435.4, 5000.0], [4435.5, 137958.0], [4435.55, 33600.0], [4435.65, 25000.0], [4435.8, 24800.0], [4435.85, 14646.0], [4435.95, 24800.0], [4436.0, 2574.0], [4436.15, 50000.0], [4436.35, 1307.0], [4436.4, 20808.0], [4436.6, 6375.0], [4436.65, 40603.0], [4436.7, 38575.0], [4437.0, 12768.0], [4437.15, 2574.0], [4437.25, 100800.0], [4437.45, 34485.0], [4437.5, 62768.0]]}}}
{"jsonrpc": "2.0", "method": "subscription", "params": {"channel": "book.ETH-PERPETUAL.none.20.100ms", "data": {"timestamp": 1758035324538, "change_id": 86754303392, "instrument_name": "ETH-PERPETUAL", "bids": [[4435.3, 1033.0], [4435.05, 798.0], [4434.65, 33600.0], [4434.5, 20178.0], [4434.4, 103292.0], [4434.35, 20000.0], [4434.25, 479.0], [4434.05, 20808.0], [4434.0, 50.0], [4433.85, 19987.0], [4433.8, 33457.0], [4433.75, 6429.0], [4433.7, 13499.0], [4433.65, 34.0], [4433.6, 12656.0], [4433.5, 2656.0], [4433.3, 12634.0], [4433.25, 26.0], [4433.2, 17762.0], [4433.1, 19723.0]], "asks": [[4435.35, 54518.0], [4435.4, 5000.0], [4435.5, 137958.0], [4435.55, 33600.0], [4435.65, 25000.0], [4435.8, 24800.0], [4435.85, 14646.0], [4435.95, 24800.0], [4436.0, 2574.0], [4436.15, 50000.0], [4436.35, 1307.0], [4436.4, 20808.0], [4436.6, 6375.0], [4436.65, 40603.0], [4436.7, 38575.0], [4436.95, 53784.0], [4437.0, 12768.0], [4437.15, 2574.0], [4437.25, 100800.0], [4437.45, 34485.0]]}}}
{"jsonrpc": "2.0", "method": "subscription", "params": {"channel": "book.ETH-PERPETUAL.none.20.100ms", "data": {"timestamp": 1758035324972, "change_id": 86754303863, "instrument_name": "ETH-PERPETUAL", "bids": [[4435.05, 1831.0], [4434.65, 33600.0], [4434.5, 178.0], [4434.4, 25000.0], [4434.25, 479.0], [4434.1, 20000.0], [4434.05, 27177.0], [4434.0, 50.0], [4433.8, 32636.0], [4433.75, 6429.0], [4433.65, 34.0], [4433.6, 12656.0], [4433.5, 52656.0], [4433.3, 12634.0], [4433.25, 26.0], [4433.2, 17762.0], [4433.1, 19723.0], [4433.05, 2534.0], [4433.0, 61.0], [4432.95, 100800.0]], "asks": [[4435.1, 64354.0], [4435.15, 22201.0], [4435.2, 24800.0], [4435.3, 24800.0], [4435.45, 20800.0], [4435.5, 137958.0], [4435.55, 33600.0], [4435.85, 14646.0], [4436.0, 2574.0], [4436.15, 50000.0], [4436.35, 1307.0], [4436.4, 20808.0], [4436.6, 6375.0], [4436.65, 40603.0], [4436.7, 33567.0], [4436.95, 53784.0], [4437.0, 12768.0], [4437.15, 2574.0], [4437.25, 100800.0], [4437.45, 34485.0]]}}}
{"jsonrpc": "2.0", "method": "subscription", "params": {"channel": "book.ETH-PERPETUAL.none.20.100ms", "data": {"timestamp": 1758035325301, "change_id": 86754305191, "instrument_name": "ETH-PERPETUAL", "bids": [[4435.05, 1033.0], [4434.7, 25598.0], [4434.65, 33600.0], [4434.5, 178.0], [4434.25, 379.0], [4434.15, 25000.0], [4434.05, 72550.0], [4434.0, 50.0], [4433.8, 20000.0], [4433.75, 20053.0], [4433.7, 12743.0], [4433.65, 34.0], [4433.6, 27277.0], [4433.5, 52656.0], [4433.35, 19987.0], [4433.3, 12634.0], [4433.25, 26.0], [4433.1, 12682.0], [4433.05, 16033.0], [4433.0, 61.0]], "asks": [[4435.1, 65555.0], [4435.15, 39200.0], [4435.2, 171577.0], [4435.35, 25000.0], [4435.45, 1306.0], [4435.65, 5008.0], [4435.7, 50000.0], [4435.85, 14646.0], [4435.9, 100800.0], [4435.95, 20808.0], [4436.0, 2574.0], [4436.25, 12750.0], [4436.35, 6367.0], [4436.4, 20808.0], [4436.65, 9991.0], [4436.7, 12759.0], [4436.95, 53784.0], [4437.0, 12768.0], [4437.1, 34485.0], [4437.15, 2574.0]]}}}
{"jsonrpc": "2.0", "method": "subscription", "params": {"channel": "book.ETH-PERPETUAL.none.20.100ms", "data": {"timestamp": 1758035325600, "change_id": 86754305745, "instrument_name": "ETH-PERPETUAL", "bids": [[4435.05, 1033.0], [4434.7, 25598.0], [4434.65, 33600.0], [4434.5, 178.0], [4434.25, 379.0], [4434.15, 25000.0], [4434.05, 92550.0], [4434.0, 50050.0], [4433.85, 100.0], [4433.8, 20000.0], [4433.75, 53.0], [4433.7, 12743.0], [4433.65, 34.0], [4433.6, 27177.0], [4433.5, 2656.0], [4433.3, 12634.0], [4433.25, 26.0], [4433.15, 19987.0], [4433.1, 12682.0], [4433.05, 16033.0]], "asks": [[4435.1, 65555.0], [4435.15, 39200.0], [4435.2, 171577.0], [4435.35, 25000.0], [4435.45, 1306.0], [4435.65, 55008.0], [4435.85, 14646.0], [4435.9, 100800.0], [4435.95, 20808.0], [4436.0, 33182.0], [4436.25, 12750.0], [4436.35, 6367.0], [4436.4, 20808.0], [4436.65, 9991.0], [4436.7, 12759.0], [4436.95, 53784.0], [4437.0, 12768.0], [4437.1, 34485.0], [4437.15, 2574.0], [4437.5, 62768.0]]}}}
{"jsonrpc": "2.0", "method": "subscription", "params": {"channel": "book.ETH-PERPETUAL.none.20.100ms", "data": {"timestamp": 1758035325891, "change_id": 86754305960, "instrument_name": "ETH-PERPETUAL", "bids": [[4435.05, 1033.0], [4434.7, 25598.0], [4434.65, 33600.0], [4434.5, 178.0], [4434.25, 379.0], [4434.15, 25000.0], [4434.05, 92550.0], [4434.0, 50050.0], [4433.85, 100.0], [4433.8, 20000.0], [4433.75, 53.0], [4433.7, 12743.0], [4433.65, 34.0], [4433.6, 27177.0], [4433.5, 2656.0], [4433.3, 12634.0], [4433.25, 26.0], [4433.15, 19987.0], [4433.1, 12682.0], [4433.05, 16033.0]], "asks": [[4435.1, 65555.0], [4435.15, 39200.0], [4435.2, 171577.0], [4435.35, 25000.0], [4435.45, 1306.0], [4435.65, 5008.0], [4435.75, 50000.0], [4435.85, 14646.0], [4435.9, 100800.0], [4435.95, 20808.0], [4436.0, 33182.0], [4436.25, 12750.0], [4436.35, 6367.0], [4436.4, 20808.0], [4436.65, 9991.0], [4436.7, 12759.0], [4436.95, 53784.0], [4437.0, 12768.0], [4437.1, 34485.0], [4437.15, 2574.0]]}}}
{"jsonrpc": "2.0", "method": "subscription", "params": {"channel": "book.ETH-PERPETUAL.none.20.100ms", "data": {"timestamp": 1758035326260, "change_id": 86754306394, "instrument_name": "ETH-PERPETUAL", "bids": [[4435.05, 1033.0], [4434.7, 25598.0], [4434.65, 33600.0], [4434.5, 178.0], [4434.25, 379.0], [4434.15, 25000.0], [4434.05, 92550.0], [4434.0, 50050.0], [4433.85, 100.0], [4433.8, 20000.0], [4433.75, 53.0], [4433.7, 12743.0], [4433.65, 34.0], [4433.6, 27177.0], [4433.5, 2656.0], [4433.35, 19987.0], [4433.3, 12634.0], [4433.25, 26.0], [4433.1, 12682.0], [4433.05, 16033.0]], "asks": [[4435.1, 65555.0], [4435.15, 32500.0], [4435.2, 171577.0], [4435.35, 25000.0], [4435.45, 1306.0], [4435.65, 5008.0], [4435.75, 50000.0], [4435.85, 14646.0], [4435.9, 100800.0], [4435.95, 20808.0], [4436.0, 33182.0], [4436.25, 12750.0], [4436.35, 6367.0], [4436.4, 20808.0], [4436.65, 9991.0], [4436.7, 12759.0], [4437.0, 12768.0], [4437.1, 34485.0], [4437.15, 2574.0], [4437.5, 62768.0]]}}}
{"jsonrpc": "2.0", "method": "subscription", "params": {"channel": "book.ETH-PERPETUAL.none.20.100ms", "data": {"timestamp": 1758035326557, "change_id": 86754306807, "instrument_name": "ETH-PERPETUAL", "bids": [[4435.05, 1855.0], [4434.7, 25598.0], [4434.65, 33600.0], [4434.5, 178.0], [4434.25, 379.0], [4434.15, 25000.0], [4434.05, 92550.0], [4434.0, 50.0], [4433.85, 100.0], [4433.8, 20000.0], [4433.75, 53.0], [4433.7, 12743.0], [4433.65, 34.0], [4433.6, 27177.0], [4433.5, 52656.0], [4433.3, 12634.0], [4433.25, 26.0], [4433.15, 19987.0], [4433.1, 12682.0], [4433.05, 16033.0]], "asks": [[4435.1, 65555.0], [4435.15, 21000.0], [4435.2, 171577.0], [4435.35, 25000.0], [4435.45, 1306.0], [4435.65, 55008.0], [4435.85, 14646.0], [4435.9, 100800.0], [4435.95, 20808.0], [4436.0, 33182.0], [4436.25, 12750.0], [4436.35, 6367.0], [4436.4, 20808.0], [4436.5, 54607.0], [4436.65, 9991.0], [4436.7, 12759.0], [4437.0, 12768.0], [4437.1, 34485.0], [4437.15, 2574.0], [4437.5, 62768.0]]}}}
{"jsonrpc": "2.0", "method": "subscription", "params": {"channel": "book.ETH-PERPETUAL.none.20.100ms", "data": {"timestamp": 1758035326957, "change_id": 86754307155, "instrument_name": "ETH-PERPETUAL", "bids": [[4435.05, 1859.0], [4434.7, 25598.0], [4434.65, 33600.0], [4434.55, 25000.0], [4434.5, 50178.0], [4434.25, 379.0], [4434.05, 92550.0], [4434.0, 50.0], [4433.85, 100.0], [4433.8, 20000.0], [4433.75, 53.0], [4433.7, 12743.0], [4433.65, 34.0], [4433.6, 27177.0], [4433.5, 2656.0], [4433.35, 19987.0], [4433.3, 12634.0], [4433.25, 26.0], [4433.1, 12682.0], [4433.05, 16033.0]], "asks": [[4435.1, 48381.0], [4435.15, 16000.0], [4435.2, 171577.0], [4435.45, 1306.0], [4435.55, 2562.0], [4435.65, 30008.0], [4435.85, 14646.0], [4435.9, 100800.0], [4435.95, 70808.0], [4436.0, 33182.0], [4436.25, 12750.0], [4436.35, 6367.0], [4436.4, 20808.0], [4436.45, 2562.0], [4436.5, 54607.0], [4436.65, 9991.0], [4436.7, 12759.0], [4437.0, 12768.0], [4437.1, 34485.0], [4437.15, 2574.0]]}}}
{"jsonrpc": "2.0", "method": "subscription", "params": {"channel": "book.ETH-PERPETUAL.none.20.100ms", "data": {"timestamp": 1758035327285, "change_id": 86754307597, "instrument_name": "ETH-PERPETUAL", "bids": [[4435.05, 2374.0], [4434.9, 798.0], [4434.7, 24800.0], [4434.65, 33600.0], [4434.5, 50178.0], [4434.3, 25000.0], [4434.25, 379.0], [4434.15, 20000.0], [4434.1, 100.0], [4434.05, 92550.0], [4434.0, 50.0], [4433.75, 53.0], [4433.7, 12743.0], [4433.65, 34.0], [4433.6, 27177.0], [4433.55, 19987.0], [4433.5, 2656.0], [4433.3, 12634.0], [4433.25, 26.0], [4433.1, 12682.0]], "asks": [[4435.1, 75785.0], [4435.15, 16000.0], [4435.2, 171577.0], [4435.5, 25000.0], [4435.55, 2562.0], [4435.65, 5008.0], [4435.85, 14646.0], [4435.9, 100800.0], [4435.95, 20808.0], [4436.0, 33182.0], [4436.05, 50000.0], [4436.15, 1307.0], [4436.25, 12750.0], [4436.35, 6367.0], [4436.4, 20808.0], [4436.45, 2562.0], [4436.5, 54607.0], [4436.65, 9991.0], [4436.7, 12759.0], [4437.0, 12768.0]]}}}
{"jsonrpc": "2.0", "method": "subscription", "params": {"channel": "book.ETH-PERPETUAL.none.20.100ms", "data": {"timestamp": 1758035327611, "change_id": 86754308626, "instrument_name": "ETH-PERPETUAL", "bids": [[4435.05, 22052.0], [4434.9, 798.0], [4434.7, 24800.0], [4434.65, 33600.0], [4434.5, 178.0], [4434.4, 25000.0], [4434.25, 379.0], [4434.15, 22562.0], [4434.1, 100.0], [4434.05, 92550.0], [4434.0, 50.0], [4433.8, 6353.0], [4433.75, 20040.0], [4433.7, 12743.0], [4433.65, 34.0], [4433.6, 27177.0], [4433.5, 52656.0], [4433.35, 17762.0], [4433.3, 12634.0], [4433.25, 26.0]], "asks": [[4435.1, 36124.0], [4435.2, 33600.0], [4435.55, 2562.0], [4435.65, 5008.0], [4435.9, 100800.0], [4435.95, 20808.0], [4436.0, 2574.0], [4436.15, 1357.0], [4436.25, 28750.0], [4436.35, 6367.0], [4436.4, 20808.0], [4436.45, 2562.0], [4436.7, 12759.0], [4437.0, 62768.0], [4437.15, 2574.0], [4437.5, 62768.0], [4437.8, 2534.0], [4437.9, 12768.0], [4438.1, 30000.0], [4438.25, 15305.0]]}}}
{"jsonrpc": "2.0", "method": "subscription", "params": {"channel": "book.ETH-PERPETUAL.none.20.100ms", "data": {"timestamp": 1758035327942, "change_id": 86754309055, "instrument_name": "ETH-PERPETUAL", "bids": [[4435.05, 4647.0], [4434.7, 24800.0], [4434.65, 33600.0], [4434.5, 178.0], [4434.35, 20100.0], [4434.25, 25379.0], [4434.15, 22562.0], [4434.05, 72550.0], [4434.0, 50050.0], [4433.8, 6353.0], [4433.75, 53.0], [4433.7, 12743.0], [4433.65, 20021.0], [4433.6, 20808.0], [4433.5, 2656.0], [4433.3, 12634.0], [4433.25, 26.0], [4433.15, 17762.0], [4433.1, 12682.0], [4433.05, 17189.0]], "asks": [[4435.1, 34142.0], [4435.2, 33600.0], [4435.35, 25000.0], [4435.5, 16000.0], [4435.55, 2562.0], [4435.6, 138297.0], [4435.65, 5008.0], [4435.75, 13499.0], [4435.9, 100800.0], [4435.95, 20808.0], [4436.0, 2574.0], [4436.15, 1307.0], [4436.25, 12750.0], [4436.35, 6367.0], [4436.4, 20808.0], [4436.45, 2562.0], [4436.5, 50000.0], [4436.7, 12759.0], [4436.75, 7174.0], [4437.0, 12768.0]]}}}
{"jsonrpc": "2.0", "method": "subscription", "params": {"channel": "book.ETH-PERPETUAL.none.20.100ms", "data": {"timestamp": 1758035328273, "change_id": 86754309519, "instrument_name": "ETH-PERPETUAL", "bids": [[4435.05, 41907.0], [4435.0, 50000.0], [4434.7, 24800.0], [4434.65, 33600.0], [4434.6, 25000.0], [4434.5, 20178.0], [4434.35, 20100.0], [4434.25, 379.0], [4434.15, 2562.0], [4434.05, 72550.0], [4434.0, 50.0], [4433.8, 6353.0], [4433.75, 53.0], [4433.7, 12743.0], [4433.65, 20021.0], [4433.6, 20808.0], [4433.5, 2656.0], [4433.3, 12634.0], [4433.25, 26.0], [4433.15, 17762.0]], "asks": [[4435.1, 50142.0], [4435.2, 33600.0], [4435.55, 2562.0], [4435.6, 163297.0], [4435.65, 5008.0], [4435.7, 5000.0], [4435.75, 13499.0], [4435.9, 100800.0], [4435.95, 20808.0], [4436.0, 2574.0], [4436.15, 1307.0], [4436.2, 30609.0], [4436.25, 12750.0], [4436.35, 6367.0], [4436.4, 20808.0], [4436.45, 2562.0], [4436.7, 13906.0], [4436.75, 7174.0], [4436.8, 50000.0], [4436.9, 19663.0]]}}}
{"jsonrpc": "2.0", "method": "subscription", "params": {"channel": "book.ETH-PERPETUAL.none.20.100ms", "data": {"timestamp": 1758035328607, "change_id": 86754310080, "instrument_name": "ETH-PERPETUAL", "bids": [[4435.05, 17107.0], [4434.7, 24800.0], [4434.65, 33600.0], [4434.5, 20178.0], [4434.35, 25100.0], [4434.3, 20000.0], [4434.25, 379.0], [4434.15, 2562.0], [4434.05, 72550.0], [4434.0, 50050.0], [4433.8, 6353.0], [4433.75, 20040.0], [4433.7, 12743.0], [4433.65, 34.0], [4433.6, 20808.0], [4433.5, 2656.0], [4433.3, 12634.0], [4433.25, 26.0], [4433.15, 17762.0], [4433.1, 12682.0]], "asks": [[4435.1, 45310.0], [4435.2, 33600.0], [4435.4, 25000.0], [4435.55, 2562.0], [4435.6, 138297.0], [4435.65, 5008.0], [4435.75, 13499.0], [4435.9, 100800.0], [4435.95, 20808.0], [4436.0, 2574.0], [4436.15, 1307.0], [4436.2, 30609.0], [4436.25, 12750.0], [4436.35, 6367.0], [4436.4, 20808.0], [4436.45, 2562.0], [4436.6, 50000.0], [4436.7, 13906.0], [4436.75, 7174.0], [4436.9, 19663.0]]}}}
{"jsonrpc": "2.0", "method": "subscription", "params": {"channel": "book.ETH-PERPETUAL.none.20.100ms", "data": {"timestamp": 1758035328870, "change_id": 86754310264, "instrument_name": "ETH-PERPETUAL", "bids": [[4435.05, 17107.0], [4434.7, 24800.0], [4434.65, 33600.0], [4434.6, 45000.0], [4434.5, 20178.0], [4434.35, 100.0], [4434.25, 379.0], [4434.15, 2562.0], [4434.05, 72550.0], [4434.0, 50050.0], [4433.8, 6353.0], [4433.75, 20040.0], [4433.7, 12743.0], [4433.65, 34.0], [4433.6, 20808.0], [4433.5, 2656.0], [4433.3, 12634.0], [4433.25, 26.0], [4433.15, 17762.0], [4433.1, 12682.0]], "asks": [[4435.1, 44981.0], [4435.2, 33600.0], [4435.55, 2562.0], [4435.6, 138297.0], [4435.65, 30008.0], [4435.75, 13499.0], [4435.9, 100800.0], [4435.95, 20808.0], [4436.0, 2574.0], [4436.15, 1307.0], [4436.2, 30609.0], [4436.25, 12750.0], [4436.35, 6367.0], [4436.4, 20808.0], [4436.45, 2562.0], [4436.6, 50000.0], [4436.7, 13906.0], [4436.75, 7174.0], [4436.85, 56349.0], [4436.9, 19663.0]]}}}
{"jsonrpc": "2.0", "method": "subscription", "params": {"channel": "book.ETH-PERPETUAL.none.20.100ms", "data": {"timestamp": 1758035329271, "change_id": 86754310621, "instrument_name": "ETH-PERPETUAL", "bids": [[4435.05, 17058.0], [4435.0, 50000.0], [4434.7, 24800.0], [4434.65, 33600.0], [4434.6, 45000.0], [4434.5, 20178.0], [4434.35, 100.0], [4434.25, 379.0], [4434.15, 2562.0], [4434.05, 72550.0], [4434.0, 50.0], [4433.8, 6353.0], [4433.75, 20040.0], [4433.7, 12743.0], [4433.65, 34.0], [4433.6, 20808.0], [4433.5, 2656.0], [4433.3, 12634.0], [4433.25, 26.0], [4433.15, 17762.0]], "asks": [[4435.1, 50266.0], [4435.2, 33600.0], [4435.5, 25000.0], [4435.55, 27362.0], [4435.6, 138297.0], [4435.65, 5008.0], [4435.75, 13499.0], [4435.9, 100800.0], [4435.95, 20808.0], [4436.0, 2574.0], [4436.15, 1307.0], [4436.2, 30609.0], [4436.25, 12750.0], [4436.35, 6367.0], [4436.4, 20808.0], [4436.45, 2562.0], [4436.55, 50000.0], [4436.7, 13906.0], [4436.75, 7174.0], [4436.85, 56349.0]]}}}
{"jsonrpc": "2.0", "method": "subscription", "params": {"channel": "book.ETH-PERPETUAL.none.20.100ms", "data": {"timestamp": 1758035329582, "change_id": 86754311131, "instrument_name": "ETH-PERPETUAL", "bids": [[4435.05, 35296.0], [4434.7, 24800.0], [4434.65, 33600.0], [4434.5, 95178.0], [4434.35, 100.0], [4434.25, 20379.0], [4434.15, 2562.0], [4434.05, 72550.0], [4434.0, 50.0], [4433.8, 6353.0], [4433.75, 20040.0], [4433.7, 12743.0], [4433.65, 34.0], [4433.6, 20808.0], [4433.5, 2656.0], [4433.3, 12634.0], [4433.25, 26.0], [4433.15, 17762.0], [4433.1, 12682.0], [4433.05, 17189.0]], "asks": [[4435.1, 50871.0], [4435.2, 33600.0], [4435.5, 25000.0], [4435.55, 32362.0], [4435.6, 138297.0], [4435.65, 5008.0], [4435.75, 13499.0], [4435.9, 100800.0], [4435.95, 20808.0], [4436.0, 2574.0], [4436.15, 1307.0], [4436.2, 30609.0], [4436.25, 12750.0], [4436.35, 6367.0], [4436.4, 20808.0], [4436.45, 2562.0], [4436.5, 50000.0], [4436.7, 13906.0], [4436.75, 7174.0], [4436.85, 56349.0]]}}}
{"jsonrpc": "2.0", "method": "subscription", "params": {"channel": "book.ETH-PERPETUAL.none.20.100ms", "data": {"timestamp": 1758035329877, "change_id": 86754311391, "instrument_name": "ETH-PERPETUAL", "bids": [[4435.05, 35296.0], [4434.7, 24800.0], [4434.65, 33600.0], [4434.55, 20000.0], [4434.5, 45178.0], [4434.35, 100.0], [4434.25, 379.0], [4434.15, 2562.0], [4434.05, 72550.0], [4434.0, 50050.0], [4433.8, 6353.0], [4433.75, 20040.0], [4433.7, 12743.0], [4433.65, 34.0], [4433.6, 20808.0], [4433.5, 2656.0], [4433.3, 12634.0], [4433.25, 26.0], [4433.15, 17762.0], [4433.1, 12682.0]], "asks": [[4435.1, 44941.0], [4435.2, 33600.0], [4435.5, 25000.0], [4435.55, 27362.0], [4435.6, 138297.0], [4435.65, 5008.0], [4435.75, 13499.0], [4435.9, 100800.0], [4435.95, 20808.0], [4436.0, 2574.0], [4436.15, 1307.0], [4436.2, 30609.0], [4436.25, 12750.0], [4436.35, 6367.0], [4436.4, 20808.0], [4436.45, 2562.0], [4436.7, 13906.0], [4436.75, 7174.0], [4436.8, 50000.0], [4436.85, 56349.0]]}}}
{"jsonrpc": "2.0", "method": "subscription", "params": {"channel": "book.ETH-PERPETUAL.none.20.100ms", "data": {"timestamp": 1758035330235, "change_id": 86754311755, "instrument_name": "ETH-PERPETUAL", "bids": [[4435.05, 60096.0], [4435.0, 50000.0], [4434.7, 24800.0], [4434.65, 33600.0], [4434.6, 24500.0], [4434.55, 20000.0], [4434.5, 45178.0], [4434.25, 379.0], [4434.15, 2562.0], [4434.05, 72550.0], [4434.0, 50.0], [4433.8, 6353.0], [4433.75, 20040.0], [4433.7, 12743.0], [4433.65, 34.0], [4433.6, 20808.0], [4433.5, 2656.0], [4433.3, 12634.0], [4433.25, 26.0], [4433.15, 17762.0]], "asks": [[4435.1, 44701.0], [4435.2, 33600.0], [4435.5, 25000.0], [4435.55, 2562.0], [4435.6, 138297.0], [4435.65, 5008.0], [4435.75, 13499.0], [4435.9, 100800.0], [4435.95, 20808.0], [4436.0, 2574.0], [4436.15, 1307.0], [4436.2, 30609.0], [4436.25, 12750.0], [4436.35, 7432.0], [4436.4, 20808.0], [4436.45, 2562.0], [4436.65, 50000.0], [4436.7, 13906.0], [4436.75, 7174.0], [4436.85, 56349.0]]}}}
{"jsonrpc": "2.0", "method": "subscription", "params": {"channel": "book.ETH-PERPETUAL.none.20.100ms", "data": {"timestamp": 1758035330571, "change_id": 86754312142, "instrument_name": "ETH-PERPETUAL", "bids": [[4435.05, 58597.0], [4434.7, 24800.0], [4434.65, 33600.0], [4434.6, 24500.0], [4434.55, 20000.0], [4434.5, 45178.0], [4434.25, 379.0], [4434.15, 2562.0], [4434.05, 72550.0], [4434.0, 50050.0], [4433.8, 6353.0], [4433.75, 20040.0], [4433.7, 12743.0], [4433.65, 34.0], [4433.6, 20808.0], [4433.5, 2656.0], [4433.3, 12634.0], [4433.25, 26.0], [4433.15, 17762.0], [4433.1, 12682.0]], "asks": [[4435.1, 44701.0], [4435.2, 33600.0], [4435.5, 25000.0], [4435.55, 2562.0], [4435.6, 138297.0], [4435.65, 5008.0], [4435.75, 13499.0], [4435.9, 100800.0], [4435.95, 20808.0], [4436.0, 2574.0], [4436.15, 1307.0], [4436.2, 30609.0], [4436.25, 12750.0], [4436.35, 7432.0], [4436.4, 20808.0], [4436.45, 2562.0], [4436.7, 13906.0], [4436.75, 57174.0], [4436.9, 19663.0], [4437.0, 12768.0]]}}}
{"jsonrpc": "2.0", "method": "subscription", "params": {"channel": "book.ETH-PERPETUAL.none.20.100ms", "data": {"timestamp": 1758035330908, "change_id": 86754312448, "instrument_name": "ETH-PERPETUAL", "bids": [[4435.05, 4647.0], [4434.7, 24800.0], [4434.65, 33600.0], [4434.6, 100.0], [4434.55, 20000.0], [4434.5, 45178.0], [4434.25, 379.0], [4434.15, 2562.0], [4434.05, 72550.0], [4434.0, 50050.0], [4433.8, 6353.0], [4433.75, 20040.0], [4433.7, 12743.0], [4433.65, 34.0], [4433.6, 20808.0], [4433.5, 2656.0], [4433.3, 12634.0], [4433.25, 26.0], [4433.15, 17762.0], [4433.1, 12682.0]], "asks": [[4435.1, 51552.0], [4435.2, 33600.0], [4435.35, 25000.0], [4435.55, 2562.0], [4435.6, 138297.0], [4435.65, 5008.0], [4435.75, 13499.0], [4435.9, 100800.0], [4435.95, 20808.0], [4436.0, 2574.0], [4436.15, 1307.0], [4436.2, 30609.0], [4436.25, 12750.0], [4436.35, 7432.0], [4436.4, 20808.0], [4436.45, 2562.0], [4436.5, 50000.0], [4436.7, 13906.0], [4436.75, 7174.0], [4436.9, 19663.0]]}}}
{"jsonrpc": "2.0", "method": "subscription", "params": {"channel": "book.ETH-PERPETUAL.none.20.100ms", "data": {"timestamp": 1758035331237, "change_id": 86754312777, "instrument_name": "ETH-PERPETUAL", "bids": [[4435.05, 41392.0], [4434.7, 24800.0], [4434.65, 33600.0], [4434.6, 100.0], [4434.55, 20000.0], [4434.5, 45178.0], [4434.25, 379.0], [4434.15, 2562.0], [4434.05, 72550.0], [4434.0, 50050.0], [4433.8, 6353.0], [4433.75, 20040.0], [4433.7, 12743.0], [4433.65, 34.0], [4433.6, 20808.0], [4433.5, 2656.0], [4433.3, 12634.0], [4433.25, 26.0], [4433.15, 17762.0], [4433.1, 12682.0]], "asks": [[4435.1, 51552.0], [4435.2, 33600.0], [4435.35, 25000.0], [4435.55, 27362.0], [4435.6, 138297.0], [4435.65, 5008.0], [4435.75, 13499.0], [4435.9, 100800.0], [4435.95, 20808.0], [4436.0, 2574.0], [4436.15, 1307.0], [4436.2, 30609.0], [4436.25, 12750.0], [4436.35, 7432.0], [4436.4, 20808.0], [4436.45, 2562.0], [4436.5, 50000.0], [4436.7, 13906.0], [4436.75, 7174.0], [4436.9, 19663.0]]}}}
{"jsonrpc": "2.0", "method": "subscription", "params": {"channel": "book.ETH-PERPETUAL.none.20.100ms", "data": {"timestamp": 1758035331579, "change_id": 86754313241, "instrument_name": "ETH-PERPETUAL", "bids": [[4435.05, 41907.0], [4434.7, 24800.0], [4434.65, 33600.0], [4434.6, 100.0], [4434.55, 20000.0], [4434.5, 95178.0], [4434.25, 379.0], [4434.15, 2562.0], [4434.05, 72550.0], [4434.0, 50.0], [4433.8, 6353.0], [4433.75, 20040.0], [4433.7, 12743.0], [4433.65, 34.0], [4433.6, 20808.0], [4433.5, 2656.0], [4433.3, 12634.0], [4433.25, 26.0], [4433.15, 17762.0], [4433.1, 12682.0]], "asks": [[4435.1, 44941.0], [4435.2, 33600.0], [4435.35, 25000.0], [4435.55, 2562.0], [4435.6, 138297.0], [4435.65, 5008.0], [4435.75, 13499.0], [4435.9, 100800.0], [4435.95, 20808.0], [4436.0, 2574.0], [4436.15, 1307.0], [4436.2, 30609.0], [4436.25, 12750.0], [4436.35, 7432.0], [4436.4, 20808.0], [4436.45, 2562.0], [4436.5, 50000.0], [4436.7, 13906.0], [4436.75, 7174.0], [4436.9, 19663.0]]}}}
{"jsonrpc": "2.0", "method": "subscription", "params": {"channel": "book.ETH-PERPETUAL.none.20.100ms", "data": {"timestamp": 1758035331914, "change_id": 86754313795, "instrument_name": "ETH-PERPETUAL", "bids": [[4435.05, 64050.0], [4434.95, 58600.0], [4434.75, 19987.0], [4434.7, 24800.0], [4434.6, 2562.0], [4434.5, 70178.0], [4434.25, 379.0], [4434.15, 2562.0], [4434.1, 17762.0], [4434.05, 72550.0], [4434.0, 50.0], [4433.8, 6353.0], [4433.75, 53.0], [4433.7, 12743.0], [4433.65, 34.0], [4433.6, 20808.0], [4433.5, 2656.0], [4433.3, 12634.0], [4433.25, 26.0], [4433.1, 12682.0]], "asks": [[4435.1, 10200.0], [4435.2, 33600.0], [4435.7, 50.0], [4435.9, 101947.0], [4436.0, 25000.0], [4436.25, 12750.0], [4436.35, 7432.0], [4436.4, 20808.0], [4436.45, 7571.0], [4436.7, 12759.0], [4436.9, 19663.0], [4437.0, 12768.0], [4437.15, 2574.0], [4437.4, 50240.0], [4437.5, 12768.0], [4437.75, 34485.0], [4437.8, 2534.0], [4437.9, 12768.0], [4438.1, 30000.0], [4438.25, 15305.0]]}}}
{"jsonrpc": "2.0", "method": "subscription", "params": {"channel": "book.ETH-PERPETUAL.none.20.100ms", "data": {"timestamp": 1758035332243, "change_id": 86754314463, "instrument_name": "ETH-PERPETUAL", "bids": [[4435.05, 84989.0], [4435.0, 94787.0], [4434.95, 58600.0], [4434.85, 24800.0], [4434.8, 138212.0], [4434.6, 2562.0], [4434.5, 178.0], [4434.25, 379.0], [4434.2, 17762.0], [4434.15, 2562.0], [4434.05, 20808.0], [4434.0, 50.0], [4433.8, 6353.0], [4433.75, 53.0], [4433.7, 12743.0], [4433.65, 34.0], [4433.6, 20808.0], [4433.5, 2656.0], [4433.3, 12634.0], [4433.25, 26.0]], "asks": [[4435.1, 10200.0], [4435.95, 33600.0], [4436.0, 105614.0], [4436.05, 50.0], [4436.25, 12691.0], [4436.35, 7432.0], [4436.4, 20808.0], [4436.45, 21070.0], [4436.5, 14000.0], [4436.7, 12759.0], [4436.75, 100800.0], [4437.0, 12768.0], [4437.15, 3881.0], [4437.4, 240.0], [4437.45, 55987.0], [4437.5, 12768.0], [4437.7, 50000.0], [4437.8, 2534.0], [4437.9, 12768.0], [4438.1, 30000.0]]}}}
{"jsonrpc": "2.0", "method": "subscription", "params": {"channel": "book.ETH-PERPETUAL.none.20.100ms", "data": {"timestamp": 1758035332579, "change_id": 86754314952, "instrument_name": "ETH-PERPETUAL", "bids": [[4435.05, 104976.0], [4435.0, 74800.0], [4434.95, 58600.0], [4434.85, 24800.0], [4434.8, 138212.0], [4434.6, 2562.0], [4434.5, 178.0], [4434.25, 379.0], [4434.2, 17762.0], [4434.15, 2562.0], [4434.05, 20808.0], [4434.0, 50.0], [4433.8, 6353.0], [4433.75, 53.0], [4433.7, 12743.0], [4433.65, 34.0], [4433.6, 20808.0], [4433.5, 2656.0], [4433.3, 12634.0], [4433.25, 26.0]], "asks": [[4435.1, 10200.0], [4435.95, 33600.0], [4436.0, 105614.0], [4436.05, 50.0], [4436.25, 12691.0], [4436.35, 7432.0], [4436.4, 20808.0], [4436.45, 21070.0], [4436.5, 14000.0], [4436.7, 12759.0], [4436.75, 100800.0], [4437.0, 12768.0], [4437.15, 5028.0], [4437.4, 240.0], [4437.5, 12768.0], [4437.65, 50000.0], [4437.8, 2534.0], [4437.9, 12768.0], [4438.1, 30000.0], [4438.15, 34485.0]]}}}
{"jsonrpc": "2.0", "method": "subscription", "params": {"channel": "book.ETH-PERPETUAL.none.20.100ms", "data": {"timestamp": 1758035332902, "change_id": 86754315154, "instrument_name": "ETH-PERPETUAL", "bids": [[4435.05, 154976.0], [4435.0, 24800.0], [4434.95, 58600.0], [4434.85, 24800.0], [4434.8, 138212.0], [4434.6, 2562.0], [4434.5, 17940.0], [4434.45, 30597.0], [4434.25, 379.0], [4434.15, 2562.0], [4434.05, 20808.0], [4434.0, 50.0], [4433.8, 6353.0], [4433.75, 53.0], [4433.7, 67363.0], [4433.65, 34.0], [4433.6, 20808.0], [4433.5, 2656.0], [4433.3, 12634.0], [4433.25, 26.0]], "asks": [[4435.1, 10200.0], [4435.95, 59408.0], [4436.0, 25000.0], [4436.05, 50.0], [4436.15, 16000.0], [4436.25, 12691.0], [4436.35, 7432.0], [4436.4, 20808.0], [4436.45, 21070.0], [4436.7, 12759.0], [4436.75, 100800.0], [4437.0, 12768.0], [4437.15, 5028.0], [4437.35, 19663.0], [4437.4, 240.0], [4437.5, 62768.0], [4437.8, 2534.0], [4437.9, 12768.0], [4438.1, 30000.0], [4438.15, 34485.0]]}}}
{"jsonrpc": "2.0", "method": "subscription", "params": {"channel": "book.ETH-PERPETUAL.none.20.100ms", "data": {"timestamp": 1758035333239, "change_id": 86754315550, "instrument_name": "ETH-PERPETUAL", "bids": [[4435.05, 154976.0], [4435.0, 24800.0], [4434.95, 58600.0], [4434.85, 24800.0], [4434.8, 138212.0], [4434.6, 2562.0], [4434.5, 17940.0], [4434.45, 30597.0], [4434.25, 379.0], [4434.15, 2562.0], [4434.05, 20808.0], [4434.0, 50.0], [4433.8, 6353.0], [4433.75, 53.0], [4433.7, 67363.0], [4433.65, 34.0], [4433.6, 20808.0], [4433.5, 2656.0], [4433.3, 12634.0], [4433.25, 26.0]], "asks": [[4435.1, 10200.0], [4435.95, 59408.0], [4436.0, 25000.0], [4436.05, 136490.0], [4436.15, 16000.0], [4436.25, 12691.0], [4436.35, 7432.0], [4436.4, 20808.0], [4436.45, 21070.0], [4436.7, 12759.0], [4436.75, 100800.0], [4437.0, 12768.0], [4437.15, 5028.0], [4437.35, 19663.0], [4437.4, 240.0], [4437.5, 12768.0], [4437.55, 50000.0], [4437.65, 56618.0], [4437.8, 2534.0], [4437.9, 12768.0]]}}}
{"jsonrpc": "2.0", "method": "subscription", "params": {"channel": "book.ETH-PERPETUAL.none.20.100ms", "data": {"timestamp": 1758035333512, "change_id": 86754316009, "instrument_name": "ETH-PERPETUAL", "bids": [[4435.05, 132427.0], [4435.0, 24800.0], [4434.95, 58600.0], [4434.85, 24800.0], [4434.8, 138212.0], [4434.65, 19987.0], [4434.6, 2562.0], [4434.5, 13677.0], [4434.25, 379.0], [4434.2, 17762.0], [4434.15, 2562.0], [4434.05, 20808.0], [4434.0, 50.0], [4433.8, 6353.0], [4433.75, 53.0], [4433.7, 12743.0], [4433.65, 34.0], [4433.6, 20808.0], [4433.5, 2656.0], [4433.3, 12634.0]], "asks": [[4435.1, 10200.0], [4435.85, 25000.0], [4435.95, 54408.0], [4436.05, 136490.0], [4436.15, 16000.0], [4436.25, 12691.0], [4436.35, 7432.0], [4436.4, 20808.0], [4436.45, 21070.0], [4436.7, 12759.0], [4436.75, 100800.0], [4437.0, 12768.0], [4437.15, 55028.0], [4437.35, 19663.0], [4437.4, 240.0], [4437.5, 12768.0], [4437.65, 56618.0], [4437.8, 2534.0], [4437.9, 12768.0], [4438.1, 30000.0]]}}}
{"jsonrpc": "2.0", "method": "subscription", "params": {"channel": "book.ETH-PERPETUAL.none.20.100ms", "data": {"timestamp": 1758035333900, "change_id": 86754316283, "instrument_name": "ETH-PERPETUAL", "bids": [[4435.05, 132946.0], [4435.0, 24800.0], [4434.95, 58600.0], [4434.85, 24800.0], [4434.8, 138212.0], [4434.65, 19987.0], [4434.6, 2562.0], [4434.5, 13499.0], [4434.3, 30596.0], [4434.25, 379.0], [4434.2, 17762.0], [4434.15, 2562.0], [4434.05, 20808.0], [4434.0, 50.0], [4433.8, 6353.0], [4433.7, 12743.0], [4433.65, 34.0], [4433.6, 20808.0], [4433.5, 2656.0], [4433.45, 56383.0]], "asks": [[4435.1, 10200.0], [4435.95, 54408.0], [4436.05, 141490.0], [4436.15, 16000.0], [4436.25, 12691.0], [4436.35, 7432.0], [4436.4, 20808.0], [4436.45, 21070.0], [4436.7, 12759.0], [4436.75, 100800.0], [4437.0, 12768.0], [4437.15, 5028.0], [4437.35, 19663.0], [4437.4, 240.0], [4437.45, 50000.0], [4437.5, 12768.0], [4437.65, 56618.0], [4437.8, 2534.0], [4437.9, 12768.0], [4438.1, 30000.0]]}}}
{"jsonrpc": "2.0", "method": "subscription", "params": {"channel": "book.ETH-PERPETUAL.none.20.100ms", "data": {"timestamp": 1758035334230, "change_id": 86754317950, "instrument_name": "ETH-PERPETUAL", "bids": [[4436.75, 29437.0], [4436.45, 11945.0], [4436.3, 1718.0], [4436.05, 42200.0], [4436.0, 288.0], [4435.85, 27562.0], [4435.65, 100.0], [4435.6, 12680.0], [4435.5, 20000.0], [4435.45, 20808.0], [4435.4, 158182.0], [4435.35, 2562.0], [4435.15, 33488.0], [4435.1, 20707.0], [4435.05, 105717.0], [4435.0, 24853.0], [4434.9, 17762.0], [4434.75, 19006.0], [4434.6, 2562.0], [4434.5, 13499.0]], "asks": [[4436.8, 50.0], [4436.85, 25000.0], [4437.15, 1147.0], [4437.25, 14000.0], [4437.3, 54408.0], [4437.4, 240.0], [4437.5, 12768.0], [4437.6, 100800.0], [4437.65, 6331.0], [4437.7, 5009.0], [4437.75, 20808.0], [4437.8, 2534.0], [4437.9, 12768.0], [4438.0, 20808.0], [4438.25, 15305.0], [4438.5, 12772.0], [4438.7, 2534.0], [4438.75, 12779.0], [4438.85, 201600.0], [4439.0, 50000.0]]}}}
{"jsonrpc": "2.0", "method": "subscription", "params": {"channel": "book.ETH-PERPETUAL.none.20.100ms", "data": {"timestamp": 1758035334558, "change_id": 86754319124, "instrument_name": "ETH-PERPETUAL", "bids": [[4436.75, 31950.0], [4436.3, 2263.0], [4436.25, 25000.0], [4436.15, 1257.0], [4436.1, 20000.0], [4436.05, 42200.0], [4436.0, 139051.0], [4435.9, 40795.0], [4435.85, 2562.0], [4435.75, 20000.0], [4435.6, 12680.0], [4435.5, 6326.0], [4435.45, 20808.0], [4435.4, 17762.0], [4435.35, 2562.0], [4435.15, 12680.0], [4435.1, 20707.0], [4435.05, 76248.0], [4435.0, 24853.0], [4434.75, 12680.0]], "asks": [[4436.8, 20470.0], [4437.1, 25000.0], [4437.3, 54408.0], [4437.4, 138422.0], [4437.6, 100800.0], [4437.65, 6331.0], [4437.7, 18508.0], [4437.75, 20808.0], [4437.8, 2534.0], [4437.9, 12768.0], [4438.25, 36113.0], [4438.5, 12772.0], [4438.6, 50000.0], [4438.7, 2534.0], [4438.75, 12779.0], [4438.8, 7159.0], [4438.85, 201600.0], [4439.0, 50000.0], [4439.1, 34485.0], [4439.15, 12779.0]]}}}
{"jsonrpc": "2.0", "method": "subscription", "params": {"channel": "book.ETH-PERPETUAL.none.20.100ms", "data": {"timestamp": 1758035334880, "change_id": 86754320111, "instrument_name": "ETH-PERPETUAL", "bids": [[4437.1, 31152.0], [4436.75, 1726.0], [4436.7, 20100.0], [4436.65, 25000.0], [4436.5, 50000.0], [4436.35, 33600.0], [4436.3, 22565.0], [4436.25, 20808.0], [4436.1, 19987.0], [4436.05, 8600.0], [4436.0, 138182.0], [4435.9, 20808.0], [4435.85, 8885.0], [4435.65, 17762.0], [4435.6, 12680.0], [4435.35, 2562.0], [4435.15, 12680.0], [4435.05, 26248.0], [4435.0, 24853.0], [4434.75, 12680.0]], "asks": [[4437.15, 28280.0], [4437.35, 59666.0], [4437.45, 1147.0], [4437.55, 138334.0], [4437.7, 5009.0], [4437.75, 20808.0], [4437.8, 2534.0], [4437.85, 1307.0], [4437.9, 12768.0], [4438.0, 20808.0], [4438.1, 114299.0], [4438.25, 36113.0], [4438.4, 6331.0], [4438.5, 66695.0], [4438.55, 19663.0], [4438.7, 2534.0], [4438.75, 12779.0], [4438.85, 201600.0], [4439.1, 84485.0], [4439.15, 12779.0]]}}}
{"jsonrpc": "2.0", "method": "subscription", "params": {"channel": "book.ETH-PERPETUAL.none.20.100ms", "data": {"timestamp": 1758035335221, "change_id": 86754321008, "instrument_name": "ETH-PERPETUAL", "bids": [[4437.1, 31797.0], [4437.05, 798.0], [4436.75, 78600.0], [4436.35, 19987.0], [4436.3, 2565.0], [4436.25, 20808.0], [4436.05, 8600.0], [4436.0, 188182.0], [4435.9, 38570.0], [4435.85, 8885.0], [4435.6, 12680.0], [4435.35, 2562.0], [4435.15, 12680.0], [4435.05, 1448.0], [4435.0, 53.0], [4434.75, 12680.0], [4434.6, 3330.0], [4434.5, 13499.0], [4434.35, 146686.0], [4434.25, 379.0]], "asks": [[4437.15, 1243.0], [4437.35, 33600.0], [4437.5, 24850.0], [4437.65, 25000.0], [4437.7, 143342.0], [4437.75, 20808.0], [4437.8, 2534.0], [4437.85, 15307.0], [4437.9, 12768.0], [4438.0, 20808.0], [4438.1, 114299.0], [4438.25, 15305.0], [4438.4, 6331.0], [4438.5, 87503.0], [4438.55, 19663.0], [4438.7, 2534.0], [4438.75, 12779.0], [4438.85, 201600.0], [4439.15, 12779.0], [4439.2, 50000.0]]}}}
{"jsonrpc": "2.0", "method": "subscription", "params": {"channel": "book.ETH-PERPETUAL.none.20.100ms", "data": {"timestamp": 1758035335553, "change_id": 86754321551, "instrument_name": "ETH-PERPETUAL", "bids": [[4437.1, 31797.0], [4437.05, 798.0], [4437.0, 50000.0], [4436.75, 78600.0], [4436.7, 20000.0], [4436.6, 138333.0], [4436.35, 19987.0], [4436.3, 2565.0], [4436.25, 20808.0], [4436.05, 8600.0], [4435.9, 38570.0], [4435.85, 8885.0], [4435.6, 12680.0], [4435.35, 2562.0], [4435.15, 12680.0], [4435.05, 1448.0], [4435.0, 53.0], [4434.95, 54498.0], [4434.75, 12680.0], [4434.6, 3330.0]], "asks": [[4437.15, 22131.0], [4437.35, 33600.0], [4437.5, 24850.0], [4437.65, 25000.0], [4437.7, 143342.0], [4437.75, 20808.0], [4437.8, 2534.0], [4437.85, 1307.0], [4437.9, 12768.0], [4438.0, 20808.0], [4438.1, 114299.0], [4438.2, 2213.0], [4438.25, 15305.0], [4438.4, 6331.0], [4438.5, 87503.0], [4438.55, 19663.0], [4438.7, 2534.0], [4438.75, 12779.0], [4438.85, 201600.0], [4439.15, 62779.0]]}}}
{"jsonrpc": "2.0", "method": "subscription", "params": {"channel": "book.ETH-PERPETUAL.none.20.100ms", "data": {"timestamp": 1758035335831, "change_id": 86754321812, "instrument_name": "ETH-PERPETUAL", "bids": [[4437.1, 72595.0], [4437.0, 50000.0], [4436.75, 58600.0], [4436.6, 138333.0], [4436.35, 19987.0], [4436.3, 2565.0], [4436.25, 20808.0], [4436.05, 8600.0], [4435.9, 38570.0], [4435.85, 8885.0], [4435.6, 12680.0], [4435.35, 2562.0], [4435.15, 12680.0], [4435.05, 1448.0], [4435.0, 53.0], [4434.95, 54498.0], [4434.75, 12680.0], [4434.6, 3330.0], [4434.5, 13499.0], [4434.35, 146686.0]], "asks": [[4437.15, 6420.0], [4437.35, 33600.0], [4437.5, 24850.0], [4437.55, 14000.0], [4437.65, 25000.0], [4437.7, 143342.0], [4437.75, 20808.0], [4437.8, 2534.0], [4437.85, 1307.0], [4437.9, 12768.0], [4438.0, 20808.0], [4438.1, 114299.0], [4438.2, 2213.0], [4438.25, 15305.0], [4438.4, 6331.0], [4438.5, 87503.0], [4438.55, 19663.0], [4438.7, 2534.0], [4438.75, 12779.0], [4438.85, 201600.0]]}}}
{"jsonrpc": "2.0", "method": "subscription", "params": {"channel": "book.ETH-PERPETUAL.none.20.100ms", "data": {"timestamp": 1758035336205, "change_id": 86754322347, "instrument_name": "ETH-PERPETUAL", "bids": [[4437.1, 97395.0], [4436.9, 25000.0], [4436.75, 33600.0], [4436.6, 138333.0], [4436.35, 19987.0], [4436.3, 2565.0], [4436.25, 20808.0], [4436.0, 50000.0], [4435.9, 38570.0], [4435.85, 8885.0], [4435.6, 12680.0], [4435.35, 2562.0], [4435.15, 12680.0], [4435.05, 1448.0], [4435.0, 53.0], [4434.95, 54498.0], [4434.75, 12680.0], [4434.6, 3330.0], [4434.5, 13499.0], [4434.35, 146686.0]], "asks": [[4437.15, 6420.0], [4437.35, 33600.0], [4437.5, 50.0], [4437.6, 15200.0], [4437.65, 39000.0], [4437.7, 143342.0], [4437.75, 20808.0], [4437.8, 2534.0], [4437.85, 1307.0], [4437.9, 12768.0], [4438.0, 20808.0], [4438.1, 114299.0], [4438.2, 2213.0], [4438.25, 15305.0], [4438.4, 6331.0], [4438.5, 33580.0], [4438.55, 19663.0], [4438.7, 2534.0], [4438.75, 12779.0], [4438.85, 201600.0]]}}}
{"jsonrpc": "2.0", "method": "subscription", "params": {"channel": "book.ETH-PERPETUAL.none.20.100ms", "data": {"timestamp": 1758035336536, "change_id": 86754322921, "instrument_name": "ETH-PERPETUAL", "bids": [[4437.1, 2513.0], [4436.75, 33600.0], [4436.65, 25000.0], [4436.6, 158333.0], [4436.5, 20100.0], [4436.3, 2565.0], [4436.25, 20808.0], [4436.05, 19987.0], [4436.0, 50000.0], [4435.95, 13499.0], [4435.85, 8885.0], [4435.7, 20808.0], [4435.6, 12680.0], [4435.45, 17762.0], [4435.4, 12666.0], [4435.35, 2562.0], [4435.15, 12680.0], [4435.05, 1448.0], [4435.0, 53.0], [4434.75, 12680.0]], "asks": [[4437.15, 40515.0], [4437.35, 33600.0], [4437.5, 25000.0], [4437.6, 15200.0], [4437.7, 143342.0], [4437.75, 20808.0], [4437.8, 2534.0], [4437.85, 1307.0], [4437.9, 12768.0], [4438.0, 20808.0], [4438.1, 114299.0], [4438.2, 2213.0], [4438.25, 15305.0], [4438.4, 6331.0], [4438.5, 33580.0], [4438.55, 19663.0], [4438.65, 50000.0], [4438.7, 2534.0], [4438.75, 12779.0], [4438.85, 201600.0]]}}}
{"jsonrpc": "2.0", "method": "subscription", "params": {"channel": "book.ETH-PERPETUAL.none.20.100ms", "data": {"timestamp": 1758035336859, "change_id": 86754323157, "instrument_name": "ETH-PERPETUAL", "bids": [[4437.1, 53956.0], [4437.0, 50000.0], [4436.75, 33600.0], [4436.65, 25000.0], [4436.6, 138333.0], [4436.5, 20100.0], [4436.3, 22552.0], [4436.25, 20808.0], [4435.95, 13499.0], [4435.85, 8885.0], [4435.75, 17762.0], [4435.7, 20808.0], [4435.6, 12680.0], [4435.4, 12666.0], [4435.35, 2562.0], [4435.15, 12680.0], [4435.05, 1448.0], [4435.0, 53.0], [4434.85, 1156.0], [4434.75, 12680.0]], "asks": [[4437.15, 47620.0], [4437.35, 33600.0], [4437.5, 25000.0], [4437.6, 15200.0], [4437.7, 143342.0], [4437.75, 20808.0], [4437.8, 2534.0], [4437.85, 1307.0], [4437.9, 12768.0], [4438.0, 20808.0], [4438.1, 114299.0], [4438.2, 2213.0], [4438.25, 15305.0], [4438.4, 6331.0], [4438.5, 33580.0], [4438.55, 19663.0], [4438.7, 2534.0], [4438.75, 12779.0], [4438.85, 201600.0], [4438.95, 50000.0]]}}}
{"jsonrpc": "2.0", "method": "subscription", "params": {"channel": "book.ETH-PERPETUAL.none.20.100ms", "data": {"timestamp": 1758035337178, "change_id": 86754323607, "instrument_name": "ETH-PERPETUAL", "bids": [[4437.1, 98355.0], [4437.0, 50000.0], [4436.75, 33600.0], [4436.65, 25000.0], [4436.6, 138333.0], [4436.3, 22552.0], [4436.25, 20808.0], [4435.95, 13499.0], [4435.85, 8885.0], [4435.75, 17762.0], [4435.7, 20808.0], [4435.6, 12680.0], [4435.4, 12666.0], [4435.35, 2562.0], [4435.15, 12680.0], [4435.05, 1448.0], [4435.0, 53.0], [4434.95, 1156.0], [4434.75, 12680.0], [4434.6, 3330.0]], "asks": [[4437.15, 47620.0], [4437.35, 33600.0], [4437.45, 17800.0], [4437.5, 25000.0], [4437.7, 143342.0], [4437.75, 20808.0], [4437.8, 2534.0], [4437.9, 12768.0], [4438.0, 20808.0], [4438.1, 114299.0], [4438.2, 2213.0], [4438.25, 15305.0], [4438.4, 6331.0], [4438.45, 1307.0], [4438.5, 33580.0], [4438.55, 19663.0], [4438.7, 2534.0], [4438.75, 12779.0], [4438.85, 201600.0], [4439.15, 62779.0]]}}}
{"jsonrpc": "2.0", "method": "subscription", "params": {"channel": "book.ETH-PERPETUAL.none.20.100ms", "data": {"timestamp": 1758035337535, "change_id": 86754324128, "instrument_name": "ETH-PERPETUAL", "bids": [[4437.1, 34058.0], [4436.8, 100.0], [4436.75, 33600.0], [4436.65, 45000.0], [4436.6, 138333.0], [4436.55, 20000.0], [4436.3, 22552.0], [4436.25, 20808.0], [4436.0, 50000.0], [4435.95, 13499.0], [4435.85, 8885.0], [4435.75, 17762.0], [4435.7, 20808.0], [4435.6, 12680.0], [4435.4, 12666.0], [4435.35, 2562.0], [4435.15, 12680.0], [4435.05, 1448.0], [4435.0, 53.0], [4434.75, 12680.0]], "asks": [[4437.15, 50430.0], [4437.35, 33600.0], [4437.5, 25000.0], [4437.7, 143342.0], [4437.75, 20808.0], [4437.8, 2534.0], [4437.9, 12768.0], [4438.0, 20808.0], [4438.1, 114299.0], [4438.2, 2213.0], [4438.25, 15305.0], [4438.4, 6331.0], [4438.45, 1307.0], [4438.5, 33580.0], [4438.55, 19663.0], [4438.7, 2534.0], [4438.75, 12779.0], [4438.85, 201600.0], [4439.05, 104691.0], [4439.15, 12779.0]]}}}
{"jsonrpc": "2.0", "method": "subscription", "params": {"channel": "book.ETH-PERPETUAL.none.20.100ms", "data": {"timestamp": 1758035337834, "change_id": 86754324359, "instrument_name": "ETH-PERPETUAL", "bids": [[4437.1, 3786.0], [4436.75, 33700.0], [4436.65, 45000.0], [4436.6, 138333.0], [4436.55, 20000.0], [4436.3, 2565.0], [4436.25, 20808.0], [4436.0, 69987.0], [4435.95, 13499.0], [4435.85, 8885.0], [4435.7, 20808.0], [4435.6, 12680.0], [4435.45, 17762.0], [4435.4, 12666.0], [4435.35, 2562.0], [4435.15, 12680.0], [4435.05, 1448.0], [4435.0, 53.0], [4434.75, 12680.0], [4434.7, 55094.0]], "asks": [[4437.15, 50670.0], [4437.35, 33600.0], [4437.5, 25000.0], [4437.7, 143342.0], [4437.75, 20808.0], [4437.8, 2534.0], [4437.9, 12768.0], [4438.0, 20808.0], [4438.1, 114299.0], [4438.2, 2213.0], [4438.25, 15305.0], [4438.4, 6331.0], [4438.45, 1307.0], [4438.5, 33580.0], [4438.55, 19663.0], [4438.6, 50000.0], [4438.7, 2534.0], [4438.75, 12779.0], [4438.85, 201600.0], [4439.05, 54691.0]]}}}
{"jsonrpc": "2.0", "method": "subscription", "params": {"channel": "book.ETH-PERPETUAL.none.20.100ms", "data": {"timestamp": 1758035338191, "change_id": 86754324779, "instrument_name": "ETH-PERPETUAL", "bids": [[4437.1, 4512.0], [4437.0, 50000.0], [4436.8, 15500.0], [4436.75, 33700.0], [4436.7, 24700.0], [4436.65, 45000.0], [4436.6, 138333.0], [4436.55, 20000.0], [4436.3, 2565.0], [4436.25, 20808.0], [4435.95, 13499.0], [4435.9, 32642.0], [4435.85, 8885.0], [4435.7, 20808.0], [4435.6, 12680.0], [4435.45, 17762.0], [4435.4, 12666.0], [4435.35, 2562.0], [4435.15, 12680.0], [4435.05, 1448.0]], "asks": [[4437.15, 50670.0], [4437.3, 24800.0], [4437.35, 33600.0], [4437.5, 25000.0], [4437.7, 143342.0], [4437.75, 20808.0], [4437.8, 2534.0], [4437.9, 12768.0], [4438.0, 20808.0], [4438.1, 114299.0], [4438.2, 2213.0], [4438.25, 15305.0], [4438.4, 6331.0], [4438.45, 1307.0], [4438.5, 33580.0], [4438.55, 69663.0], [4438.7, 2534.0], [4438.75, 12779.0], [4438.85, 201600.0], [4439.05, 54691.0]]}}}
{"jsonrpc": "2.0", "method": "subscription", "params": {"channel": "book.ETH-PERPETUAL.none.20.100ms", "data": {"timestamp": 1758035338513, "change_id": 86754325212, "instrument_name": "ETH-PERPETUAL", "bids": [[4437.1, 15731.0], [4436.8, 15500.0], [4436.75, 33700.0], [4436.7, 24700.0], [4436.65, 45000.0], [4436.6, 138333.0], [4436.55, 20000.0], [4436.3, 2565.0], [4436.25, 20808.0], [4436.0, 50000.0], [4435.95, 13499.0], [4435.9, 32642.0], [4435.85, 8885.0], [4435.7, 20808.0], [4435.6, 12680.0], [4435.45, 17762.0], [4435.4, 12666.0], [4435.35, 2562.0], [4435.15, 12680.0], [4435.05, 1448.0]], "asks": [[4437.15, 50670.0], [4437.35, 33600.0], [4437.5, 25000.0], [4437.7, 143342.0], [4437.75, 20808.0], [4437.8, 2534.0], [4437.9, 12768.0], [4438.0, 20808.0], [4438.1, 114299.0], [4438.2, 2213.0], [4438.25, 15305.0], [4438.4, 6331.0], [4438.45, 1307.0], [4438.5, 33580.0], [4438.55, 19663.0], [4438.7, 52534.0], [4438.75, 12779.0], [4438.85, 201600.0], [4439.05, 54691.0], [4439.15, 12779.0]]}}}
{"jsonrpc": "2.0", "method": "subscription", "params": {"channel": "book.ETH-PERPETUAL.none.20.100ms", "data": {"timestamp": 1758035338835, "change_id": 86754325516, "instrument_name": "ETH-PERPETUAL", "bids": [[4437.1, 16763.0], [4436.8, 15500.0], [4436.75, 33700.0], [4436.7, 44700.0], [4436.65, 25000.0], [4436.6, 158333.0], [4436.3, 2565.0], [4436.25, 20808.0], [4436.0, 50000.0], [4435.95, 13499.0], [4435.9, 32642.0], [4435.85, 8885.0], [4435.7, 20808.0], [4435.6, 12680.0], [4435.4, 12666.0], [4435.35, 2562.0], [4435.2, 17762.0], [4435.15, 12680.0], [4435.05, 1448.0], [4435.0, 53.0]], "asks": [[4437.15, 51038.0], [4437.35, 33600.0], [4437.4, 5000.0], [4437.5, 25000.0], [4437.7, 143342.0], [4437.75, 20808.0], [4437.8, 2534.0], [4437.9, 12768.0], [4438.0, 20808.0], [4438.1, 114299.0], [4438.2, 2213.0], [4438.25, 15305.0], [4438.4, 6331.0], [4438.45, 1307.0], [4438.5, 33580.0], [4438.55, 19663.0], [4438.65, 50000.0], [4438.7, 2534.0], [4438.75, 12779.0], [4438.85, 201600.0]]}}}
{"jsonrpc": "2.0", "method": "subscription", "params": {"channel": "book.ETH-PERPETUAL.none.20.100ms", "data": {"timestamp": 1758035339136, "change_id": 86754325956, "instrument_name": "ETH-PERPETUAL", "bids": [[4437.1, 40063.0], [4436.8, 15500.0], [4436.75, 58700.0], [4436.7, 44700.0], [4436.6, 158333.0], [4436.3, 2565.0], [4436.25, 20808.0], [4436.0, 50000.0], [4435.95, 13499.0], [4435.9, 32642.0], [4435.85, 8885.0], [4435.7, 20808.0], [4435.6, 12680.0], [4435.45, 17762.0], [4435.4, 12666.0], [4435.35, 2562.0], [4435.15, 12680.0], [4435.05, 1448.0], [4435.0, 53.0], [4434.95, 1156.0]], "asks": [[4437.15, 47620.0], [4437.35, 33600.0], [4437.7, 143342.0], [4437.75, 20808.0], [4437.8, 27534.0], [4437.9, 12768.0], [4438.0, 20808.0], [4438.1, 114299.0], [4438.2, 2213.0], [4438.25, 15305.0], [4438.4, 6331.0], [4438.45, 1307.0], [4438.5, 33580.0], [4438.55, 19663.0], [4438.7, 2534.0], [4438.75, 12779.0], [4438.85, 251600.0], [4439.05, 54691.0], [4439.15, 12779.0], [4439.25, 2534.0]]}}}
{"jsonrpc": "2.0", "method": "subscription", "params": {"channel": "book.ETH-PERPETUAL.none.20.100ms", "data": {"timestamp": 1758035339472, "change_id": 86754326299, "instrument_name": "ETH-PERPETUAL", "bids": [[4437.1, 15217.0], [4436.8, 15500.0], [4436.75, 33700.0], [4436.65, 25000.0], [4436.6, 158333.0], [4436.5, 50000.0], [4436.35, 20000.0], [4436.3, 2565.0], [4436.25, 20808.0], [4435.95, 13499.0], [4435.9, 32642.0], [4435.85, 8885.0], [4435.7, 20808.0], [4435.6, 12680.0], [4435.4, 12666.0], [4435.35, 2562.0], [4435.2, 17762.0], [4435.15, 12680.0], [4435.05, 1448.0], [4435.0, 53.0]], "asks": [[4437.15, 50302.0], [4437.35, 33600.0], [4437.55, 25000.0], [4437.7, 143342.0], [4437.75, 20808.0], [4437.8, 2534.0], [4437.9, 12768.0], [4438.0, 20808.0], [4438.1, 114299.0], [4438.2, 2213.0], [4438.25, 15305.0], [4438.4, 6331.0], [4438.45, 1307.0], [4438.5, 33580.0], [4438.55, 69663.0], [4438.7, 2534.0], [4438.75, 12779.0], [4438.85, 201600.0], [4439.05, 54691.0], [4439.15, 12779.0]]}}}
{"jsonrpc": "2.0", "method": "subscription", "params": {"channel": "book.ETH-PERPETUAL.none.20.100ms", "data": {"timestamp": 1758035339833, "change_id": 86754326637, "instrument_name": "ETH-PERPETUAL", "bids": [[4437.1, 3272.0], [4436.8, 15500.0], [4436.75, 33700.0], [4436.65, 25000.0], [4436.6, 158333.0], [4436.5, 50000.0], [4436.35, 20000.0], [4436.3, 2565.0], [4436.25, 20808.0], [4435.9, 32642.0], [4435.85, 8885.0], [4435.7, 20808.0], [4435.6, 12680.0], [4435.55, 15399.0], [4435.4, 12666.0], [4435.35, 2562.0], [4435.2, 17762.0], [4435.15, 12680.0], [4435.05, 1448.0], [4435.0, 53.0]], "asks": [[4437.15, 50302.0], [4437.35, 33600.0], [4437.55, 25000.0], [4437.7, 143342.0], [4437.75, 20808.0], [4437.8, 2534.0], [4437.9, 12768.0], [4438.0, 20808.0], [4438.1, 100800.0], [4438.15, 15399.0], [4438.2, 2213.0], [4438.25, 15305.0], [4438.4, 6331.0], [4438.45, 51307.0], [4438.5, 33580.0], [4438.55, 19663.0], [4438.7, 2534.0], [4438.75, 12779.0], [4438.85, 201600.0], [4439.05, 54691.0]]}}}
{"jsonrpc": "2.0", "method": "subscription", "params": {"channel": "book.ETH-PERPETUAL.none.20.100ms", "data": {"timestamp": 1758035340175, "change_id": 86754327090, "instrument_name": "ETH-PERPETUAL", "bids": [[4437.1, 32936.0], [4436.9, 25000.0], [4436.8, 24800.0], [4436.75, 33700.0], [4436.65, 20000.0], [4436.6, 158333.0], [4436.5, 50000.0], [4436.3, 2565.0], [4436.25, 20808.0], [4435.9, 32642.0], [4435.85, 8885.0], [4435.7, 20808.0], [4435.6, 12680.0], [4435.55, 15399.0], [4435.45, 17762.0], [4435.4, 12666.0], [4435.35, 2562.0], [4435.15, 12680.0], [4435.05, 1448.0], [4435.0, 53.0]], "asks": [[4437.15, 30370.0], [4437.35, 33600.0], [4437.7, 143342.0], [4437.75, 20808.0], [4437.8, 2534.0], [4437.85, 25000.0], [4437.9, 12768.0], [4438.0, 20808.0], [4438.1, 100800.0], [4438.15, 15399.0], [4438.2, 2213.0], [4438.25, 15305.0], [4438.4, 6331.0], [4438.45, 1307.0], [4438.5, 33580.0], [4438.55, 69663.0], [4438.7, 2534.0], [4438.75, 12779.0], [4438.85, 201600.0], [4439.05, 54691.0]]}}}
{"jsonrpc": "2.0", "method": "subscription", "params": {"channel": "book.ETH-PERPETUAL.none.20.100ms", "data": {"timestamp": 1758035340467, "change_id": 86754327433, "instrument_name": "ETH-PERPETUAL", "bids": [[4437.1, 52576.0], [4436.9, 25000.0], [4436.8, 24800.0], [4436.75, 33700.0], [4436.6, 158333.0], [4436.3, 2565.0], [4436.25, 20808.0], [4436.05, 19987.0], [4436.0, 50000.0], [4435.9, 12655.0], [4435.85, 8885.0], [4435.7, 20808.0], [4435.6, 12680.0], [4435.55, 15399.0], [4435.45, 17762.0], [4435.4, 12666.0], [4435.35, 2562.0], [4435.15, 12680.0], [4435.05, 1448.0], [4435.0, 53.0]], "asks": [[4437.15, 30370.0], [4437.35, 33600.0], [4437.7, 143342.0], [4437.75, 20808.0], [4437.8, 2534.0], [4437.85, 25000.0], [4437.9, 12768.0], [4438.0, 20808.0], [4438.1, 100800.0], [4438.15, 15399.0], [4438.2, 2213.0], [4438.25, 15305.0], [4438.4, 6331.0], [4438.45, 1307.0], [4438.5, 33580.0], [4438.55, 19663.0], [4438.7, 2534.0], [4438.75, 12779.0], [4438.85, 251600.0], [4439.05, 54691.0]]}}}
{"jsonrpc": "2.0", "method": "subscription", "params": {"channel": "book.ETH-PERPETUAL.none.20.100ms", "data": {"timestamp": 1758035340833, "change_id": 86754327762, "instrument_name": "ETH-PERPETUAL", "bids": [[4437.1, 14746.0], [4436.8, 24800.0], [4436.75, 33700.0], [4436.7, 20000.0], [4436.65, 25000.0], [4436.6, 158333.0], [4436.3, 2565.0], [4436.25, 20808.0], [4436.0, 50000.0], [4435.95, 19987.0], [4435.9, 12655.0], [4435.85, 8885.0], [4435.7, 20808.0], [4435.6, 12680.0], [4435.55, 15399.0], [4435.45, 17762.0], [4435.4, 12666.0], [4435.35, 2562.0], [4435.15, 12680.0], [4435.05, 1448.0]], "asks": [[4437.15, 32312.0], [4437.35, 33600.0], [4437.7, 143342.0], [4437.75, 45808.0], [4437.8, 2534.0], [4437.9, 12768.0], [4438.0, 20808.0], [4438.1, 100800.0], [4438.15, 15399.0], [4438.2, 2213.0], [4438.25, 15305.0], [4438.4, 6331.0], [4438.45, 1307.0], [4438.5, 33580.0], [4438.55, 19663.0], [4438.7, 52534.0], [4438.75, 12779.0], [4438.85, 201600.0], [4439.05, 54691.0], [4439.15, 12779.0]]}}}
{"jsonrpc": "2.0", "method": "subscription", "params": {"channel": "book.ETH-PERPETUAL.none.20.100ms", "data": {"timestamp": 1758035341177, "change_id": 86754328160, "instrument_name": "ETH-PERPETUAL", "bids": [[4437.1, 2801.0], [4436.75, 33700.0], [4436.7, 20000.0], [4436.65, 25000.0], [4436.6, 158333.0], [4436.3, 2565.0], [4436.25, 20808.0], [4436.0, 50000.0], [4435.9, 32642.0], [4435.85, 8885.0], [4435.7, 20808.0], [4435.6, 12680.0], [4435.55, 15399.0], [4435.45, 17762.0], [4435.4, 12666.0], [4435.35, 2562.0], [4435.15, 12680.0], [4435.05, 1448.0], [4435.0, 53.0], [4434.75, 12680.0]], "asks": [[4437.15, 57404.0], [4437.25, 5000.0], [4437.3, 24800.0], [4437.35, 33600.0], [4437.6, 25000.0], [4437.7, 143342.0], [4437.75, 20808.0], [4437.8, 2534.0], [4437.9, 12768.0], [4438.0, 20808.0], [4438.1, 100800.0], [4438.15, 15399.0], [4438.2, 2213.0], [4438.25, 15305.0], [4438.4, 6331.0], [4438.45, 1307.0], [4438.5, 33580.0], [4438.55, 19663.0], [4438.6, 50000.0], [4438.7, 2534.0]]}}}
{"jsonrpc": "2.0", "method": "subscription", "params": {"channel": "book.ETH-PERPETUAL.none.20.100ms", "data": {"timestamp": 1758035341402, "change_id": 86754328451, "instrument_name": "ETH-PERPETUAL", "bids": [[4437.1, 2801.0], [4436.75, 33700.0], [4436.7, 20000.0], [4436.65, 25000.0], [4436.6, 158333.0], [4436.5, 50000.0], [4436.3, 2565.0], [4436.25, 20808.0], [4435.9, 32642.0], [4435.85, 8885.0], [4435.7, 20808.0], [4435.6, 12680.0], [4435.55, 15399.0], [4435.4, 12666.0], [4435.35, 2562.0], [4435.2, 17762.0], [4435.15, 12680.0], [4435.05, 1448.0], [4435.0, 53.0], [4434.9, 1156.0]], "asks": [[4437.15, 57112.0], [4437.3, 24800.0], [4437.35, 33600.0], [4437.6, 25000.0], [4437.7, 143342.0], [4437.75, 20808.0], [4437.8, 2534.0], [4437.9, 12768.0], [4438.0, 20808.0], [4438.1, 100800.0], [4438.15, 15399.0], [4438.2, 2213.0], [4438.25, 15305.0], [4438.4, 56331.0], [4438.45, 1307.0], [4438.5, 33580.0], [4438.55, 19663.0], [4438.7, 2534.0], [4438.75, 12779.0], [4438.85, 201600.0]]}}}
{"jsonrpc": "2.0", "method": "subscription", "params": {"channel": "book.ETH-PERPETUAL.none.20.100ms", "data": {"timestamp": 1758035341836, "change_id": 86754328832, "instrument_name": "ETH-PERPETUAL", "bids": [[4437.1, 31951.0], [4436.85, 25000.0], [4436.75, 33700.0], [4436.7, 20000.0], [4436.6, 158333.0], [4436.5, 50000.0], [4436.3, 2565.0], [4436.25, 20808.0], [4435.9, 32642.0], [4435.85, 8885.0], [4435.7, 20808.0], [4435.6, 12680.0], [4435.55, 15399.0], [4435.45, 17762.0], [4435.4, 12666.0], [4435.35, 2562.0], [4435.15, 12680.0], [4435.05, 1448.0], [4435.0, 53.0], [4434.9, 1156.0]], "asks": [[4437.15, 32312.0], [4437.3, 24800.0], [4437.35, 33600.0], [4437.65, 138161.0], [4437.7, 5009.0], [4437.75, 20808.0], [4437.8, 2534.0], [4437.9, 37768.0], [4438.0, 20808.0], [4438.1, 100800.0], [4438.15, 15399.0], [4438.2, 2213.0], [4438.25, 15305.0], [4438.4, 6331.0], [4438.45, 1307.0], [4438.5, 33580.0], [4438.55, 19663.0], [4438.65, 50000.0], [4438.7, 2534.0], [4438.75, 12779.0]]}}}
{"jsonrpc": "2.0", "method": "subscription", "params": {"channel": "book.ETH-PERPETUAL.none.20.100ms", "data": {"timestamp": 1758035342169, "change_id": 86754329286, "instrument_name": "ETH-PERPETUAL", "bids": [[4437.1, 33985.0], [4436.9, 24200.0], [4436.85, 25000.0], [4436.75, 33700.0], [4436.7, 20000.0], [4436.6, 158333.0], [4436.3, 2565.0], [4436.25, 20808.0], [4436.0, 50000.0], [4435.9, 32642.0], [4435.85, 8885.0], [4435.7, 20808.0], [4435.6, 12680.0], [4435.55, 15399.0], [4435.45, 17762.0], [4435.4, 12666.0], [4435.35, 2562.0], [4435.15, 12680.0], [4435.05, 1448.0], [4435.0, 53.0]], "asks": [[4437.15, 37685.0], [4437.35, 33600.0], [4437.6, 24800.0], [4437.65, 138161.0], [4437.7, 5009.0], [4437.75, 20808.0], [4437.8, 2534.0], [4437.9, 37768.0], [4438.0, 20808.0], [4438.1, 100800.0], [4438.15, 15399.0], [4438.2, 2213.0], [4438.25, 15305.0], [4438.4, 6331.0], [4438.45, 51307.0], [4438.5, 33580.0], [4438.55, 19663.0], [4438.7, 2534.0], [4438.75, 12779.0], [4438.85, 201600.0]]}}}
{"jsonrpc": "2.0", "method": "subscription", "params": {"channel": "book.ETH-PERPETUAL.none.20.100ms", "data": {"timestamp": 1758035342486, "change_id": 86754329604, "instrument_name": "ETH-PERPETUAL", "bids": [[4437.1, 33985.0], [4436.9, 24200.0], [4436.85, 25000.0], [4436.75, 33700.0], [4436.7, 20000.0], [4436.6, 158333.0], [4436.3, 2565.0], [4436.25, 20808.0], [4436.05, 19987.0], [4436.0, 50000.0], [4435.9, 12655.0], [4435.85, 8885.0], [4435.7, 20808.0], [4435.6, 12680.0], [4435.55, 15399.0], [4435.45, 17762.0], [4435.4, 12666.0], [4435.35, 2562.0], [4435.15, 12680.0], [4435.05, 1448.0]], "asks": [[4437.15, 37685.0], [4437.35, 33600.0], [4437.6, 24800.0], [4437.65, 138161.0], [4437.7, 5009.0], [4437.75, 20808.0], [4437.8, 2534.0], [4437.9, 37768.0], [4438.0, 20808.0], [4438.1, 100800.0], [4438.15, 15399.0], [4438.2, 2213.0], [4438.25, 15305.0], [4438.4, 6331.0], [4438.45, 1307.0], [4438.5, 33580.0], [4438.55, 19663.0], [4438.6, 50000.0], [4438.7, 2534.0], [4438.75, 12779.0]]}}}
{"jsonrpc": "2.0", "method": "subscription", "params": {"channel": "book.ETH-PERPETUAL.none.20.100ms", "data": {"timestamp": 1758035342800, "change_id": 86754329946, "instrument_name": "ETH-PERPETUAL", "bids": [[4437.1, 73985.0], [4437.0, 50000.0], [4436.9, 24200.0], [4436.85, 25000.0], [4436.75, 33700.0], [4436.6, 138333.0], [4436.3, 2565.0], [4436.25, 20808.0], [4435.95, 19987.0], [4435.9, 12655.0], [4435.85, 8885.0], [4435.7, 20808.0], [4435.6, 12680.0], [4435.55, 15399.0], [4435.45, 17762.0], [4435.4, 12666.0], [4435.35, 2562.0], [4435.15, 12680.0], [4435.05, 1448.0], [4435.0, 53.0]], "asks": [[4437.15, 42123.0], [4437.35, 33600.0], [4437.6, 24800.0], [4437.65, 138161.0], [4437.7, 5009.0], [4437.75, 20808.0], [4437.8, 2534.0], [4437.9, 37768.0], [4438.0, 20808.0], [4438.1, 100800.0], [4438.15, 15399.0], [4438.2, 2213.0], [4438.25, 15305.0], [4438.4, 6331.0], [4438.45, 1307.0], [4438.5, 33580.0], [4438.55, 19663.0], [4438.7, 52534.0], [4438.75, 12779.0], [4438.85, 201600.0]]}}}
{"jsonrpc": "2.0", "method": "subscription", "params": {"channel": "book.ETH-PERPETUAL.none.20.100ms", "data": {"timestamp": 1758035343141, "change_id": 86754330397, "instrument_name": "ETH-PERPETUAL", "bids": [[4437.1, 15276.0], [4437.0, 50000.0], [4436.85, 25000.0], [4436.8, 24800.0], [4436.75, 33700.0], [4436.7, 20000.0], [4436.65, 20500.0], [4436.6, 158333.0], [4436.3, 2565.0], [4436.25, 20808.0], [4435.95, 19987.0], [4435.9, 12655.0], [4435.85, 8885.0], [4435.7, 20808.0], [4435.6, 12680.0], [4435.55, 15399.0], [4435.45, 17762.0], [4435.4, 12666.0], [4435.35, 2562.0], [4435.15, 12680.0]], "asks": [[4437.15, 42410.0], [4437.3, 21200.0], [4437.35, 33600.0], [4437.55, 5000.0], [4437.6, 24800.0], [4437.65, 138161.0], [4437.7, 5009.0], [4437.75, 45808.0], [4437.8, 2534.0], [4437.9, 12768.0], [4438.0, 20808.0], [4438.1, 100800.0], [4438.15, 15399.0], [4438.2, 2213.0], [4438.25, 15305.0], [4438.4, 6331.0], [4438.45, 1307.0], [4438.5, 33580.0], [4438.55, 69663.0], [4438.7, 2534.0]]}}}
{"jsonrpc": "2.0", "method": "subscription", "params": {"channel": "book.ETH-PERPETUAL.none.20.100ms", "data": {"timestamp": 1758035343485, "change_id": 86754330731, "instrument_name": "ETH-PERPETUAL", "bids": [[4437.1, 14746.0], [4437.0, 50000.0], [4436.85, 25000.0], [4436.8, 24800.0], [4436.75, 33700.0], [4436.7, 20000.0], [4436.65, 20500.0], [4436.6, 158333.0], [4436.3, 2565.0], [4436.25, 20808.0], [4435.95, 19987.0], [4435.9, 12655.0], [4435.85, 8885.0], [4435.7, 20808.0], [4435.6, 12680.0], [4435.55, 15399.0], [4435.45, 17762.0], [4435.4, 12666.0], [4435.35, 2562.0], [4435.15, 12680.0]], "asks": [[4437.15, 42123.0], [4437.35, 33600.0], [4437.6, 24800.0], [4437.65, 138161.0], [4437.7, 5009.0], [4437.75, 45808.0], [4437.8, 2534.0], [4437.9, 12768.0], [4438.0, 20808.0], [4438.1, 100800.0], [4438.15, 15399.0], [4438.2, 2213.0], [4438.25, 15305.0], [4438.4, 6331.0], [4438.45, 1307.0], [4438.5, 33580.0], [4438.55, 69663.0], [4438.7, 2534.0], [4438.75, 12779.0], [4438.85, 201600.0]]}}}
{"jsonrpc": "2.0", "method": "subscription", "params": {"channel": "book.ETH-PERPETUAL.none.20.100ms", "data": {"timestamp": 1758035343812, "change_id": 86754331063, "instrument_name": "ETH-PERPETUAL", "bids": [[4437.1, 14746.0], [4437.0, 50000.0], [4436.85, 25000.0], [4436.8, 24800.0], [4436.75, 33700.0], [4436.7, 20000.0], [4436.65, 20500.0], [4436.6, 158333.0], [4436.3, 2565.0], [4436.25, 20808.0], [4435.95, 19987.0], [4435.9, 12655.0], [4435.85, 8885.0], [4435.7, 20808.0], [4435.6, 12680.0], [4435.55, 15399.0], [4435.45, 17762.0], [4435.4, 12666.0], [4435.35, 2562.0], [4435.15, 12680.0]], "asks": [[4437.15, 42123.0], [4437.35, 33600.0], [4437.5, 5000.0], [4437.6, 24800.0], [4437.65, 138161.0], [4437.7, 5009.0], [4437.75, 45808.0], [4437.8, 2534.0], [4437.9, 12768.0], [4438.0, 20808.0], [4438.1, 100800.0], [4438.15, 15399.0], [4438.2, 2213.0], [4438.25, 15305.0], [4438.4, 6331.0], [4438.45, 1307.0], [4438.5, 33580.0], [4438.55, 69663.0], [4438.7, 2534.0], [4438.75, 12779.0]]}}}
