{"jsonrpc": "2.0", "id": 1, "result": ["book.ETH-PERPETUAL.none.20.100ms"], "usIn": 1763392592341189, "usOut": 1763392592346374, "usDiff": 5185, "testnet": false}
{"jsonrpc": "2.0", "method": "subscription", "params": {"channel": "book.ETH-PERPETUAL.none.20.100ms", "data": {"timestamp": 1763392415175, "change_id": 97330033388, "instrument_name": "ETH-PERPETUAL", "bids": [[3129.9, 20000.0], [3129.6, 3672.0], [3129.55, 12300.0], [3129.25, 3243.0], [3129.2, 3592.0], [3129.15, 4800.0], [3129.05, 16262.0], [3129.0, 5130.0], [3128.95, 1072.0], [3128.9, 3592.0], [3128.8, 1499.0], [3128.7, 1073.0], [3128.65, 3594.0], [3128.55, 1075.0], [3128.45, 3602.0], [3128.4, 1075.0], [3128.3, 3602.0], [3128.25, 1084.0], [3128.1, 3630.0], [3128.05, 300.0]], "asks": [[3130.1, 3051.0], [3130.65, 5413.0], [3130.75, 15000.0], [3130.85, 156.0], [3130.95, 1073.0], [3131.05, 3595.0], [3131.2, 1080.0], [3131.25, 6475.0], [3131.35, 3595.0], [3131.4, 6907.0], [3131.5, 20006.0], [3131.55, 13239.0], [3131.65, 12997.0], [3131.7, 9050.0], [3131.75, 16777.0], [3131.85, 1074.0], [3131.9, 3599.0], [3132.0, 1411.0], [3132.05, 4149.0], [3132.1, 3601.0]]}}}
{"jsonrpc": "2.0", "method": "subscription", "params": {"channel": "book.ETH-PERPETUAL.none.20.100ms", "data": {"timestamp": 1763392592447, "change_id": 97330732368, "instrument_name": "ETH-PERPETUAL", "bids": [[3136.05, 50761.0], [3135.6, 2925.0], [3135.55, 5100.0], [3135.45, 4700.0], [3135.3, 1074.0], [3135.25, 3598.0], [3135.15, 15867.0], [3135.05, 50000.0], [3135.0, 3618.0], [3134.85, 1074.0], [3134.8, 3598.0], [3134.7, 1074.0], [3134.6, 3598.0], [3134.45, 140.0], [3134.35, 1075.0], [3134.3, 3600.0], [3134.25, 1075.0], [3134.1, 3602.0], [3134.0, 1499.0], [3133.95, 6429.0]], "asks": [[3136.1, 16329.0], [3136.15, 215.0], [3136.3, 436.0], [3136.55, 1795.0], [3136.6, 5100.0], [3136.8, 1074.0], [3136.9, 3598.0], [3136.95, 1074.0], [3137.0, 3599.0], [3137.1, 7046.0], [3137.15, 20007.0], [3137.2, 3598.0], [3137.4, 20507.0], [3137.45, 53591.0], [3137.55, 1072.0], [3137.65, 3591.0], [3137.75, 265.0], [3137.8, 5309.0], [3137.85, 18884.0], [3137.9, 3594.0]]}}}
{"jsonrpc": "2.0", "method": "subscription", "params": {"channel": "book.ETH-PERPETUAL.none.20.100ms", "data": {"timestamp": 1763392592791, "change_id": 97330733843, "instrument_name": "ETH-PERPETUAL", "bids": [[3136.7, 17082.0], [3136.45, 10000.0], [3136.35, 1403.0], [3136.3, 4840.0], [3136.25, 4700.0], [3136.1, 13642.0], [3136.05, 35055.0], [3135.9, 3597.0], [3135.85, 14925.0], [3135.8, 50000.0], [3135.7, 1403.0], [3135.65, 8297.0], [3135.3, 1074.0], [3135.25, 3598.0], [3135.2, 1499.0], [3135.15, 1080.0], [3135.0, 3598.0], [3134.85, 1074.0], [3134.8, 3598.0], [3134.7, 1074.0]], "asks": [[3136.95, 1074.0], [3137.0, 5100.0], [3137.4, 1072.0], [3137.45, 3591.0], [3137.5, 313.0], [3137.55, 1072.0], [3137.65, 3601.0], [3137.7, 7125.0], [3137.75, 20272.0], [3137.85, 4696.0], [3137.9, 3594.0], [3138.0, 90.0], [3138.05, 1103.0], [3138.1, 3696.0], [3138.2, 11060.0], [3138.25, 33458.0], [3138.3, 20616.0], [3138.35, 54450.0], [3138.45, 4692.0], [3138.5, 37.0]]}}}
{"jsonrpc": "2.0", "method": "subscription", "params": {"channel": "book.ETH-PERPETUAL.none.20.100ms", "data": {"timestamp": 1763392593127, "change_id": 97330735106, "instrument_name": "ETH-PERPETUAL", "bids": [[3136.55, 19011.0], [3136.35, 6503.0], [3136.3, 4840.0], [3136.25, 4700.0], [3136.1, 13642.0], [3136.05, 29955.0], [3136.0, 1074.0], [3135.9, 3597.0], [3135.75, 17085.0], [3135.65, 8297.0], [3135.6, 50000.0], [3135.5, 1073.0], [3135.45, 3596.0], [3135.3, 1074.0], [3135.25, 3598.0], [3135.15, 1080.0], [3135.0, 3598.0], [3134.9, 1499.0], [3134.85, 1074.0], [3134.8, 3598.0]], "asks": [[3136.8, 243.0], [3136.85, 211.0], [3136.9, 1522.0], [3136.95, 5100.0], [3137.3, 595.0], [3137.4, 1072.0], [3137.45, 3591.0], [3137.6, 7846.0], [3137.65, 7197.0], [3137.7, 20007.0], [3137.75, 265.0], [3137.85, 1100.0], [3137.9, 3594.0], [3138.0, 90.0], [3138.05, 20535.0], [3138.1, 3696.0], [3138.15, 73535.0], [3138.25, 15674.0], [3138.3, 4670.0], [3138.45, 4692.0]]}}}
{"jsonrpc": "2.0", "method": "subscription", "params": {"channel": "book.ETH-PERPETUAL.none.20.100ms", "data": {"timestamp": 1763392593456, "change_id": 97330736205, "instrument_name": "ETH-PERPETUAL", "bids": [[3136.1, 22723.0], [3136.05, 79935.0], [3135.75, 2477.0], [3135.65, 8307.0], [3135.5, 1073.0], [3135.45, 3596.0], [3135.3, 1074.0], [3135.25, 3598.0], [3135.15, 1080.0], [3135.0, 3598.0], [3134.85, 1074.0], [3134.8, 3598.0], [3134.75, 1499.0], [3134.7, 27966.0], [3134.6, 78738.0], [3134.4, 1075.0], [3134.3, 3600.0], [3134.25, 6240.0], [3134.15, 17762.0], [3134.1, 3602.0]], "asks": [[3136.65, 17082.0], [3136.85, 1199.0], [3137.4, 2551.0], [3137.45, 3591.0], [3137.5, 5100.0], [3137.55, 3597.0], [3137.6, 2148.0], [3137.65, 7187.0], [3137.75, 265.0], [3137.8, 5972.0], [3137.85, 21107.0], [3137.9, 3594.0], [3138.0, 90.0], [3138.05, 1113.0], [3138.1, 3696.0], [3138.15, 24665.0], [3138.25, 15674.0], [3138.3, 71377.0], [3138.4, 1077.0], [3138.45, 3607.0]]}}}
{"jsonrpc": "2.0", "method": "subscription", "params": {"channel": "book.ETH-PERPETUAL.none.20.100ms", "data": {"timestamp": 1763392593786, "change_id": 97330738343, "instrument_name": "ETH-PERPETUAL", "bids": [[3133.2, 1075.0], [3133.1, 3603.0], [3132.9, 1075.0], [3132.85, 3600.0], [3132.75, 1075.0], [3132.7, 17762.0], [3132.65, 3601.0], [3132.6, 35369.0], [3132.55, 39462.0], [3132.5, 75000.0], [3132.45, 3601.0], [3132.3, 5731.0], [3132.25, 19200.0], [3132.15, 1215.0], [3132.05, 3601.0], [3132.0, 1073.0], [3131.85, 3596.0], [3131.7, 100.0], [3131.6, 23461.0], [3131.55, 78596.0]], "asks": [[3135.85, 158.0], [3135.9, 1777.0], [3136.4, 234.0], [3136.65, 2147.0], [3136.7, 3596.0], [3136.8, 10814.0], [3136.85, 20808.0], [3136.95, 3606.0], [3137.0, 589.0], [3137.2, 23324.0], [3137.25, 78596.0], [3137.35, 1501.0], [3137.4, 8508.0], [3137.45, 3591.0], [3137.5, 5100.0], [3137.55, 17784.0], [3137.6, 1075.0], [3137.65, 3591.0], [3137.75, 265.0], [3137.85, 1100.0]]}}}
{"jsonrpc": "2.0", "method": "subscription", "params": {"channel": "book.ETH-PERPETUAL.none.20.100ms", "data": {"timestamp": 1763392594118, "change_id": 97330742221, "instrument_name": "ETH-PERPETUAL", "bids": [[3132.95, 1522.0], [3132.9, 2985.0], [3132.65, 11940.0], [3132.6, 40000.0], [3132.3, 1075.0], [3132.25, 3600.0], [3132.15, 1075.0], [3132.05, 3601.0], [3132.0, 1073.0], [3131.85, 3596.0], [3131.75, 5845.0], [3131.7, 19481.0], [3131.65, 17762.0], [3131.6, 24960.0], [3131.55, 78596.0], [3131.4, 1073.0], [3131.25, 3596.0], [3131.1, 1073.0], [3131.05, 3595.0], [3131.0, 140.0]], "asks": [[3134.3, 10.0], [3134.45, 1659.0], [3134.5, 5100.0], [3134.55, 305.0], [3134.65, 158.0], [3134.7, 112.0], [3134.95, 85.0], [3135.1, 1086.0], [3135.15, 5138.0], [3135.2, 1426.0], [3135.25, 3597.0], [3135.35, 4832.0], [3135.4, 17399.0], [3135.45, 3597.0], [3135.55, 1798.0], [3135.65, 4790.0], [3135.7, 6225.0], [3135.75, 1727.0], [3135.8, 3596.0], [3135.85, 255.0]]}}}
{"jsonrpc": "2.0", "method": "subscription", "params": {"channel": "book.ETH-PERPETUAL.none.20.100ms", "data": {"timestamp": 1763392594435, "change_id": 97330745368, "instrument_name": "ETH-PERPETUAL", "bids": [[3132.4, 10641.0], [3132.35, 14323.0], [3132.3, 5240.0], [3132.15, 12880.0], [3132.05, 40000.0], [3131.85, 14925.0], [3131.8, 50000.0], [3131.6, 1073.0], [3131.55, 3596.0], [3131.4, 1073.0], [3131.25, 3596.0], [3131.1, 1073.0], [3131.05, 3595.0], [3130.95, 6685.0], [3130.85, 19261.0], [3130.8, 9325.0], [3130.65, 41588.0], [3130.6, 75000.0], [3130.5, 6415.0], [3130.45, 18355.0]], "asks": [[3133.55, 1561.0], [3133.6, 5217.0], [3133.7, 330.0], [3133.85, 305.0], [3134.0, 589.0], [3134.2, 62.0], [3134.25, 656.0], [3134.35, 1172.0], [3134.4, 5104.0], [3134.45, 1841.0], [3134.5, 1798.0], [3134.55, 305.0], [3134.6, 1154.0], [3134.65, 3755.0], [3134.7, 1186.0], [3134.75, 3597.0], [3134.85, 1547.0], [3134.95, 5183.0], [3135.0, 1086.0], [3135.15, 3639.0]]}}}
{"jsonrpc": "2.0", "method": "subscription", "params": {"channel": "book.ETH-PERPETUAL.none.20.100ms", "data": {"timestamp": 1763392594769, "change_id": 97330747707, "instrument_name": "ETH-PERPETUAL", "bids": [[3132.3, 5100.0], [3130.95, 1073.0], [3130.85, 10.0], [3130.8, 10299.0], [3130.65, 36957.0], [3130.5, 6415.0], [3130.45, 18355.0], [3130.4, 3595.0], [3130.2, 1212.0], [3130.15, 3592.0], [3130.05, 1072.0], [3129.95, 3592.0], [3129.85, 1074.0], [3129.75, 3598.0], [3129.7, 22388.0], [3129.65, 75000.0], [3129.5, 1074.0], [3129.45, 3598.0], [3129.3, 1294.0], [3129.25, 738.0]], "asks": [[3132.8, 17026.0], [3133.0, 265.0], [3133.8, 3597.0], [3133.9, 3597.0], [3133.95, 839.0], [3134.1, 22388.0], [3134.15, 75000.0], [3134.35, 1501.0], [3134.4, 10023.0], [3134.45, 20049.0], [3134.65, 5309.0], [3134.7, 17784.0], [3134.85, 1099.0], [3134.95, 3597.0], [3135.0, 1086.0], [3135.15, 3639.0], [3135.25, 22388.0], [3135.3, 75000.0], [3135.35, 8935.0], [3135.4, 28407.0]]}}}
{"jsonrpc": "2.0", "method": "subscription", "params": {"channel": "book.ETH-PERPETUAL.none.20.100ms", "data": {"timestamp": 1763392595095, "change_id": 97330749864, "instrument_name": "ETH-PERPETUAL", "bids": [[3131.95, 17082.0], [3131.8, 7373.0], [3131.75, 24700.0], [3131.25, 140.0], [3131.05, 1830.0], [3131.0, 4700.0], [3130.95, 5840.0], [3130.9, 8307.0], [3130.85, 4700.0], [3130.8, 36446.0], [3130.75, 75000.0], [3130.65, 16674.0], [3130.6, 3597.0], [3130.5, 6415.0], [3130.45, 18355.0], [3130.4, 3595.0], [3130.2, 1072.0], [3130.15, 3592.0], [3130.05, 6887.0], [3129.95, 23073.0]], "asks": [[3132.5, 5099.0], [3132.85, 97.0], [3133.0, 265.0], [3133.25, 1074.0], [3133.3, 3597.0], [3133.35, 4580.0], [3133.4, 3597.0], [3133.5, 7319.0], [3133.55, 21381.0], [3133.6, 10.0], [3133.65, 3597.0], [3133.75, 1074.0], [3133.8, 3597.0], [3133.9, 1798.0], [3134.05, 7898.0], [3134.3, 1074.0], [3134.4, 3597.0], [3134.85, 1099.0], [3134.95, 3597.0], [3135.0, 1086.0]]}}}
{"jsonrpc": "2.0", "method": "subscription", "params": {"channel": "book.ETH-PERPETUAL.none.20.100ms", "data": {"timestamp": 1763392595447, "change_id": 97330751089, "instrument_name": "ETH-PERPETUAL", "bids": [[3131.95, 17082.0], [3131.65, 1887.0], [3131.3, 10000.0], [3131.25, 140.0], [3131.2, 1074.0], [3131.15, 3597.0], [3131.05, 1830.0], [3131.0, 4700.0], [3130.95, 7320.0], [3130.9, 8307.0], [3130.85, 4700.0], [3130.8, 26312.0], [3130.75, 75000.0], [3130.65, 1074.0], [3130.6, 3597.0], [3130.5, 9937.0], [3130.45, 18355.0], [3130.4, 3595.0], [3130.35, 14086.0], [3130.25, 1499.0]], "asks": [[3132.6, 78.0], [3133.2, 1074.0], [3133.25, 18858.0], [3133.3, 3597.0], [3133.35, 12080.0], [3133.4, 3597.0], [3133.45, 20008.0], [3133.5, 1074.0], [3133.55, 3597.0], [3133.75, 1074.0], [3133.8, 4671.0], [3133.95, 3597.0], [3134.15, 4657.0], [3134.2, 19197.0], [3134.3, 1074.0], [3134.35, 3609.0], [3134.4, 3597.0], [3134.5, 1074.0], [3134.55, 3597.0], [3134.85, 1099.0]]}}}
{"jsonrpc": "2.0", "method": "subscription", "params": {"channel": "book.ETH-PERPETUAL.none.20.100ms", "data": {"timestamp": 1763392595786, "change_id": 97330752022, "instrument_name": "ETH-PERPETUAL", "bids": [[3132.2, 17082.0], [3132.0, 20000.0], [3131.65, 1887.0], [3131.45, 1074.0], [3131.4, 3597.0], [3131.3, 10000.0], [3131.25, 160.0], [3131.2, 1074.0], [3131.15, 3597.0], [3131.05, 1830.0], [3131.0, 4700.0], [3130.95, 5840.0], [3130.9, 3597.0], [3130.8, 20582.0], [3130.65, 1074.0], [3130.6, 3597.0], [3130.5, 9937.0], [3130.45, 18355.0], [3130.4, 3595.0], [3130.35, 14086.0]], "asks": [[3132.9, 263.0], [3133.2, 14925.0], [3133.25, 1074.0], [3133.6, 1798.0], [3133.75, 1074.0], [3133.8, 4671.0], [3133.95, 3597.0], [3134.15, 11108.0], [3134.2, 19197.0], [3134.25, 20012.0], [3134.3, 1074.0], [3134.35, 3609.0], [3134.4, 3597.0], [3134.5, 1074.0], [3134.55, 3597.0], [3134.65, 1074.0], [3134.7, 3597.0], [3134.85, 1099.0], [3134.95, 3597.0], [3135.0, 1086.0]]}}}
{"jsonrpc": "2.0", "method": "subscription", "params": {"channel": "book.ETH-PERPETUAL.none.20.100ms", "data": {"timestamp": 1763392596110, "change_id": 97330753186, "instrument_name": "ETH-PERPETUAL", "bids": [[3132.05, 5970.0], [3132.0, 20000.0], [3131.3, 10000.0], [3131.2, 1074.0], [3131.15, 3597.0], [3131.05, 1830.0], [3131.0, 4700.0], [3130.95, 5840.0], [3130.9, 3597.0], [3130.85, 20.0], [3130.65, 1074.0], [3130.6, 3597.0], [3130.4, 3595.0], [3130.35, 14086.0], [3130.2, 1072.0], [3130.15, 3592.0], [3130.05, 1072.0], [3129.95, 3592.0], [3129.9, 1074.0], [3129.75, 3598.0]], "asks": [[3132.7, 1936.0], [3132.9, 263.0], [3133.2, 14925.0], [3133.25, 1074.0], [3133.6, 1798.0], [3133.75, 1074.0], [3133.8, 4671.0], [3133.95, 3597.0], [3134.15, 11108.0], [3134.2, 19197.0], [3134.3, 1074.0], [3134.35, 3609.0], [3134.4, 3597.0], [3134.5, 1074.0], [3134.55, 3597.0], [3134.65, 1074.0], [3134.7, 3597.0], [3134.75, 6005.0], [3134.8, 20117.0], [3134.85, 1099.0]]}}}
{"jsonrpc": "2.0", "method": "subscription", "params": {"channel": "book.ETH-PERPETUAL.none.20.100ms", "data": {"timestamp": 1763392596430, "change_id": 97330754290, "instrument_name": "ETH-PERPETUAL", "bids": [[3132.0, 20000.0], [3131.35, 3027.0], [3131.3, 10000.0], [3131.2, 1074.0], [3131.15, 3597.0], [3131.05, 1830.0], [3131.0, 4700.0], [3130.95, 5840.0], [3130.9, 3597.0], [3130.85, 20.0], [3130.65, 1074.0], [3130.6, 3597.0], [3130.5, 5278.0], [3130.4, 3595.0], [3130.35, 14086.0], [3130.2, 1072.0], [3130.15, 3592.0], [3130.05, 1072.0], [3129.95, 3592.0], [3129.9, 1074.0]], "asks": [[3132.7, 1936.0], [3132.9, 263.0], [3133.2, 12217.0], [3133.6, 1798.0], [3133.75, 1074.0], [3133.8, 11053.0], [3133.95, 3597.0], [3134.15, 11108.0], [3134.2, 19197.0], [3134.3, 1074.0], [3134.35, 3609.0], [3134.4, 3597.0], [3134.5, 1074.0], [3134.55, 3597.0], [3134.65, 1074.0], [3134.7, 3597.0], [3134.75, 6005.0], [3134.8, 20117.0], [3134.85, 1099.0], [3134.95, 3597.0]]}}}
{"jsonrpc": "2.0", "method": "subscription", "params": {"channel": "book.ETH-PERPETUAL.none.20.100ms", "data": {"timestamp": 1763392596779, "change_id": 97330755459, "instrument_name": "ETH-PERPETUAL", "bids": [[3132.2, 17082.0], [3132.0, 1403.0], [3131.95, 4700.0], [3131.85, 1403.0], [3131.8, 4700.0], [3131.6, 4209.0], [3131.55, 17149.0], [3131.5, 5100.0], [3131.4, 3593.0], [3131.2, 1094.0], [3131.15, 3593.0], [3131.05, 22388.0], [3131.0, 75000.0], [3130.95, 1140.0], [3130.9, 3597.0], [3130.65, 1074.0], [3130.6, 3597.0], [3130.5, 5278.0], [3130.4, 3595.0], [3130.35, 14086.0]], "asks": [[3132.7, 1015.0], [3132.75, 3400.0], [3132.9, 78.0], [3133.5, 1073.0], [3133.55, 3593.0], [3133.65, 1074.0], [3133.8, 4671.0], [3133.95, 3597.0], [3134.05, 4657.0], [3134.1, 15600.0], [3134.15, 1074.0], [3134.2, 3597.0], [3134.3, 2462.0], [3134.35, 5110.0], [3134.4, 3597.0], [3134.5, 1074.0], [3134.55, 3597.0], [3134.65, 1074.0], [3134.7, 3597.0], [3134.75, 6005.0]]}}}
{"jsonrpc": "2.0", "method": "subscription", "params": {"channel": "book.ETH-PERPETUAL.none.20.100ms", "data": {"timestamp": 1763392597087, "change_id": 97330757077, "instrument_name": "ETH-PERPETUAL", "bids": [[3132.45, 17082.0], [3132.05, 476.0], [3132.0, 4209.0], [3131.95, 14700.0], [3131.85, 1403.0], [3131.8, 4700.0], [3131.7, 2475.0], [3131.65, 3593.0], [3131.55, 7169.0], [3131.5, 5100.0], [3131.4, 3593.0], [3131.2, 1074.0], [3131.15, 3593.0], [3131.05, 22388.0], [3131.0, 76499.0], [3130.95, 1140.0], [3130.9, 3597.0], [3130.65, 1074.0], [3130.6, 3597.0], [3130.5, 5278.0]], "asks": [[3132.5, 9229.0], [3133.25, 1119.0], [3133.3, 3594.0], [3133.35, 1073.0], [3133.4, 3595.0], [3133.5, 2545.0], [3133.55, 5391.0], [3133.6, 1796.0], [3133.65, 1074.0], [3133.8, 4671.0], [3133.85, 50000.0], [3133.95, 3597.0], [3134.05, 4657.0], [3134.1, 15600.0], [3134.15, 1074.0], [3134.2, 3597.0], [3134.3, 2462.0], [3134.35, 3609.0], [3134.4, 3597.0], [3134.5, 1074.0]]}}}
{"jsonrpc": "2.0", "method": "subscription", "params": {"channel": "book.ETH-PERPETUAL.none.20.100ms", "data": {"timestamp": 1763392597440, "change_id": 97330758813, "instrument_name": "ETH-PERPETUAL", "bids": [[3133.2, 11702.0], [3132.45, 3125.0], [3132.4, 13594.0], [3132.25, 1073.0], [3132.15, 3594.0], [3132.05, 476.0], [3132.0, 5880.0], [3131.95, 58294.0], [3131.9, 6820.0], [3131.85, 1403.0], [3131.8, 4700.0], [3131.7, 2475.0], [3131.65, 3593.0], [3131.55, 5841.0], [3131.4, 3593.0], [3131.25, 1499.0], [3131.2, 1074.0], [3131.15, 3593.0], [3131.05, 22388.0], [3131.0, 75000.0]], "asks": [[3133.3, 3400.0], [3133.6, 313.0], [3133.65, 1074.0], [3133.8, 4671.0], [3133.95, 3597.0], [3134.15, 1074.0], [3134.2, 7192.0], [3134.3, 1074.0], [3134.4, 10644.0], [3134.5, 20011.0], [3134.55, 3597.0], [3134.6, 15861.0], [3134.7, 54747.0], [3134.85, 3853.0], [3134.9, 11039.0], [3134.95, 21383.0], [3135.0, 15600.0], [3135.1, 1074.0], [3135.15, 3597.0], [3135.25, 22388.0]]}}}
{"jsonrpc": "2.0", "method": "subscription", "params": {"channel": "book.ETH-PERPETUAL.none.20.100ms", "data": {"timestamp": 1763392597774, "change_id": 97330760764, "instrument_name": "ETH-PERPETUAL", "bids": [[3132.45, 741.0], [3131.45, 2239.0], [3131.4, 7500.0], [3131.35, 2030.0], [3131.3, 10394.0], [3131.2, 1073.0], [3131.1, 3594.0], [3130.95, 1140.0], [3130.9, 3597.0], [3130.8, 20.0], [3130.65, 1074.0], [3130.6, 3597.0], [3130.5, 1073.0], [3130.4, 3595.0], [3130.2, 1072.0], [3130.15, 3592.0], [3130.05, 1072.0], [3129.95, 3592.0], [3129.9, 1074.0], [3129.8, 140.0]], "asks": [[3132.55, 17082.0], [3132.7, 1169.0], [3132.75, 3400.0], [3132.95, 14925.0], [3133.0, 50000.0], [3133.25, 1371.0], [3133.3, 1000.0], [3133.35, 3594.0], [3133.4, 1073.0], [3133.45, 3596.0], [3133.5, 1073.0], [3133.55, 3594.0], [3133.65, 10505.0], [3133.75, 20008.0], [3133.8, 4671.0], [3133.95, 3597.0], [3134.1, 8119.0], [3134.15, 17785.0], [3134.2, 3597.0], [3134.3, 1074.0]]}}}
{"jsonrpc": "2.0", "method": "subscription", "params": {"channel": "book.ETH-PERPETUAL.none.20.100ms", "data": {"timestamp": 1763392598097, "change_id": 97330762106, "instrument_name": "ETH-PERPETUAL", "bids": [[3132.45, 137.0], [3131.65, 2239.0], [3131.6, 7500.0], [3131.35, 2030.0], [3131.3, 10393.0], [3131.2, 1073.0], [3131.1, 3594.0], [3130.95, 1140.0], [3130.9, 3597.0], [3130.8, 20.0], [3130.65, 1074.0], [3130.6, 3597.0], [3130.5, 1073.0], [3130.4, 3595.0], [3130.2, 1072.0], [3130.15, 3592.0], [3130.05, 1072.0], [3130.0, 1499.0], [3129.95, 3592.0], [3129.9, 1074.0]], "asks": [[3132.5, 20482.0], [3133.25, 7168.0], [3133.3, 21008.0], [3133.35, 3594.0], [3133.4, 1073.0], [3133.45, 3596.0], [3133.5, 1073.0], [3133.55, 3594.0], [3133.65, 1074.0], [3133.75, 17784.0], [3133.8, 4671.0], [3133.95, 3597.0], [3134.15, 1074.0], [3134.2, 3597.0], [3134.25, 1501.0], [3134.3, 1074.0], [3134.4, 3597.0], [3134.5, 1074.0], [3134.55, 3597.0], [3134.6, 1074.0]]}}}
{"jsonrpc": "2.0", "method": "subscription", "params": {"channel": "book.ETH-PERPETUAL.none.20.100ms", "data": {"timestamp": 1763392598415, "change_id": 97330763719, "instrument_name": "ETH-PERPETUAL", "bids": [[3130.3, 140.0], [3130.2, 11940.0], [3130.15, 40000.0], [3129.85, 20.0], [3129.7, 22388.0], [3129.65, 75000.0], [3129.6, 6895.0], [3129.55, 19500.0], [3129.45, 3598.0], [3129.3, 6431.0], [3129.25, 738.0], [3129.15, 7534.0], [3129.05, 13187.0], [3129.0, 1074.0], [3128.95, 3598.0], [3128.85, 1074.0], [3128.8, 1499.0], [3128.75, 3598.0], [3128.7, 8597.0], [3128.6, 3590.0]], "asks": [[3132.35, 2000.0], [3132.5, 21462.0], [3133.1, 1501.0], [3133.15, 8902.0], [3133.2, 21637.0], [3133.25, 7168.0], [3133.3, 3595.0], [3133.35, 3594.0], [3133.5, 1073.0], [3133.55, 3594.0], [3133.65, 1074.0], [3133.8, 4671.0], [3133.95, 3597.0], [3134.0, 28195.0], [3134.05, 76168.0], [3134.1, 19456.0], [3134.15, 1074.0], [3134.2, 3597.0], [3134.3, 1074.0], [3134.4, 3597.0]]}}}
{"jsonrpc": "2.0", "method": "subscription", "params": {"channel": "book.ETH-PERPETUAL.none.20.100ms", "data": {"timestamp": 1763392598755, "change_id": 97330765079, "instrument_name": "ETH-PERPETUAL", "bids": [[3131.25, 9730.0], [3131.1, 2239.0], [3131.05, 7500.0], [3130.6, 2170.0], [3130.55, 6800.0], [3130.5, 1073.0], [3130.45, 3593.0], [3130.3, 20.0], [3130.2, 15860.0], [3130.15, 3593.0], [3130.05, 50000.0], [3130.0, 1073.0], [3129.95, 3593.0], [3129.7, 22388.0], [3129.65, 78593.0], [3129.6, 6895.0], [3129.55, 19500.0], [3129.45, 3598.0], [3129.3, 1294.0], [3129.25, 738.0]], "asks": [[3131.6, 1015.0], [3131.65, 3400.0], [3132.3, 1073.0], [3132.45, 25823.0], [3132.5, 2780.0], [3132.55, 51796.0], [3132.7, 1073.0], [3132.75, 3593.0], [3133.05, 12909.0], [3133.1, 20008.0], [3133.15, 3593.0], [3133.2, 39652.0], [3133.25, 1371.0], [3133.35, 3594.0], [3133.5, 1073.0], [3133.55, 3594.0], [3133.65, 1074.0], [3133.8, 4671.0], [3133.95, 3597.0], [3134.0, 28195.0]]}}}
{"jsonrpc": "2.0", "method": "subscription", "params": {"channel": "book.ETH-PERPETUAL.none.20.100ms", "data": {"timestamp": 1763392599080, "change_id": 97330766273, "instrument_name": "ETH-PERPETUAL", "bids": [[3131.45, 17082.0], [3131.25, 10000.0], [3130.85, 2030.0], [3130.8, 6800.0], [3130.7, 1073.0], [3130.65, 3593.0], [3130.6, 140.0], [3130.5, 1073.0], [3130.45, 3593.0], [3130.3, 20.0], [3130.2, 15860.0], [3130.15, 3593.0], [3130.1, 50000.0], [3130.0, 1073.0], [3129.95, 3593.0], [3129.7, 22388.0], [3129.65, 80092.0], [3129.6, 6895.0], [3129.55, 19500.0], [3129.45, 3598.0]], "asks": [[3131.9, 1015.0], [3131.95, 3400.0], [3132.45, 15203.0], [3132.5, 930.0], [3132.6, 50000.0], [3132.65, 7045.0], [3132.7, 20009.0], [3132.75, 4666.0], [3132.8, 1800.0], [3132.85, 1796.0], [3132.95, 8902.0], [3133.0, 17784.0], [3133.15, 10121.0], [3133.2, 22941.0], [3133.35, 3594.0], [3133.5, 2241.0], [3133.55, 3594.0], [3133.65, 1074.0], [3133.8, 4671.0], [3133.9, 1501.0]]}}}
{"jsonrpc": "2.0", "method": "subscription", "params": {"channel": "book.ETH-PERPETUAL.none.20.100ms", "data": {"timestamp": 1763392599414, "change_id": 97330767895, "instrument_name": "ETH-PERPETUAL", "bids": [[3131.25, 10000.0], [3131.1, 2030.0], [3131.05, 6800.0], [3130.95, 1072.0], [3130.75, 15998.0], [3130.65, 3593.0], [3130.6, 140.0], [3130.5, 1073.0], [3130.45, 3613.0], [3130.2, 1073.0], [3130.15, 3593.0], [3130.0, 1073.0], [3129.95, 3593.0], [3129.7, 22388.0], [3129.65, 78593.0], [3129.6, 6895.0], [3129.55, 19500.0], [3129.45, 3598.0], [3129.3, 1294.0], [3129.25, 738.0]], "asks": [[3132.3, 5803.0], [3132.5, 931.0], [3132.8, 5972.0], [3132.85, 20008.0], [3132.9, 1073.0], [3132.95, 3593.0], [3133.05, 1610.0], [3133.15, 3593.0], [3133.2, 3595.0], [3133.3, 1073.0], [3133.35, 8765.0], [3133.4, 3595.0], [3133.45, 17784.0], [3133.5, 1073.0], [3133.55, 3594.0], [3133.75, 1074.0], [3133.8, 5684.0], [3133.9, 3853.0], [3133.95, 3597.0], [3134.05, 5808.0]]}}}
{"jsonrpc": "2.0", "method": "subscription", "params": {"channel": "book.ETH-PERPETUAL.none.20.100ms", "data": {"timestamp": 1763392599759, "change_id": 97330769304, "instrument_name": "ETH-PERPETUAL", "bids": [[3131.3, 10000.0], [3131.05, 6800.0], [3130.75, 1073.0], [3130.65, 3593.0], [3130.6, 140.0], [3130.5, 1073.0], [3130.45, 3613.0], [3130.2, 1073.0], [3130.15, 3593.0], [3130.0, 15860.0], [3129.95, 3593.0], [3129.9, 50000.0], [3129.7, 22388.0], [3129.65, 78593.0], [3129.6, 6895.0], [3129.55, 19500.0], [3129.5, 1499.0], [3129.45, 3598.0], [3129.3, 1294.0], [3129.25, 738.0]], "asks": [[3131.85, 2432.0], [3131.95, 5100.0], [3132.3, 703.0], [3132.4, 5972.0], [3132.45, 20008.0], [3132.5, 931.0], [3132.7, 3591.0], [3132.8, 1795.0], [3132.85, 1073.0], [3132.9, 10375.0], [3132.95, 21377.0], [3133.05, 1073.0], [3133.15, 3593.0], [3133.3, 1073.0], [3133.35, 3594.0], [3133.5, 1073.0], [3133.55, 3594.0], [3133.65, 1870.0], [3133.7, 1501.0], [3133.8, 6852.0]]}}}
{"jsonrpc": "2.0", "method": "subscription", "params": {"channel": "book.ETH-PERPETUAL.none.20.100ms", "data": {"timestamp": 1763392600085, "change_id": 97330771074, "instrument_name": "ETH-PERPETUAL", "bids": [[3130.85, 2985.0], [3130.8, 10140.0], [3130.35, 1451.0], [3130.25, 4700.0], [3130.2, 20.0], [3129.9, 1072.0], [3129.85, 3591.0], [3129.75, 73460.0], [3129.65, 78592.0], [3129.6, 6895.0], [3129.55, 19500.0], [3129.45, 3598.0], [3129.3, 2793.0], [3129.25, 738.0], [3129.15, 3598.0], [3129.0, 1074.0], [3128.95, 3598.0], [3128.85, 10300.0], [3128.75, 21360.0], [3128.7, 16672.0]], "asks": [[3131.55, 1522.0], [3131.6, 5100.0], [3132.2, 15433.0], [3132.25, 50000.0], [3132.3, 1703.0], [3132.45, 1799.0], [3132.5, 1.0], [3132.55, 5972.0], [3132.6, 22153.0], [3132.65, 3594.0], [3132.7, 3591.0], [3132.85, 5309.0], [3132.9, 18857.0], [3132.95, 3593.0], [3133.05, 1073.0], [3133.15, 3593.0], [3133.3, 1073.0], [3133.35, 3594.0], [3133.5, 1073.0], [3133.55, 3594.0]]}}}
{"jsonrpc": "2.0", "method": "subscription", "params": {"channel": "book.ETH-PERPETUAL.none.20.100ms", "data": {"timestamp": 1763392600424, "change_id": 97330772374, "instrument_name": "ETH-PERPETUAL", "bids": [[3131.2, 2094.0], [3131.15, 10000.0], [3131.1, 5099.0], [3131.05, 17082.0], [3130.75, 1522.0], [3130.7, 5100.0], [3130.55, 20.0], [3130.3, 17084.0], [3130.25, 8292.0], [3130.2, 50000.0], [3130.1, 1072.0], [3130.05, 3592.0], [3129.95, 1499.0], [3129.9, 1072.0], [3129.85, 3591.0], [3129.7, 23460.0], [3129.65, 78592.0], [3129.6, 6895.0], [3129.55, 19500.0], [3129.45, 3598.0]], "asks": [[3131.95, 1523.0], [3132.0, 5100.0], [3132.3, 497.0], [3132.5, 1.0], [3132.6, 1072.0], [3132.7, 3591.0], [3132.8, 15998.0], [3132.85, 50000.0], [3132.9, 24676.0], [3132.95, 3593.0], [3133.1, 1073.0], [3133.15, 3593.0], [3133.25, 6381.0], [3133.3, 17784.0], [3133.35, 3594.0], [3133.5, 1073.0], [3133.55, 3594.0], [3133.75, 1074.0], [3133.8, 4671.0], [3133.95, 31792.0]]}}}
{"jsonrpc": "2.0", "method": "subscription", "params": {"channel": "book.ETH-PERPETUAL.none.20.100ms", "data": {"timestamp": 1763392600758, "change_id": 97330773277, "instrument_name": "ETH-PERPETUAL", "bids": [[3131.3, 10000.0], [3131.1, 2595.0], [3131.05, 5100.0], [3130.9, 20.0], [3130.8, 1072.0], [3130.75, 3592.0], [3130.55, 1072.0], [3130.5, 3592.0], [3130.45, 14925.0], [3130.4, 50000.0], [3130.3, 1072.0], [3130.25, 3592.0], [3130.1, 1072.0], [3130.05, 3592.0], [3129.95, 1499.0], [3129.9, 1072.0], [3129.85, 3591.0], [3129.7, 23460.0], [3129.65, 78592.0], [3129.6, 6895.0]], "asks": [[3131.95, 8045.0], [3132.15, 1800.0], [3132.2, 5100.0], [3132.3, 930.0], [3132.5, 1.0], [3132.65, 1609.0], [3132.7, 3591.0], [3132.75, 22401.0], [3132.8, 1796.0], [3132.85, 70008.0], [3132.9, 1073.0], [3132.95, 3593.0], [3133.1, 1073.0], [3133.15, 3593.0], [3133.25, 6381.0], [3133.3, 17784.0], [3133.35, 3594.0], [3133.5, 1073.0], [3133.55, 3594.0], [3133.7, 1168.0]]}}}
{"jsonrpc": "2.0", "method": "subscription", "params": {"channel": "book.ETH-PERPETUAL.none.20.100ms", "data": {"timestamp": 1763392601072, "change_id": 97330774744, "instrument_name": "ETH-PERPETUAL", "bids": [[3131.3, 4700.0], [3131.05, 7500.0], [3130.65, 2595.0], [3130.6, 5100.0], [3130.5, 3592.0], [3130.4, 20.0], [3130.35, 1072.0], [3130.25, 3592.0], [3130.1, 1072.0], [3130.05, 3592.0], [3129.9, 1072.0], [3129.85, 3591.0], [3129.75, 38385.0], [3129.65, 128592.0], [3129.6, 6895.0], [3129.55, 19500.0], [3129.45, 3598.0], [3129.35, 140.0], [3129.3, 1499.0], [3129.25, 738.0]], "asks": [[3131.35, 13285.0], [3131.55, 5100.0], [3132.2, 15203.0], [3132.25, 51800.0], [3132.3, 2538.0], [3132.35, 3592.0], [3132.45, 3596.0], [3132.5, 5973.0], [3132.55, 20007.0], [3132.6, 1072.0], [3132.7, 3591.0], [3132.85, 5309.0], [3132.9, 18857.0], [3132.95, 3593.0], [3133.1, 1073.0], [3133.15, 3593.0], [3133.3, 1073.0], [3133.35, 3594.0], [3133.45, 1501.0], [3133.5, 1073.0]]}}}
{"jsonrpc": "2.0", "method": "subscription", "params": {"channel": "book.ETH-PERPETUAL.none.20.100ms", "data": {"timestamp": 1763392601411, "change_id": 97330775637, "instrument_name": "ETH-PERPETUAL", "bids": [[3131.3, 15326.0], [3130.8, 7500.0], [3130.65, 2595.0], [3130.6, 5100.0], [3130.5, 3592.0], [3130.35, 1072.0], [3130.25, 3592.0], [3130.1, 1072.0], [3130.05, 3592.0], [3129.95, 20.0], [3129.9, 15860.0], [3129.85, 3591.0], [3129.75, 73460.0], [3129.65, 78592.0], [3129.6, 6895.0], [3129.55, 19500.0], [3129.5, 1499.0], [3129.45, 3598.0], [3129.35, 140.0], [3129.25, 738.0]], "asks": [[3131.35, 18385.0], [3132.1, 15860.0], [3132.15, 60914.0], [3132.25, 23602.0], [3132.3, 2002.0], [3132.35, 3592.0], [3132.5, 1.0], [3132.6, 1072.0], [3132.7, 3591.0], [3132.75, 5309.0], [3132.8, 17784.0], [3132.9, 1073.0], [3132.95, 3593.0], [3133.1, 1073.0], [3133.15, 3593.0], [3133.3, 1073.0], [3133.35, 3594.0], [3133.5, 2241.0], [3133.55, 3594.0], [3133.7, 1501.0]]}}}
{"jsonrpc": "2.0", "method": "subscription", "params": {"channel": "book.ETH-PERPETUAL.none.20.100ms", "data": {"timestamp": 1763392601737, "change_id": 97330777010, "instrument_name": "ETH-PERPETUAL", "bids": [[3130.4, 7500.0], [3130.0, 11940.0], [3129.95, 40000.0], [3129.6, 20938.0], [3129.5, 20.0], [3129.45, 3598.0], [3129.3, 1294.0], [3129.25, 738.0], [3129.15, 3598.0], [3129.0, 1074.0], [3128.95, 3598.0], [3128.85, 1521.0], [3128.8, 1499.0], [3128.75, 3598.0], [3128.7, 1072.0], [3128.6, 3590.0], [3128.45, 140.0], [3128.4, 1072.0], [3128.35, 3590.0], [3128.25, 22254.0]], "asks": [[3131.1, 520.0], [3131.3, 1522.0], [3131.35, 5100.0], [3131.85, 1608.0], [3131.9, 3591.0], [3132.0, 4595.0], [3132.1, 1072.0], [3132.15, 15286.0], [3132.2, 20007.0], [3132.25, 3595.0], [3132.3, 18856.0], [3132.35, 3592.0], [3132.45, 1072.0], [3132.5, 3592.0], [3132.6, 1072.0], [3132.7, 3591.0], [3132.85, 1501.0], [3132.9, 1073.0], [3132.95, 3593.0], [3133.1, 1073.0]]}}}
{"jsonrpc": "2.0", "method": "subscription", "params": {"channel": "book.ETH-PERPETUAL.none.20.100ms", "data": {"timestamp": 1763392602059, "change_id": 97330778390, "instrument_name": "ETH-PERPETUAL", "bids": [[3129.9, 7500.0], [3129.6, 4700.0], [3129.55, 4700.0], [3129.25, 738.0], [3129.0, 1074.0], [3128.95, 3618.0], [3128.85, 1074.0], [3128.75, 3598.0], [3128.7, 1072.0], [3128.6, 3590.0], [3128.4, 1072.0], [3128.35, 3590.0], [3128.25, 22254.0], [3128.2, 3730.0], [3128.15, 75000.0], [3128.1, 1499.0], [3128.05, 6030.0], [3128.0, 15600.0], [3127.95, 3596.0], [3127.9, 5332.0]], "asks": [[3130.6, 7871.0], [3130.8, 1546.0], [3131.05, 1678.0], [3131.1, 5100.0], [3131.45, 5972.0], [3131.55, 22152.0], [3131.6, 3591.0], [3131.7, 4595.0], [3131.8, 5309.0], [3131.85, 19392.0], [3131.9, 3591.0], [3132.1, 1072.0], [3132.15, 8248.0], [3132.2, 15600.0], [3132.3, 1072.0], [3132.35, 3592.0], [3132.45, 1072.0], [3132.5, 3592.0], [3132.6, 1072.0], [3132.7, 3591.0]]}}}
{"jsonrpc": "2.0", "method": "subscription", "params": {"channel": "book.ETH-PERPETUAL.none.20.100ms", "data": {"timestamp": 1763392602400, "change_id": 97330780490, "instrument_name": "ETH-PERPETUAL", "bids": [[3129.85, 14186.0], [3129.6, 12200.0], [3129.55, 4700.0], [3129.25, 738.0], [3129.0, 1074.0], [3128.95, 3598.0], [3128.85, 1094.0], [3128.75, 3598.0], [3128.7, 15860.0], [3128.65, 50000.0], [3128.6, 3590.0], [3128.4, 1072.0], [3128.35, 3590.0], [3128.25, 22254.0], [3128.2, 3730.0], [3128.15, 75000.0], [3128.05, 1373.0], [3127.95, 3596.0], [3127.9, 5779.0], [3127.85, 19359.0]], "asks": [[3130.3, 10199.0], [3130.35, 17082.0], [3131.0, 5972.0], [3131.05, 20007.0], [3131.1, 1608.0], [3131.15, 3591.0], [3131.2, 2729.0], [3131.25, 3165.0], [3131.4, 3591.0], [3131.55, 1072.0], [3131.6, 3591.0], [3131.8, 6810.0], [3131.85, 18856.0], [3131.9, 3591.0], [3132.1, 1072.0], [3132.15, 8248.0], [3132.2, 15600.0], [3132.3, 1072.0], [3132.35, 3592.0], [3132.45, 6796.0]]}}}
{"jsonrpc": "2.0", "method": "subscription", "params": {"channel": "book.ETH-PERPETUAL.none.20.100ms", "data": {"timestamp": 1763392602754, "change_id": 97330781975, "instrument_name": "ETH-PERPETUAL", "bids": [[3129.5, 7500.0], [3129.45, 4700.0], [3129.3, 1743.0], [3129.25, 5978.0], [3128.85, 1094.0], [3128.75, 3598.0], [3128.7, 15860.0], [3128.6, 3590.0], [3128.4, 1072.0], [3128.35, 3590.0], [3128.25, 22254.0], [3128.2, 3590.0], [3128.15, 75000.0], [3128.1, 1163.0], [3128.05, 300.0], [3127.95, 3596.0], [3127.8, 1073.0], [3127.75, 3596.0], [3127.65, 2572.0], [3127.6, 3596.0]], "asks": [[3129.75, 17082.0], [3130.45, 1522.0], [3130.5, 6172.0], [3130.55, 3591.0], [3130.65, 1801.0], [3130.8, 1072.0], [3130.85, 3591.0], [3131.05, 5972.0], [3131.1, 21080.0], [3131.15, 3591.0], [3131.25, 6243.0], [3131.35, 17784.0], [3131.4, 3591.0], [3131.55, 1072.0], [3131.6, 3591.0], [3131.85, 1072.0], [3131.9, 3591.0], [3132.05, 23459.0], [3132.1, 75000.0], [3132.15, 8248.0]]}}}
{"jsonrpc": "2.0", "method": "subscription", "params": {"channel": "book.ETH-PERPETUAL.none.20.100ms", "data": {"timestamp": 1763392603080, "change_id": 97330784294, "instrument_name": "ETH-PERPETUAL", "bids": [[3129.25, 738.0], [3128.75, 7500.0], [3128.55, 1522.0], [3128.5, 5100.0], [3128.4, 1072.0], [3128.35, 3590.0], [3128.25, 1072.0], [3128.2, 3610.0], [3128.1, 1163.0], [3128.05, 300.0], [3127.95, 3596.0], [3127.8, 1073.0], [3127.75, 3596.0], [3127.65, 1073.0], [3127.6, 3596.0], [3127.45, 140.0], [3127.3, 27192.0], [3127.2, 79050.0], [3127.05, 1073.0], [3127.0, 3596.0]], "asks": [[3129.3, 21782.0], [3129.9, 16447.0], [3130.0, 5100.0], [3130.05, 1072.0], [3130.1, 3591.0], [3130.2, 3596.0], [3130.25, 7044.0], [3130.3, 20008.0], [3130.35, 3591.0], [3130.5, 1072.0], [3130.55, 3591.0], [3130.7, 5309.0], [3130.75, 17784.0], [3130.8, 1072.0], [3130.85, 3591.0], [3131.1, 1072.0], [3131.15, 3591.0], [3131.25, 1072.0], [3131.3, 1501.0], [3131.4, 22898.0]]}}}
{"jsonrpc": "2.0", "method": "subscription", "params": {"channel": "book.ETH-PERPETUAL.none.20.100ms", "data": {"timestamp": 1763392603396, "change_id": 97330786826, "instrument_name": "ETH-PERPETUAL", "bids": [[3128.15, 12200.0], [3128.05, 300.0], [3127.75, 20.0], [3127.65, 1073.0], [3127.6, 3596.0], [3127.45, 140.0], [3127.35, 16916.0], [3127.3, 3596.0], [3127.2, 54050.0], [3127.05, 1073.0], [3127.0, 3596.0], [3126.8, 1499.0], [3126.75, 1073.0], [3126.7, 3596.0], [3126.55, 22388.0], [3126.5, 75000.0], [3126.45, 5730.0], [3126.4, 19196.0], [3126.25, 3932.0], [3126.2, 13174.0]], "asks": [[3129.25, 17824.0], [3129.3, 21782.0], [3129.7, 14925.0], [3129.8, 5972.0], [3129.85, 20008.0], [3130.0, 5309.0], [3130.05, 20091.0], [3130.1, 4591.0], [3130.2, 3596.0], [3130.25, 6380.0], [3130.3, 1072.0], [3130.35, 3591.0], [3130.4, 1286.0], [3130.45, 4307.0], [3130.5, 1072.0], [3130.55, 3591.0], [3130.8, 1072.0], [3130.85, 3591.0], [3131.05, 1501.0], [3131.1, 1072.0]]}}}
{"jsonrpc": "2.0", "method": "subscription", "params": {"channel": "book.ETH-PERPETUAL.none.20.100ms", "data": {"timestamp": 1763392603735, "change_id": 97330788794, "instrument_name": "ETH-PERPETUAL", "bids": [[3128.45, 7500.0], [3128.4, 9800.0], [3128.05, 300.0], [3127.75, 20.0], [3127.65, 1073.0], [3127.6, 3596.0], [3127.5, 37313.0], [3127.45, 75000.0], [3127.35, 2282.0], [3127.3, 53596.0], [3127.2, 4050.0], [3127.05, 1073.0], [3127.0, 3596.0], [3126.8, 1639.0], [3126.75, 1073.0], [3126.7, 3596.0], [3126.55, 22388.0], [3126.5, 75000.0], [3126.45, 5730.0], [3126.4, 19196.0]], "asks": [[3129.2, 17824.0], [3129.25, 4700.0], [3129.3, 17082.0], [3129.9, 5972.0], [3129.95, 20008.0], [3130.05, 2307.0], [3130.1, 8185.0], [3130.25, 6243.0], [3130.3, 17784.0], [3130.35, 3591.0], [3130.5, 1072.0], [3130.55, 3591.0], [3130.8, 1072.0], [3130.85, 3591.0], [3131.1, 2573.0], [3131.15, 3591.0], [3131.25, 7146.0], [3131.4, 22898.0], [3131.55, 1072.0], [3131.6, 3591.0]]}}}
{"jsonrpc": "2.0", "method": "subscription", "params": {"channel": "book.ETH-PERPETUAL.none.20.100ms", "data": {"timestamp": 1763392604082, "change_id": 97330789873, "instrument_name": "ETH-PERPETUAL", "bids": [[3129.15, 2.0], [3128.55, 7500.0], [3128.45, 1403.0], [3128.4, 4700.0], [3128.25, 1522.0], [3128.2, 5100.0], [3128.1, 1161.0], [3128.05, 3889.0], [3127.75, 20.0], [3127.65, 1073.0], [3127.6, 3596.0], [3127.5, 34450.0], [3127.45, 75000.0], [3127.4, 50000.0], [3127.35, 2282.0], [3127.3, 3596.0], [3127.2, 4050.0], [3127.1, 1499.0], [3127.05, 1073.0], [3127.0, 3596.0]], "asks": [[3129.2, 22182.0], [3129.25, 4700.0], [3129.8, 14925.0], [3129.85, 50000.0], [3129.95, 5972.0], [3130.0, 20008.0], [3130.05, 2307.0], [3130.1, 8185.0], [3130.25, 1072.0], [3130.35, 3591.0], [3130.4, 5309.0], [3130.45, 17784.0], [3130.5, 1072.0], [3130.55, 3591.0], [3130.8, 1072.0], [3130.85, 3591.0], [3131.1, 1072.0], [3131.15, 3591.0], [3131.25, 7146.0], [3131.35, 1501.0]]}}}
{"jsonrpc": "2.0", "method": "subscription", "params": {"channel": "book.ETH-PERPETUAL.none.20.100ms", "data": {"timestamp": 1763392604405, "change_id": 97330790952, "instrument_name": "ETH-PERPETUAL", "bids": [[3129.15, 17084.0], [3128.9, 2239.0], [3128.85, 7500.0], [3128.45, 1423.0], [3128.4, 5771.0], [3128.35, 3589.0], [3128.25, 16259.0], [3128.2, 5100.0], [3128.15, 50000.0], [3128.1, 1161.0], [3128.05, 3889.0], [3127.7, 1499.0], [3127.65, 1073.0], [3127.6, 3596.0], [3127.5, 22388.0], [3127.45, 75000.0], [3127.35, 2282.0], [3127.3, 3596.0], [3127.2, 4050.0], [3127.05, 1073.0]], "asks": [[3129.2, 8025.0], [3129.8, 78.0], [3130.05, 2145.0], [3130.1, 7185.0], [3130.25, 1072.0], [3130.35, 3591.0], [3130.45, 5309.0], [3130.5, 15860.0], [3130.55, 3591.0], [3130.7, 17784.0], [3130.75, 5972.0], [3130.8, 21080.0], [3130.85, 3591.0], [3131.1, 1072.0], [3131.15, 3591.0], [3131.25, 7146.0], [3131.4, 22898.0], [3131.55, 1072.0], [3131.6, 3591.0], [3131.85, 1072.0]]}}}
{"jsonrpc": "2.0", "method": "subscription", "params": {"channel": "book.ETH-PERPETUAL.none.20.100ms", "data": {"timestamp": 1763392604747, "change_id": 97330791677, "instrument_name": "ETH-PERPETUAL", "bids": [[3129.15, 2.0], [3128.45, 7500.0], [3128.4, 4700.0], [3128.1, 1161.0], [3128.05, 300.0], [3127.9, 1071.0], [3127.85, 3589.0], [3127.7, 20.0], [3127.65, 1073.0], [3127.6, 3596.0], [3127.5, 22388.0], [3127.45, 75000.0], [3127.35, 2282.0], [3127.3, 3596.0], [3127.2, 4050.0], [3127.05, 1073.0], [3127.0, 3596.0], [3126.8, 1639.0], [3126.75, 1073.0], [3126.7, 3596.0]], "asks": [[3129.2, 14431.0], [3129.3, 844.0], [3129.5, 1522.0], [3129.55, 5100.0], [3129.65, 14925.0], [3129.7, 50000.0], [3129.95, 5972.0], [3130.0, 20008.0], [3130.05, 2145.0], [3130.1, 7185.0], [3130.2, 6243.0], [3130.3, 17784.0], [3130.35, 3591.0], [3130.5, 1072.0], [3130.55, 3591.0], [3130.8, 1072.0], [3130.85, 3591.0], [3131.1, 1072.0], [3131.15, 3591.0], [3131.2, 1501.0]]}}}
{"jsonrpc": "2.0", "method": "subscription", "params": {"channel": "book.ETH-PERPETUAL.none.20.100ms", "data": {"timestamp": 1763392605072, "change_id": 97330792773, "instrument_name": "ETH-PERPETUAL", "bids": [[3128.1, 20584.0], [3128.05, 300.0], [3127.7, 20.0], [3127.65, 1073.0], [3127.6, 3596.0], [3127.35, 2282.0], [3127.3, 3596.0], [3127.2, 4050.0], [3127.15, 14925.0], [3127.05, 1073.0], [3127.0, 53596.0], [3126.8, 140.0], [3126.75, 1073.0], [3126.7, 3596.0], [3126.55, 23887.0], [3126.5, 75000.0], [3126.45, 5730.0], [3126.4, 19196.0], [3126.3, 3932.0], [3126.2, 13174.0]], "asks": [[3128.15, 7984.0], [3128.65, 1035.0], [3128.7, 4700.0], [3128.8, 1403.0], [3128.85, 7192.0], [3128.9, 4962.0], [3128.95, 3589.0], [3129.05, 6340.0], [3129.1, 9800.0], [3129.25, 1071.0], [3129.3, 3589.0], [3129.35, 15861.0], [3129.45, 50000.0], [3129.55, 1071.0], [3129.6, 3589.0], [3129.8, 6907.0], [3129.85, 20008.0], [3129.9, 3589.0], [3129.95, 5309.0], [3130.0, 17784.0]]}}}
{"jsonrpc": "2.0", "method": "subscription", "params": {"channel": "book.ETH-PERPETUAL.none.20.100ms", "data": {"timestamp": 1763392605414, "change_id": 97330794657, "instrument_name": "ETH-PERPETUAL", "bids": [[3128.1, 182.0], [3128.05, 300.0], [3127.75, 7500.0], [3127.7, 4700.0], [3127.65, 1522.0], [3127.6, 5100.0], [3127.35, 2282.0], [3127.3, 3596.0], [3127.25, 20.0], [3127.2, 4050.0], [3127.05, 1073.0], [3127.0, 3596.0], [3126.8, 140.0], [3126.75, 1073.0], [3126.7, 3596.0], [3126.55, 22388.0], [3126.5, 75000.0], [3126.45, 1073.0], [3126.4, 3596.0], [3126.35, 1499.0]], "asks": [[3128.35, 3008.0], [3128.55, 2925.0], [3128.6, 5100.0], [3128.8, 2063.0], [3128.85, 6103.0], [3128.9, 4700.0], [3129.0, 2476.0], [3129.05, 3594.0], [3129.1, 4700.0], [3129.25, 1071.0], [3129.3, 3589.0], [3129.5, 7044.0], [3129.55, 20008.0], [3129.6, 3589.0], [3129.8, 1071.0], [3129.9, 3589.0], [3129.95, 5309.0], [3130.0, 17784.0], [3130.05, 1072.0], [3130.1, 3591.0]]}}}
{"jsonrpc": "2.0", "method": "subscription", "params": {"channel": "book.ETH-PERPETUAL.none.20.100ms", "data": {"timestamp": 1763392605739, "change_id": 97330796298, "instrument_name": "ETH-PERPETUAL", "bids": [[3127.35, 7500.0], [3127.3, 4700.0], [3127.25, 4700.0], [3127.2, 9150.0], [3126.8, 140.0], [3126.45, 1073.0], [3126.4, 3616.0], [3126.15, 1073.0], [3126.1, 3596.0], [3126.0, 1073.0], [3125.85, 3596.0], [3125.7, 1073.0], [3125.55, 25984.0], [3125.4, 76312.0], [3125.35, 3596.0], [3125.3, 800.0], [3125.2, 5302.0], [3125.15, 17762.0], [3125.1, 1163.0], [3125.05, 3896.0]], "asks": [[3128.3, 2420.0], [3128.35, 8108.0], [3128.4, 659.0], [3128.6, 15859.0], [3128.7, 3128.0], [3128.75, 7375.0], [3128.8, 20008.0], [3128.85, 4700.0], [3129.0, 1073.0], [3129.05, 3594.0], [3129.1, 3588.0], [3129.2, 10136.0], [3129.3, 19189.0], [3129.5, 1071.0], [3129.55, 17784.0], [3129.6, 3589.0], [3129.8, 1071.0], [3129.9, 3589.0], [3130.05, 1072.0], [3130.1, 3591.0]]}}}
{"jsonrpc": "2.0", "method": "subscription", "params": {"channel": "book.ETH-PERPETUAL.none.20.100ms", "data": {"timestamp": 1763392606068, "change_id": 97330797186, "instrument_name": "ETH-PERPETUAL", "bids": [[3127.45, 7500.0], [3127.25, 1209.0], [3127.2, 5572.0], [3127.15, 5100.0], [3126.75, 20.0], [3126.65, 1071.0], [3126.6, 3588.0], [3126.45, 23324.0], [3126.4, 3596.0], [3126.35, 75000.0], [3126.15, 1073.0], [3126.1, 3596.0], [3126.0, 1073.0], [3125.85, 3596.0], [3125.7, 1213.0], [3125.55, 25984.0], [3125.4, 76312.0], [3125.35, 3596.0], [3125.3, 800.0], [3125.15, 5302.0]], "asks": [[3127.85, 388.0], [3127.9, 2161.0], [3127.95, 7241.0], [3128.0, 659.0], [3128.15, 1546.0], [3128.2, 5100.0], [3128.4, 14925.0], [3128.45, 50000.0], [3128.55, 7043.0], [3128.7, 29199.0], [3128.75, 1799.0], [3128.8, 1794.0], [3128.85, 4700.0], [3129.0, 1073.0], [3129.1, 3588.0], [3129.2, 10136.0], [3129.25, 17784.0], [3129.3, 19189.0], [3129.5, 1071.0], [3129.6, 3589.0]]}}}
{"jsonrpc": "2.0", "method": "subscription", "params": {"channel": "book.ETH-PERPETUAL.none.20.100ms", "data": {"timestamp": 1763392606377, "change_id": 97330798812, "instrument_name": "ETH-PERPETUAL", "bids": [[3127.2, 4050.0], [3126.7, 7500.0], [3126.45, 1071.0], [3126.25, 14925.0], [3126.2, 50000.0], [3126.15, 1073.0], [3126.1, 3596.0], [3126.0, 1073.0], [3125.85, 3596.0], [3125.7, 1213.0], [3125.55, 25984.0], [3125.4, 76312.0], [3125.35, 3596.0], [3125.3, 800.0], [3125.2, 1499.0], [3125.1, 6902.0], [3125.05, 23122.0], [3124.95, 4657.0], [3124.85, 15600.0], [3124.8, 1074.0]], "asks": [[3127.25, 17082.0], [3127.7, 844.0], [3128.0, 1071.0], [3128.05, 3588.0], [3128.1, 3666.0], [3128.15, 3593.0], [3128.2, 5100.0], [3128.25, 3588.0], [3128.3, 6908.0], [3128.35, 1794.0], [3128.4, 20008.0], [3128.5, 14925.0], [3128.55, 50000.0], [3128.65, 1071.0], [3128.7, 12127.0], [3128.75, 17784.0], [3128.85, 8288.0], [3129.0, 1073.0], [3129.1, 3588.0], [3129.2, 7044.0]]}}}
{"jsonrpc": "2.0", "method": "subscription", "params": {"channel": "book.ETH-PERPETUAL.none.20.100ms", "data": {"timestamp": 1763392606722, "change_id": 97330800946, "instrument_name": "ETH-PERPETUAL", "bids": [[3125.05, 300.0], [3124.6, 7500.0], [3124.55, 1499.0], [3124.5, 1137.0], [3124.35, 1073.0], [3124.15, 5302.0], [3124.05, 23465.0], [3124.0, 18.0], [3123.95, 3593.0], [3123.75, 5601.0], [3123.65, 3593.0], [3123.6, 15600.0], [3123.55, 7037.0], [3123.45, 3693.0], [3123.4, 5815.0], [3123.35, 19481.0], [3123.3, 1095.0], [3123.25, 3602.0], [3123.0, 1072.0], [3122.95, 3591.0]], "asks": [[3125.95, 17082.0], [3126.1, 3044.0], [3126.15, 10198.0], [3126.2, 22181.0], [3126.25, 17082.0], [3126.85, 1522.0], [3126.9, 5100.0], [3127.0, 659.0], [3127.05, 1794.0], [3127.2, 5545.0], [3127.25, 6765.0], [3127.3, 1800.0], [3127.35, 1794.0], [3127.45, 1071.0], [3127.5, 3588.0], [3127.55, 1073.0], [3127.6, 3594.0], [3127.7, 51071.0], [3127.75, 3588.0], [3128.0, 1071.0]]}}}
{"jsonrpc": "2.0", "method": "subscription", "params": {"channel": "book.ETH-PERPETUAL.none.20.100ms", "data": {"timestamp": 1763392607060, "change_id": 97330803839, "instrument_name": "ETH-PERPETUAL", "bids": [[3125.35, 21782.0], [3125.3, 4700.0], [3125.25, 1403.0], [3125.2, 4700.0], [3124.5, 63.0], [3124.45, 3173.0], [3124.4, 11088.0], [3124.2, 2593.0], [3124.15, 5100.0], [3124.1, 3588.0], [3124.0, 1089.0], [3123.95, 3587.0], [3123.8, 20.0], [3123.75, 1082.0], [3123.65, 3593.0], [3123.55, 23319.0], [3123.5, 75000.0], [3123.45, 3593.0], [3123.4, 10380.0], [3123.35, 19481.0]], "asks": [[3125.8, 340.0], [3126.3, 50133.0], [3126.45, 1608.0], [3126.5, 3588.0], [3126.6, 1794.0], [3126.65, 1071.0], [3126.7, 3588.0], [3126.9, 1071.0], [3126.95, 3588.0], [3127.2, 10933.0], [3127.25, 23985.0], [3127.3, 15600.0], [3127.45, 1071.0], [3127.5, 3588.0], [3127.6, 22388.0], [3127.65, 76071.0], [3127.75, 3588.0], [3127.95, 1071.0], [3128.05, 3588.0], [3128.2, 1071.0]]}}}
{"jsonrpc": "2.0", "method": "subscription", "params": {"channel": "book.ETH-PERPETUAL.none.20.100ms", "data": {"timestamp": 1763392607391, "change_id": 97330806503, "instrument_name": "ETH-PERPETUAL", "bids": [[3126.0, 3557.0], [3125.8, 3252.0], [3125.75, 10893.0], [3125.55, 1403.0], [3125.45, 4700.0], [3125.4, 1453.0], [3125.35, 4700.0], [3125.3, 169.0], [3125.0, 1071.0], [3124.95, 3587.0], [3124.9, 2239.0], [3124.85, 7500.0], [3124.8, 2593.0], [3124.75, 3587.0], [3124.7, 5100.0], [3124.55, 22426.0], [3124.5, 81888.0], [3124.4, 3588.0], [3124.15, 1071.0], [3124.1, 3588.0]], "asks": [[3126.3, 445.0], [3126.45, 1071.0], [3126.6, 5100.0], [3126.7, 1800.0], [3126.9, 2402.0], [3126.95, 8507.0], [3127.2, 1071.0], [3127.25, 3588.0], [3127.4, 6380.0], [3127.45, 17784.0], [3127.5, 3588.0], [3127.65, 1071.0], [3127.75, 3588.0], [3127.9, 4657.0], [3127.95, 16671.0], [3128.05, 3588.0], [3128.2, 1071.0], [3128.25, 4659.0], [3128.35, 1501.0], [3128.4, 3588.0]]}}}
{"jsonrpc": "2.0", "method": "subscription", "params": {"channel": "book.ETH-PERPETUAL.none.20.100ms", "data": {"timestamp": 1763392607712, "change_id": 97330807579, "instrument_name": "ETH-PERPETUAL", "bids": [[3125.45, 4840.0], [3125.4, 1453.0], [3125.35, 4700.0], [3125.25, 20.0], [3125.0, 1071.0], [3124.95, 3587.0], [3124.9, 2239.0], [3124.85, 7500.0], [3124.8, 2593.0], [3124.75, 3587.0], [3124.7, 5100.0], [3124.6, 3587.0], [3124.55, 22406.0], [3124.5, 77656.0], [3124.4, 3588.0], [3124.15, 1071.0], [3124.1, 3588.0], [3124.05, 1499.0], [3124.0, 1089.0], [3123.95, 3587.0]], "asks": [[3126.1, 151.0], [3126.3, 312.0], [3126.55, 1522.0], [3126.6, 5100.0], [3126.7, 1800.0], [3126.9, 1071.0], [3126.95, 5381.0], [3127.2, 1071.0], [3127.25, 3588.0], [3127.4, 1071.0], [3127.5, 3588.0], [3127.65, 1071.0], [3127.75, 3588.0], [3127.8, 9965.0], [3127.85, 17784.0], [3127.95, 16671.0], [3128.05, 3588.0], [3128.2, 1071.0], [3128.25, 4659.0], [3128.4, 3588.0]]}}}
{"jsonrpc": "2.0", "method": "subscription", "params": {"channel": "book.ETH-PERPETUAL.none.20.100ms", "data": {"timestamp": 1763392608048, "change_id": 97330809127, "instrument_name": "ETH-PERPETUAL", "bids": [[3124.85, 47500.0], [3124.5, 63.0], [3124.1, 20.0], [3124.0, 1089.0], [3123.95, 3587.0], [3123.8, 140.0], [3123.75, 11410.0], [3123.65, 3593.0], [3123.55, 1102.0], [3123.45, 3593.0], [3123.3, 1075.0], [3123.25, 3602.0], [3123.0, 1072.0], [3122.95, 3591.0], [3122.75, 1089.0], [3122.7, 24388.0], [3122.65, 500.0], [3122.6, 17099.0], [3122.55, 76072.0], [3122.4, 3591.0]], "asks": [[3126.1, 151.0], [3126.3, 893.0], [3126.55, 1522.0], [3126.6, 5100.0], [3126.65, 1608.0], [3126.7, 1800.0], [3126.75, 3587.0], [3126.8, 1468.0], [3126.85, 1793.0], [3126.9, 4197.0], [3126.95, 3588.0], [3127.15, 1501.0], [3127.2, 1071.0], [3127.25, 3588.0], [3127.4, 1071.0], [3127.5, 3588.0], [3127.65, 1071.0], [3127.75, 3588.0], [3127.95, 16671.0], [3128.05, 3588.0]]}}}
{"jsonrpc": "2.0", "method": "subscription", "params": {"channel": "book.ETH-PERPETUAL.none.20.100ms", "data": {"timestamp": 1763392608384, "change_id": 97330810555, "instrument_name": "ETH-PERPETUAL", "bids": [[3125.05, 12200.0], [3124.9, 4700.0], [3124.85, 44700.0], [3124.5, 63.0], [3124.45, 1071.0], [3124.1, 20.0], [3124.0, 1089.0], [3123.95, 3587.0], [3123.8, 1684.0], [3123.75, 9.0], [3123.7, 1073.0], [3123.65, 3593.0], [3123.55, 1102.0], [3123.5, 1499.0], [3123.45, 3593.0], [3123.3, 1075.0], [3123.25, 3602.0], [3123.0, 1072.0], [3122.95, 3591.0], [3122.75, 1089.0]], "asks": [[3126.1, 151.0], [3126.3, 6259.0], [3126.35, 17976.0], [3126.45, 50000.0], [3126.55, 1522.0], [3126.6, 5100.0], [3126.65, 1608.0], [3126.7, 1800.0], [3126.75, 3587.0], [3126.8, 1468.0], [3126.85, 1793.0], [3126.9, 4197.0], [3126.95, 3588.0], [3127.15, 11281.0], [3127.2, 1071.0], [3127.25, 3588.0], [3127.4, 1071.0], [3127.5, 3588.0], [3127.55, 5309.0], [3127.65, 1071.0]]}}}
{"jsonrpc": "2.0", "method": "subscription", "params": {"channel": "book.ETH-PERPETUAL.none.20.100ms", "data": {"timestamp": 1763392608652, "change_id": 97330811541, "instrument_name": "ETH-PERPETUAL", "bids": [[3125.5, 16074.0], [3125.3, 4700.0], [3125.1, 4700.0], [3124.9, 18043.0], [3124.85, 43589.0], [3124.7, 3585.0], [3124.5, 63.0], [3124.3, 3585.0], [3124.2, 14931.0], [3124.1, 20.0], [3124.0, 1089.0], [3123.95, 3587.0], [3123.8, 1639.0], [3123.75, 9.0], [3123.7, 1073.0], [3123.65, 3593.0], [3123.55, 1102.0], [3123.45, 3593.0], [3123.3, 1075.0], [3123.25, 3602.0]], "asks": [[3126.0, 78.0], [3126.3, 5366.0], [3126.35, 17976.0], [3126.5, 7495.0], [3126.6, 5100.0], [3126.65, 1608.0], [3126.7, 1800.0], [3126.75, 3587.0], [3126.8, 7253.0], [3126.85, 1793.0], [3126.9, 18985.0], [3126.95, 3588.0], [3127.2, 1071.0], [3127.25, 3588.0], [3127.4, 1071.0], [3127.5, 4699.0], [3127.55, 3723.0], [3127.65, 1071.0], [3127.75, 3588.0], [3127.9, 4657.0]]}}}
{"jsonrpc": "2.0", "method": "subscription", "params": {"channel": "book.ETH-PERPETUAL.none.20.100ms", "data": {"timestamp": 1763392609038, "change_id": 97330813441, "instrument_name": "ETH-PERPETUAL", "bids": [[3125.5, 16074.0], [3125.3, 4700.0], [3125.15, 2806.0], [3125.1, 4700.0], [3124.95, 4397.0], [3124.9, 4700.0], [3124.85, 7502.0], [3124.75, 1090.0], [3124.7, 3585.0], [3124.5, 63.0], [3124.35, 1070.0], [3124.3, 3585.0], [3124.0, 1089.0], [3123.95, 3587.0], [3123.75, 9.0], [3123.7, 1073.0], [3123.65, 3593.0], [3123.55, 1102.0], [3123.45, 3593.0], [3123.3, 1215.0]], "asks": [[3126.2, 659.0], [3126.65, 6711.0], [3126.7, 1800.0], [3126.75, 3587.0], [3126.85, 6207.0], [3126.9, 1071.0], [3126.95, 6714.0], [3127.2, 1071.0], [3127.25, 3588.0], [3127.4, 1071.0], [3127.5, 4699.0], [3127.55, 3723.0], [3127.65, 1071.0], [3127.75, 3588.0], [3127.9, 4657.0], [3127.95, 16671.0], [3128.05, 3588.0], [3128.2, 1071.0], [3128.25, 4659.0], [3128.4, 3588.0]]}}}
{"jsonrpc": "2.0", "method": "subscription", "params": {"channel": "book.ETH-PERPETUAL.none.20.100ms", "data": {"timestamp": 1763392609380, "change_id": 97330814734, "instrument_name": "ETH-PERPETUAL", "bids": [[3125.95, 17082.0], [3125.75, 20000.0], [3125.55, 1182.0], [3125.5, 3959.0], [3125.4, 3400.0], [3125.35, 2806.0], [3125.2, 2472.0], [3125.15, 3583.0], [3124.95, 4397.0], [3124.9, 3583.0], [3124.85, 7502.0], [3124.75, 1090.0], [3124.7, 3585.0], [3124.6, 76088.0], [3124.55, 18527.0], [3124.5, 63.0], [3124.35, 1070.0], [3124.3, 3585.0], [3124.0, 1089.0], [3123.95, 3587.0]], "asks": [[3126.2, 659.0], [3126.65, 1608.0], [3126.7, 1800.0], [3126.75, 3587.0], [3126.8, 15460.0], [3126.85, 1793.0], [3126.9, 1071.0], [3126.95, 6714.0], [3127.2, 1071.0], [3127.25, 3588.0], [3127.4, 1071.0], [3127.5, 3588.0], [3127.65, 5591.0], [3127.75, 3588.0], [3127.8, 15600.0], [3127.95, 1071.0], [3128.05, 3588.0], [3128.2, 1071.0], [3128.25, 4659.0], [3128.4, 3588.0]]}}}
{"jsonrpc": "2.0", "method": "subscription", "params": {"channel": "book.ETH-PERPETUAL.none.20.100ms", "data": {"timestamp": 1763392609703, "change_id": 97330815734, "instrument_name": "ETH-PERPETUAL", "bids": [[3126.1, 21782.0], [3125.95, 7500.0], [3125.55, 1182.0], [3125.4, 3400.0], [3125.2, 1070.0], [3125.15, 3583.0], [3124.95, 15858.0], [3124.9, 3583.0], [3124.85, 50002.0], [3124.75, 1090.0], [3124.7, 3585.0], [3124.65, 23476.0], [3124.6, 75000.0], [3124.55, 3583.0], [3124.5, 63.0], [3124.35, 1070.0], [3124.3, 3585.0], [3124.0, 1089.0], [3123.95, 3587.0], [3123.75, 9.0]], "asks": [[3126.15, 2227.0], [3126.3, 312.0], [3126.8, 15460.0], [3126.9, 1604.0], [3126.95, 3583.0], [3127.05, 1791.0], [3127.2, 1071.0], [3127.25, 3588.0], [3127.4, 1071.0], [3127.5, 3588.0], [3127.65, 5591.0], [3127.75, 3588.0], [3127.8, 15600.0], [3127.85, 4390.0], [3127.95, 1071.0], [3128.05, 3588.0], [3128.2, 1071.0], [3128.25, 4659.0], [3128.4, 3588.0], [3128.55, 6829.0]]}}}
{"jsonrpc": "2.0", "method": "subscription", "params": {"channel": "book.ETH-PERPETUAL.none.20.100ms", "data": {"timestamp": 1763392610034, "change_id": 97330816926, "instrument_name": "ETH-PERPETUAL", "bids": [[3125.95, 8778.0], [3125.4, 3400.0], [3125.3, 2239.0], [3125.25, 7500.0], [3125.2, 1070.0], [3125.15, 3583.0], [3125.1, 2239.0], [3124.95, 1070.0], [3124.9, 3583.0], [3124.85, 2.0], [3124.75, 1070.0], [3124.7, 3585.0], [3124.65, 23476.0], [3124.6, 125020.0], [3124.55, 3583.0], [3124.5, 63.0], [3124.35, 1070.0], [3124.3, 3585.0], [3124.2, 1070.0], [3124.15, 3583.0]], "asks": [[3126.3, 312.0], [3126.6, 2030.0], [3126.65, 6800.0], [3126.9, 1604.0], [3126.95, 3583.0], [3127.05, 3588.0], [3127.2, 1071.0], [3127.25, 6715.0], [3127.35, 50000.0], [3127.4, 1071.0], [3127.5, 3588.0], [3127.65, 5728.0], [3127.75, 3588.0], [3127.8, 16910.0], [3127.85, 4390.0], [3127.95, 1071.0], [3128.05, 3588.0], [3128.2, 1071.0], [3128.25, 9832.0], [3128.35, 17789.0]]}}}
{"jsonrpc": "2.0", "method": "subscription", "params": {"channel": "book.ETH-PERPETUAL.none.20.100ms", "data": {"timestamp": 1763392610379, "change_id": 97330818640, "instrument_name": "ETH-PERPETUAL", "bids": [[3124.85, 2.0], [3124.75, 50000.0], [3124.55, 3583.0], [3124.5, 63.0], [3124.35, 1070.0], [3124.3, 3585.0], [3124.2, 1070.0], [3124.15, 3583.0], [3124.0, 1089.0], [3123.95, 3587.0], [3123.75, 1508.0], [3123.7, 1073.0], [3123.65, 3593.0], [3123.55, 27402.0], [3123.5, 75000.0], [3123.45, 3593.0], [3123.3, 1215.0], [3123.25, 3602.0], [3123.0, 1072.0], [3122.95, 3591.0]], "asks": [[3126.1, 1354.0], [3126.3, 894.0], [3126.6, 2030.0], [3126.65, 6800.0], [3126.95, 2141.0], [3127.05, 7172.0], [3127.2, 1071.0], [3127.25, 6715.0], [3127.4, 1071.0], [3127.5, 3588.0], [3127.65, 5728.0], [3127.75, 23603.0], [3127.8, 34695.0], [3127.85, 4390.0], [3127.95, 1071.0], [3128.05, 3588.0], [3128.2, 1071.0], [3128.25, 4659.0], [3128.4, 3588.0], [3128.55, 6682.0]]}}}
{"jsonrpc": "2.0", "method": "subscription", "params": {"channel": "book.ETH-PERPETUAL.none.20.100ms", "data": {"timestamp": 1763392610703, "change_id": 97330820858, "instrument_name": "ETH-PERPETUAL", "bids": [[3125.95, 4078.0], [3125.15, 3584.0], [3124.95, 3309.0], [3124.9, 7500.0], [3124.85, 3586.0], [3124.6, 1089.0], [3124.55, 6984.0], [3124.5, 63.0], [3124.35, 1070.0], [3124.3, 53585.0], [3124.25, 20.0], [3124.2, 1070.0], [3124.15, 3583.0], [3124.0, 1089.0], [3123.95, 3587.0], [3123.75, 9.0], [3123.7, 1073.0], [3123.65, 3593.0], [3123.55, 28901.0], [3123.5, 75000.0]], "asks": [[3126.0, 7500.0], [3126.1, 1354.0], [3126.2, 340.0], [3126.7, 1798.0], [3126.8, 51070.0], [3126.85, 3584.0], [3126.95, 1792.0], [3127.05, 3584.0], [3127.2, 18855.0], [3127.25, 3588.0], [3127.4, 1071.0], [3127.45, 20011.0], [3127.5, 3588.0], [3127.65, 5728.0], [3127.75, 78588.0], [3127.8, 15600.0], [3127.95, 2572.0], [3128.05, 3588.0], [3128.2, 1071.0], [3128.25, 4659.0]]}}}
{"jsonrpc": "2.0", "method": "subscription", "params": {"channel": "book.ETH-PERPETUAL.none.20.100ms", "data": {"timestamp": 1763392611048, "change_id": 97330821612, "instrument_name": "ETH-PERPETUAL", "bids": [[3125.65, 17082.0], [3125.5, 1403.0], [3125.45, 4700.0], [3125.3, 1445.0], [3125.25, 7079.0], [3125.2, 7500.0], [3124.9, 1070.0], [3124.85, 3586.0], [3124.7, 50000.0], [3124.6, 1109.0], [3124.55, 6984.0], [3124.5, 63.0], [3124.35, 1070.0], [3124.3, 3585.0], [3124.2, 1070.0], [3124.15, 3583.0], [3124.0, 1089.0], [3123.95, 3587.0], [3123.75, 9.0], [3123.7, 1073.0]], "asks": [[3126.0, 872.0], [3126.3, 312.0], [3126.7, 1798.0], [3126.8, 1070.0], [3126.85, 5376.0], [3127.0, 50000.0], [3127.05, 3584.0], [3127.1, 20008.0], [3127.2, 1071.0], [3127.25, 3588.0], [3127.4, 1071.0], [3127.45, 17784.0], [3127.5, 3588.0], [3127.65, 5728.0], [3127.75, 78588.0], [3127.8, 15600.0], [3127.95, 1071.0], [3128.05, 3588.0], [3128.2, 1071.0], [3128.25, 4659.0]]}}}
{"jsonrpc": "2.0", "method": "subscription", "params": {"channel": "book.ETH-PERPETUAL.none.20.100ms", "data": {"timestamp": 1763392611377, "change_id": 97330823017, "instrument_name": "ETH-PERPETUAL", "bids": [[3126.2, 16374.0], [3126.0, 4200.0], [3125.6, 2239.0], [3125.55, 7500.0], [3125.45, 1070.0], [3125.4, 3586.0], [3125.3, 1057.0], [3125.25, 3540.0], [3125.15, 1070.0], [3125.1, 3586.0], [3124.95, 20.0], [3124.9, 1070.0], [3124.85, 3586.0], [3124.75, 14925.0], [3124.65, 23476.0], [3124.6, 75000.0], [3124.55, 3584.0], [3124.5, 63.0], [3124.35, 1070.0], [3124.3, 3585.0]], "asks": [[3126.3, 112.0], [3126.75, 2565.0], [3126.8, 6800.0], [3127.15, 20134.0], [3127.2, 71079.0], [3127.25, 7179.0], [3127.35, 6380.0], [3127.4, 17784.0], [3127.5, 3588.0], [3127.7, 1071.0], [3127.75, 3588.0], [3127.95, 5591.0], [3128.0, 15600.0], [3128.05, 3588.0], [3128.2, 1071.0], [3128.25, 4659.0], [3128.4, 3588.0], [3128.5, 1501.0], [3128.55, 1071.0], [3128.7, 33917.0]]}}}
{"jsonrpc": "2.0", "method": "subscription", "params": {"channel": "book.ETH-PERPETUAL.none.20.100ms", "data": {"timestamp": 1763392611699, "change_id": 97330824400, "instrument_name": "ETH-PERPETUAL", "bids": [[3126.2, 14585.0], [3126.05, 1403.0], [3126.0, 4700.0], [3125.85, 2239.0], [3125.8, 7500.0], [3125.7, 2133.0], [3125.65, 3745.0], [3125.55, 3400.0], [3125.45, 1070.0], [3125.4, 3586.0], [3125.25, 140.0], [3125.15, 1070.0], [3125.1, 3586.0], [3125.0, 20.0], [3124.9, 1070.0], [3124.85, 3586.0], [3124.65, 23476.0], [3124.6, 75000.0], [3124.55, 3584.0], [3124.5, 63.0]], "asks": [[3126.25, 895.0], [3126.3, 112.0], [3126.75, 2565.0], [3126.8, 6800.0], [3127.0, 1070.0], [3127.05, 3586.0], [3127.1, 1072.0], [3127.15, 3591.0], [3127.2, 6906.0], [3127.25, 3588.0], [3127.35, 20008.0], [3127.4, 2004.0], [3127.45, 70911.0], [3127.5, 3588.0], [3127.65, 1071.0], [3127.75, 3588.0], [3127.95, 5728.0], [3128.0, 15600.0], [3128.05, 3588.0], [3128.1, 4390.0]]}}}
{"jsonrpc": "2.0", "method": "subscription", "params": {"channel": "book.ETH-PERPETUAL.none.20.100ms", "data": {"timestamp": 1763392612032, "change_id": 97330825331, "instrument_name": "ETH-PERPETUAL", "bids": [[3126.2, 22127.0], [3126.05, 1403.0], [3126.0, 4700.0], [3125.7, 1015.0], [3125.65, 3400.0], [3125.45, 1070.0], [3125.4, 3586.0], [3125.35, 20.0], [3125.25, 65999.0], [3125.1, 3586.0], [3124.9, 1070.0], [3124.85, 3586.0], [3124.65, 23476.0], [3124.6, 76499.0], [3124.55, 3584.0], [3124.5, 63.0], [3124.35, 1070.0], [3124.3, 3585.0], [3124.2, 1070.0], [3124.15, 3583.0]], "asks": [[3126.25, 915.0], [3126.75, 2565.0], [3126.8, 6800.0], [3127.0, 1070.0], [3127.05, 3586.0], [3127.1, 1072.0], [3127.15, 3591.0], [3127.2, 1071.0], [3127.25, 3588.0], [3127.4, 1071.0], [3127.5, 3588.0], [3127.55, 23261.0], [3127.6, 70008.0], [3127.65, 1071.0], [3127.75, 3588.0], [3127.95, 11614.0], [3128.0, 15600.0], [3128.05, 3588.0], [3128.1, 4390.0], [3128.2, 18855.0]]}}}
{"jsonrpc": "2.0", "method": "subscription", "params": {"channel": "book.ETH-PERPETUAL.none.20.100ms", "data": {"timestamp": 1763392612369, "change_id": 97330827136, "instrument_name": "ETH-PERPETUAL", "bids": [[3126.55, 17082.0], [3126.25, 1236.0], [3126.2, 4140.0], [3125.85, 1077.0], [3125.8, 3587.0], [3125.7, 4415.0], [3125.6, 3587.0], [3125.55, 20.0], [3125.45, 1070.0], [3125.4, 3586.0], [3125.25, 1070.0], [3125.1, 3586.0], [3124.9, 1070.0], [3124.85, 3586.0], [3124.7, 1499.0], [3124.65, 23476.0], [3124.6, 75000.0], [3124.55, 3584.0], [3124.5, 63.0], [3124.45, 140.0]], "asks": [[3127.2, 2030.0], [3127.25, 6800.0], [3127.3, 340.0], [3127.35, 1369.0], [3127.5, 1072.0], [3127.6, 20008.0], [3127.7, 1071.0], [3127.75, 3587.0], [3127.95, 18986.0], [3128.0, 17784.0], [3128.05, 53588.0], [3128.15, 1071.0], [3128.25, 4659.0], [3128.4, 3588.0], [3128.55, 1071.0], [3128.7, 9179.0], [3128.8, 15600.0], [3128.85, 3588.0], [3129.0, 1073.0], [3129.1, 3588.0]]}}}
{"jsonrpc": "2.0", "method": "subscription", "params": {"channel": "book.ETH-PERPETUAL.none.20.100ms", "data": {"timestamp": 1763392612700, "change_id": 97330828106, "instrument_name": "ETH-PERPETUAL", "bids": [[3126.35, 17082.0], [3126.3, 12200.0], [3126.2, 42.0], [3126.0, 1015.0], [3125.95, 3400.0], [3125.85, 1077.0], [3125.8, 3587.0], [3125.7, 1015.0], [3125.6, 3587.0], [3125.55, 20.0], [3125.45, 1070.0], [3125.4, 53586.0], [3125.25, 1070.0], [3125.1, 3586.0], [3124.9, 1070.0], [3124.85, 3586.0], [3124.7, 1499.0], [3124.65, 23476.0], [3124.6, 75000.0], [3124.55, 3584.0]], "asks": [[3126.4, 40000.0], [3126.65, 868.0], [3127.05, 2282.0], [3127.2, 6800.0], [3127.25, 1071.0], [3127.3, 7177.0], [3127.35, 1072.0], [3127.4, 3590.0], [3127.5, 3587.0], [3127.7, 1071.0], [3127.75, 3587.0], [3127.8, 14925.0], [3127.85, 50000.0], [3127.95, 6906.0], [3128.0, 20008.0], [3128.05, 3588.0], [3128.15, 6243.0], [3128.2, 17784.0], [3128.25, 4659.0], [3128.4, 3588.0]]}}}
{"jsonrpc": "2.0", "method": "subscription", "params": {"channel": "book.ETH-PERPETUAL.none.20.100ms", "data": {"timestamp": 1763392613034, "change_id": 97330829592, "instrument_name": "ETH-PERPETUAL", "bids": [[3125.2, 2239.0], [3125.15, 7500.0], [3124.85, 2.0], [3124.5, 63.0], [3124.35, 1070.0], [3124.3, 3585.0], [3124.2, 1070.0], [3124.15, 3583.0], [3124.05, 1076.0], [3124.0, 18.0], [3123.95, 3587.0], [3123.9, 20.0], [3123.75, 51082.0], [3123.65, 3593.0], [3123.55, 27402.0], [3123.5, 76499.0], [3123.45, 3593.0], [3123.3, 6240.0], [3123.25, 21364.0], [3123.0, 5591.0]], "asks": [[3126.1, 40000.0], [3126.3, 5439.0], [3126.35, 17082.0], [3126.9, 4533.0], [3126.95, 5972.0], [3127.0, 21805.0], [3127.05, 5673.0], [3127.1, 3587.0], [3127.15, 1797.0], [3127.2, 8593.0], [3127.25, 1071.0], [3127.3, 7177.0], [3127.35, 6242.0], [3127.45, 17784.0], [3127.5, 3587.0], [3127.65, 1071.0], [3127.75, 3587.0], [3127.9, 1501.0], [3127.95, 1071.0], [3128.05, 3588.0]]}}}
{"jsonrpc": "2.0", "method": "subscription", "params": {"channel": "book.ETH-PERPETUAL.none.20.100ms", "data": {"timestamp": 1763392613367, "change_id": 97330831993, "instrument_name": "ETH-PERPETUAL", "bids": [[3125.5, 3642.0], [3125.45, 4700.0], [3125.4, 7500.0], [3125.35, 1015.0], [3125.3, 3400.0], [3125.1, 2086.0], [3125.05, 3587.0], [3124.95, 20.0], [3124.85, 14927.0], [3124.8, 51071.0], [3124.75, 3587.0], [3124.6, 23477.0], [3124.5, 78650.0], [3124.35, 1070.0], [3124.3, 3585.0], [3124.2, 1070.0], [3124.15, 3583.0], [3124.05, 1076.0], [3124.0, 1517.0], [3123.95, 3587.0]], "asks": [[3126.1, 57082.0], [3126.55, 2030.0], [3126.6, 6800.0], [3126.85, 1353.0], [3126.9, 3587.0], [3126.95, 21086.0], [3127.0, 71805.0], [3127.05, 2864.0], [3127.1, 3587.0], [3127.25, 6242.0], [3127.3, 21371.0], [3127.35, 1072.0], [3127.5, 3587.0], [3127.65, 1071.0], [3127.75, 3587.0], [3127.95, 1071.0], [3128.05, 3588.0], [3128.15, 1071.0], [3128.2, 1501.0], [3128.25, 4659.0]]}}}
{"jsonrpc": "2.0", "method": "subscription", "params": {"channel": "book.ETH-PERPETUAL.none.20.100ms", "data": {"timestamp": 1763392613698, "change_id": 97330833047, "instrument_name": "ETH-PERPETUAL", "bids": [[3125.75, 3725.0], [3125.5, 1403.0], [3125.45, 4700.0], [3125.3, 3283.0], [3125.25, 11512.0], [3125.1, 1077.0], [3125.05, 3587.0], [3124.95, 3400.0], [3124.85, 2.0], [3124.8, 1071.0], [3124.75, 3587.0], [3124.65, 1095.0], [3124.6, 20.0], [3124.5, 3650.0], [3124.35, 1070.0], [3124.3, 3585.0], [3124.2, 1070.0], [3124.15, 3583.0], [3124.1, 1499.0], [3124.05, 1076.0]], "asks": [[3125.8, 40000.0], [3126.0, 42.0], [3126.1, 913.0], [3126.55, 1071.0], [3126.6, 3587.0], [3126.65, 1072.0], [3126.7, 3590.0], [3126.85, 1071.0], [3126.9, 3587.0], [3127.05, 1071.0], [3127.1, 3587.0], [3127.2, 8114.0], [3127.3, 3587.0], [3127.35, 1072.0], [3127.45, 20008.0], [3127.5, 3587.0], [3127.65, 6242.0], [3127.7, 17784.0], [3127.75, 3587.0], [3127.95, 6243.0]]}}}
{"jsonrpc": "2.0", "method": "subscription", "params": {"channel": "book.ETH-PERPETUAL.none.20.100ms", "data": {"timestamp": 1763392614022, "change_id": 97330834509, "instrument_name": "ETH-PERPETUAL", "bids": [[3126.05, 17082.0], [3125.8, 1403.0], [3125.75, 5579.0], [3125.5, 15810.0], [3125.45, 3400.0], [3125.4, 51077.0], [3125.25, 3607.0], [3125.2, 5.0], [3125.1, 1077.0], [3125.05, 3587.0], [3124.8, 1071.0], [3124.75, 3587.0], [3124.7, 1499.0], [3124.65, 1095.0], [3124.5, 3650.0], [3124.35, 1070.0], [3124.3, 3585.0], [3124.2, 1070.0], [3124.15, 3583.0], [3124.1, 140.0]], "asks": [[3126.1, 913.0], [3126.85, 1071.0], [3126.9, 3587.0], [3126.95, 2030.0], [3127.0, 10390.0], [3127.15, 1071.0], [3127.2, 3587.0], [3127.45, 1071.0], [3127.5, 3587.0], [3127.55, 5972.0], [3127.6, 20008.0], [3127.65, 1071.0], [3127.75, 3587.0], [3127.95, 6243.0], [3128.0, 17784.0], [3128.05, 3588.0], [3128.1, 15996.0], [3128.15, 50000.0], [3128.25, 4659.0], [3128.4, 3588.0]]}}}
{"jsonrpc": "2.0", "method": "subscription", "params": {"channel": "book.ETH-PERPETUAL.none.20.100ms", "data": {"timestamp": 1763392614351, "change_id": 97330836375, "instrument_name": "ETH-PERPETUAL", "bids": [[3127.1, 15897.0], [3127.0, 4700.0], [3126.8, 4700.0], [3126.3, 2239.0], [3126.25, 7500.0], [3126.0, 1086.0], [3125.95, 3586.0], [3125.9, 3400.0], [3125.85, 293.0], [3125.8, 1443.0], [3125.75, 1249.0], [3125.7, 18517.0], [3125.65, 50020.0], [3125.55, 1070.0], [3125.5, 3586.0], [3125.4, 1077.0], [3125.25, 3587.0], [3125.2, 5.0], [3125.1, 1077.0], [3125.05, 3587.0]], "asks": [[3127.4, 78.0], [3127.95, 8655.0], [3128.0, 3128.0], [3128.05, 7178.0], [3128.1, 35867.0], [3128.25, 56267.0], [3128.4, 3588.0], [3128.55, 6243.0], [3128.65, 17784.0], [3128.7, 9179.0], [3128.8, 15600.0], [3128.85, 3588.0], [3129.0, 7066.0], [3129.1, 3588.0], [3129.2, 1071.0], [3129.3, 3589.0], [3129.5, 15424.0], [3129.55, 42050.0], [3129.6, 11122.0], [3129.65, 29921.0]]}}}
{"jsonrpc": "2.0", "method": "subscription", "params": {"channel": "book.ETH-PERPETUAL.none.20.100ms", "data": {"timestamp": 1763392614684, "change_id": 97330837690, "instrument_name": "ETH-PERPETUAL", "bids": [[3127.1, 15897.0], [3127.05, 1403.0], [3127.0, 4700.0], [3126.9, 3642.0], [3126.85, 7500.0], [3126.8, 4700.0], [3126.6, 1015.0], [3126.55, 3400.0], [3126.4, 1090.0], [3126.3, 3586.0], [3126.0, 15857.0], [3125.95, 53586.0], [3125.8, 1443.0], [3125.75, 92.0], [3125.7, 3586.0], [3125.6, 1499.0], [3125.55, 1070.0], [3125.5, 3586.0], [3125.4, 1077.0], [3125.25, 3587.0]], "asks": [[3127.15, 702.0], [3127.55, 296.0], [3127.9, 78.0], [3128.05, 1072.0], [3128.1, 4660.0], [3128.15, 3586.0], [3128.25, 21085.0], [3128.35, 3586.0], [3128.4, 50000.0], [3128.45, 1070.0], [3128.5, 3586.0], [3128.65, 22013.0], [3128.7, 17020.0], [3128.8, 15600.0], [3128.85, 3588.0], [3129.0, 1073.0], [3129.05, 17784.0], [3129.1, 3588.0], [3129.2, 1071.0], [3129.3, 3589.0]]}}}
{"jsonrpc": "2.0", "method": "subscription", "params": {"channel": "book.ETH-PERPETUAL.none.20.100ms", "data": {"timestamp": 1763392615010, "change_id": 97330838589, "instrument_name": "ETH-PERPETUAL", "bids": [[3127.1, 23537.0], [3127.05, 1403.0], [3127.0, 4700.0], [3126.85, 2334.0], [3126.8, 7820.0], [3126.7, 20.0], [3126.6, 15810.0], [3126.55, 3400.0], [3126.45, 50000.0], [3126.4, 1070.0], [3126.3, 3586.0], [3126.05, 1499.0], [3126.0, 1086.0], [3125.95, 3586.0], [3125.8, 1443.0], [3125.75, 92.0], [3125.7, 3586.0], [3125.55, 1070.0], [3125.5, 3586.0], [3125.4, 1077.0]], "asks": [[3127.15, 108.0], [3127.5, 42.0], [3128.0, 312.0], [3128.1, 1797.0], [3128.3, 1070.0], [3128.35, 3586.0], [3128.4, 1070.0], [3128.5, 3586.0], [3128.6, 7043.0], [3128.7, 28717.0], [3128.8, 15600.0], [3128.85, 3588.0], [3128.9, 50000.0], [3129.0, 1073.0], [3129.1, 3588.0], [3129.2, 7299.0], [3129.25, 17784.0], [3129.3, 7577.0], [3129.5, 3768.0], [3129.6, 11022.0]]}}}
{"jsonrpc": "2.0", "method": "subscription", "params": {"channel": "book.ETH-PERPETUAL.none.20.100ms", "data": {"timestamp": 1763392615347, "change_id": 97330840817, "instrument_name": "ETH-PERPETUAL", "bids": [[3128.2, 19838.0], [3128.15, 6920.0], [3127.8, 5642.0], [3127.7, 7500.0], [3127.4, 140.0], [3127.35, 3584.0], [3127.2, 2449.0], [3127.15, 4720.0], [3127.1, 7067.0], [3126.9, 1070.0], [3126.85, 3584.0], [3126.7, 2569.0], [3126.65, 3584.0], [3126.55, 1070.0], [3126.5, 3584.0], [3126.4, 1070.0], [3126.3, 3586.0], [3126.2, 1070.0], [3126.15, 3584.0], [3126.0, 1086.0]], "asks": [[3128.95, 870.0], [3129.15, 1606.0], [3129.2, 1792.0], [3129.3, 9561.0], [3129.4, 3129.0], [3129.5, 1071.0], [3129.55, 20008.0], [3129.6, 3589.0], [3129.75, 1071.0], [3129.85, 17784.0], [3129.9, 3589.0], [3130.05, 1072.0], [3130.1, 3591.0], [3130.2, 1072.0], [3130.35, 3591.0], [3130.5, 1072.0], [3130.55, 3591.0], [3130.8, 1072.0], [3130.85, 3591.0], [3130.95, 24302.0]]}}}
{"jsonrpc": "2.0", "method": "subscription", "params": {"channel": "book.ETH-PERPETUAL.none.20.100ms", "data": {"timestamp": 1763392615674, "change_id": 97330842427, "instrument_name": "ETH-PERPETUAL", "bids": [[3128.3, 4700.0], [3128.25, 6103.0], [3128.2, 4700.0], [3127.85, 2239.0], [3127.8, 7500.0], [3127.65, 3254.0], [3127.55, 3400.0], [3127.5, 2542.0], [3127.45, 4791.0], [3127.4, 140.0], [3127.35, 3584.0], [3127.2, 1095.0], [3127.1, 3584.0], [3127.05, 20.0], [3127.0, 37313.0], [3126.95, 89925.0], [3126.9, 51070.0], [3126.85, 3584.0], [3126.7, 1070.0], [3126.65, 3584.0]], "asks": [[3128.35, 126.0], [3128.65, 99.0], [3128.9, 2231.0], [3128.95, 6800.0], [3129.1, 312.0], [3129.2, 1070.0], [3129.25, 3588.0], [3129.3, 3584.0], [3129.5, 1070.0], [3129.6, 3584.0], [3129.65, 14925.0], [3129.7, 50000.0], [3129.8, 7451.0], [3129.9, 3589.0], [3130.05, 1072.0], [3130.1, 3591.0], [3130.2, 1072.0], [3130.35, 3591.0], [3130.5, 1072.0], [3130.55, 3591.0]]}}}
{"jsonrpc": "2.0", "method": "subscription", "params": {"channel": "book.ETH-PERPETUAL.none.20.100ms", "data": {"timestamp": 1763392616004, "change_id": 97330843118, "instrument_name": "ETH-PERPETUAL", "bids": [[3128.3, 19840.0], [3128.25, 6103.0], [3128.2, 4700.0], [3127.75, 20.0], [3127.6, 1015.0], [3127.55, 3400.0], [3127.5, 1118.0], [3127.35, 3584.0], [3127.2, 1095.0], [3127.1, 3584.0], [3127.0, 22388.0], [3126.95, 75000.0], [3126.9, 1070.0], [3126.85, 3584.0], [3126.75, 1499.0], [3126.7, 1070.0], [3126.65, 3584.0], [3126.55, 1070.0], [3126.5, 3584.0], [3126.4, 1070.0]], "asks": [[3128.35, 951.0], [3128.65, 233.0], [3128.9, 2030.0], [3128.95, 6800.0], [3129.2, 2141.0], [3129.25, 3588.0], [3129.3, 3584.0], [3129.5, 1070.0], [3129.6, 3584.0], [3129.75, 7044.0], [3129.8, 20008.0], [3129.9, 3589.0], [3130.05, 1072.0], [3130.1, 3591.0], [3130.2, 11513.0], [3130.3, 37372.0], [3130.35, 3591.0], [3130.5, 1072.0], [3130.55, 3591.0], [3130.8, 1072.0]]}}}
{"jsonrpc": "2.0", "method": "subscription", "params": {"channel": "book.ETH-PERPETUAL.none.20.100ms", "data": {"timestamp": 1763392616340, "change_id": 97330844793, "instrument_name": "ETH-PERPETUAL", "bids": [[3128.3, 24582.0], [3128.15, 1403.0], [3128.1, 6103.0], [3127.9, 1083.0], [3127.85, 3627.0], [3127.75, 140.0], [3127.6, 1015.0], [3127.55, 3400.0], [3127.5, 1118.0], [3127.35, 3604.0], [3127.3, 14925.0], [3127.25, 50000.0], [3127.2, 1095.0], [3127.1, 3584.0], [3127.0, 22388.0], [3126.95, 75000.0], [3126.9, 1070.0], [3126.85, 3584.0], [3126.7, 1070.0], [3126.65, 3584.0]], "asks": [[3128.35, 1864.0], [3128.85, 3099.0], [3128.9, 3583.0], [3128.95, 6800.0], [3129.0, 1869.0], [3129.2, 2141.0], [3129.25, 1796.0], [3129.3, 3584.0], [3129.5, 6905.0], [3129.6, 3584.0], [3129.85, 1071.0], [3129.9, 3589.0], [3130.0, 5309.0], [3130.05, 18856.0], [3130.1, 3591.0], [3130.25, 6919.0], [3130.3, 19588.0], [3130.35, 3591.0], [3130.5, 1072.0], [3130.55, 3591.0]]}}}
{"jsonrpc": "2.0", "method": "subscription", "params": {"channel": "book.ETH-PERPETUAL.none.20.100ms", "data": {"timestamp": 1763392616663, "change_id": 97330845578, "instrument_name": "ETH-PERPETUAL", "bids": [[3128.3, 24808.0], [3128.15, 1403.0], [3128.1, 4700.0], [3127.95, 1083.0], [3127.85, 3627.0], [3127.75, 20.0], [3127.6, 1015.0], [3127.55, 3400.0], [3127.5, 1118.0], [3127.35, 3584.0], [3127.2, 1095.0], [3127.1, 3584.0], [3127.0, 22388.0], [3126.95, 76499.0], [3126.9, 1070.0], [3126.85, 3584.0], [3126.7, 1070.0], [3126.65, 3584.0], [3126.55, 1070.0], [3126.5, 3584.0]], "asks": [[3128.35, 1975.0], [3129.2, 1071.0], [3129.25, 3587.0], [3129.4, 1791.0], [3129.5, 1070.0], [3129.6, 4522.0], [3129.8, 6907.0], [3129.85, 20008.0], [3129.9, 3589.0], [3130.05, 1072.0], [3130.1, 3591.0], [3130.2, 10152.0], [3130.3, 33384.0], [3130.35, 3591.0], [3130.5, 6407.0], [3130.55, 3591.0], [3130.6, 18331.0], [3130.8, 1072.0], [3130.85, 3591.0], [3131.1, 1072.0]]}}}
{"jsonrpc": "2.0", "method": "subscription", "params": {"channel": "book.ETH-PERPETUAL.none.20.100ms", "data": {"timestamp": 1763392617005, "change_id": 97330846364, "instrument_name": "ETH-PERPETUAL", "bids": [[3128.35, 12365.0], [3128.3, 25677.0], [3128.15, 1403.0], [3128.1, 4700.0], [3127.95, 1083.0], [3127.85, 3627.0], [3127.6, 2084.0], [3127.55, 6983.0], [3127.5, 15858.0], [3127.4, 50000.0], [3127.35, 3604.0], [3127.2, 1095.0], [3127.1, 3584.0], [3127.0, 22388.0], [3126.95, 75000.0], [3126.9, 1070.0], [3126.85, 3584.0], [3126.75, 1499.0], [3126.7, 1070.0], [3126.65, 3584.0]], "asks": [[3129.6, 938.0], [3129.95, 6907.0], [3130.0, 23138.0], [3130.05, 1072.0], [3130.1, 3591.0], [3130.25, 5729.0], [3130.3, 15600.0], [3130.35, 3591.0], [3130.45, 5309.0], [3130.5, 22442.0], [3130.55, 3591.0], [3130.7, 1190.0], [3130.75, 3988.0], [3130.8, 1072.0], [3130.85, 3591.0], [3131.1, 1072.0], [3131.15, 3591.0], [3131.3, 1501.0], [3131.35, 1072.0], [3131.4, 3591.0]]}}}
{"jsonrpc": "2.0", "method": "subscription", "params": {"channel": "book.ETH-PERPETUAL.none.20.100ms", "data": {"timestamp": 1763392617335, "change_id": 97330847850, "instrument_name": "ETH-PERPETUAL", "bids": [[3128.3, 26201.0], [3127.95, 1083.0], [3127.85, 3627.0], [3127.6, 2084.0], [3127.55, 6983.0], [3127.5, 15858.0], [3127.35, 53604.0], [3127.2, 1095.0], [3127.1, 3584.0], [3126.9, 1070.0], [3126.85, 3584.0], [3126.75, 1499.0], [3126.7, 1070.0], [3126.65, 3584.0], [3126.55, 1210.0], [3126.5, 3584.0], [3126.4, 1070.0], [3126.3, 3586.0], [3126.25, 6235.0], [3126.2, 17762.0]], "asks": [[3128.35, 290.0], [3128.75, 44.0], [3129.0, 245.0], [3129.25, 1795.0], [3129.3, 2472.0], [3129.4, 4700.0], [3129.45, 7506.0], [3129.5, 4700.0], [3129.55, 8282.0], [3129.6, 1070.0], [3129.65, 1791.0], [3129.7, 1795.0], [3129.8, 26920.0], [3129.85, 23590.0], [3129.9, 51469.0], [3130.0, 3130.0], [3130.05, 6243.0], [3130.1, 3591.0], [3130.2, 17784.0], [3130.25, 5729.0]]}}}
{"jsonrpc": "2.0", "method": "subscription", "params": {"channel": "book.ETH-PERPETUAL.none.20.100ms", "data": {"timestamp": 1763392617654, "change_id": 97330848965, "instrument_name": "ETH-PERPETUAL", "bids": [[3128.3, 26361.0], [3127.95, 15869.0], [3127.9, 50000.0], [3127.85, 3627.0], [3127.6, 2084.0], [3127.55, 6983.0], [3127.5, 1118.0], [3127.35, 3584.0], [3127.2, 1095.0], [3127.15, 1499.0], [3127.1, 3584.0], [3126.9, 1070.0], [3126.85, 3584.0], [3126.7, 1070.0], [3126.65, 3584.0], [3126.55, 1070.0], [3126.5, 3584.0], [3126.45, 28760.0], [3126.4, 75000.0], [3126.3, 3586.0]], "asks": [[3128.35, 290.0], [3128.55, 46.0], [3128.75, 44.0], [3128.8, 1999.0], [3129.0, 245.0], [3129.2, 1605.0], [3129.25, 1795.0], [3129.3, 7845.0], [3129.4, 4700.0], [3129.45, 7506.0], [3129.5, 4700.0], [3129.55, 8282.0], [3129.75, 1069.0], [3129.85, 3582.0], [3129.9, 5785.0], [3130.05, 21080.0], [3130.1, 3591.0], [3130.2, 20654.0], [3130.25, 50000.0], [3130.3, 15600.0]]}}}
{"jsonrpc": "2.0", "method": "subscription", "params": {"channel": "book.ETH-PERPETUAL.none.20.100ms", "data": {"timestamp": 1763392617993, "change_id": 97330849739, "instrument_name": "ETH-PERPETUAL", "bids": [[3128.3, 7542.0], [3127.95, 1083.0], [3127.9, 3400.0], [3127.85, 3627.0], [3127.8, 20.0], [3127.6, 1070.0], [3127.55, 3583.0], [3127.5, 1118.0], [3127.35, 3584.0], [3127.2, 1095.0], [3127.1, 3584.0], [3126.9, 1070.0], [3126.85, 3584.0], [3126.75, 1639.0], [3126.7, 1070.0], [3126.65, 3584.0], [3126.55, 1070.0], [3126.5, 3584.0], [3126.45, 28760.0], [3126.4, 75000.0]], "asks": [[3128.75, 3766.0], [3128.8, 12265.0], [3129.2, 1605.0], [3129.3, 7845.0], [3129.4, 4700.0], [3129.45, 7506.0], [3129.5, 4700.0], [3129.55, 8282.0], [3129.6, 1000.0], [3129.75, 1069.0], [3129.85, 3582.0], [3129.9, 5972.0], [3129.95, 20008.0], [3130.05, 20507.0], [3130.1, 3591.0], [3130.2, 17784.0], [3130.25, 5729.0], [3130.3, 15600.0], [3130.35, 3591.0], [3130.5, 1072.0]]}}}
{"jsonrpc": "2.0", "method": "subscription", "params": {"channel": "book.ETH-PERPETUAL.none.20.100ms", "data": {"timestamp": 1763392618318, "change_id": 97330851263, "instrument_name": "ETH-PERPETUAL", "bids": [[3128.75, 24582.0], [3128.3, 3400.0], [3127.95, 1083.0], [3127.9, 3581.0], [3127.85, 3627.0], [3127.8, 20.0], [3127.75, 14925.0], [3127.7, 50000.0], [3127.6, 1070.0], [3127.55, 3583.0], [3127.5, 1118.0], [3127.35, 3584.0], [3127.2, 1095.0], [3127.15, 1499.0], [3127.1, 3584.0], [3126.9, 1070.0], [3126.85, 3584.0], [3126.75, 140.0], [3126.7, 1070.0], [3126.65, 3584.0]], "asks": [[3128.8, 776.0], [3129.05, 2806.0], [3129.1, 4700.0], [3129.15, 4700.0], [3129.5, 1505.0], [3129.55, 6800.0], [3129.65, 1794.0], [3129.75, 1604.0], [3129.8, 3584.0], [3129.85, 3582.0], [3129.9, 6905.0], [3129.95, 1790.0], [3130.0, 1794.0], [3130.05, 21080.0], [3130.1, 3591.0], [3130.2, 19921.0], [3130.25, 50000.0], [3130.3, 15600.0], [3130.35, 3591.0], [3130.45, 5309.0]]}}}
{"jsonrpc": "2.0", "method": "subscription", "params": {"channel": "book.ETH-PERPETUAL.none.20.100ms", "data": {"timestamp": 1763392618663, "change_id": 97330851980, "instrument_name": "ETH-PERPETUAL", "bids": [[3128.75, 7500.0], [3128.35, 3400.0], [3127.95, 1083.0], [3127.9, 3581.0], [3127.85, 3627.0], [3127.75, 20.0], [3127.6, 51070.0], [3127.55, 3583.0], [3127.5, 1118.0], [3127.35, 3584.0], [3127.2, 1095.0], [3127.1, 3584.0], [3127.05, 140.0], [3126.9, 1070.0], [3126.85, 3584.0], [3126.75, 1499.0], [3126.7, 1070.0], [3126.65, 3584.0], [3126.55, 1070.0], [3126.5, 19184.0]], "asks": [[3128.8, 8626.0], [3128.9, 957.0], [3129.5, 2906.0], [3129.55, 6800.0], [3129.6, 3581.0], [3129.65, 1070.0], [3129.7, 3584.0], [3129.75, 1069.0], [3129.8, 20008.0], [3129.85, 3582.0], [3130.0, 938.0], [3130.05, 1072.0], [3130.1, 3591.0], [3130.25, 3130.0], [3130.3, 17784.0], [3130.35, 3591.0], [3130.5, 1072.0], [3130.55, 3591.0], [3130.7, 6701.0], [3130.75, 3988.0]]}}}
{"jsonrpc": "2.0", "method": "subscription", "params": {"channel": "book.ETH-PERPETUAL.none.20.100ms", "data": {"timestamp": 1763392618989, "change_id": 97330852866, "instrument_name": "ETH-PERPETUAL", "bids": [[3128.75, 10838.0], [3128.65, 3235.0], [3128.6, 10838.0], [3128.4, 1404.0], [3128.35, 4700.0], [3128.3, 5.0], [3128.15, 1015.0], [3128.1, 3400.0], [3127.95, 140.0], [3127.9, 2152.0], [3127.85, 3627.0], [3127.8, 53581.0], [3127.6, 1070.0], [3127.55, 3583.0], [3127.5, 1118.0], [3127.4, 20.0], [3127.35, 3584.0], [3127.25, 1499.0], [3127.2, 1095.0], [3127.1, 3584.0]], "asks": [[3128.8, 2422.0], [3129.2, 1069.0], [3129.25, 3581.0], [3129.3, 1070.0], [3129.35, 3584.0], [3129.5, 2906.0], [3129.55, 6800.0], [3129.6, 3581.0], [3129.75, 1069.0], [3129.85, 3582.0], [3130.0, 5972.0], [3130.05, 21080.0], [3130.1, 3591.0], [3130.25, 3130.0], [3130.3, 17784.0], [3130.35, 3591.0], [3130.5, 1072.0], [3130.55, 3591.0], [3130.7, 1190.0], [3130.75, 3988.0]]}}}
{"jsonrpc": "2.0", "method": "subscription", "params": {"channel": "book.ETH-PERPETUAL.none.20.100ms", "data": {"timestamp": 1763392619320, "change_id": 97330853798, "instrument_name": "ETH-PERPETUAL", "bids": [[3128.75, 24400.0], [3128.4, 1404.0], [3128.35, 8100.0], [3128.3, 5.0], [3127.95, 140.0], [3127.9, 2152.0], [3127.85, 3627.0], [3127.8, 3581.0], [3127.75, 20.0], [3127.6, 1070.0], [3127.55, 3583.0], [3127.5, 1118.0], [3127.45, 50000.0], [3127.35, 78584.0], [3127.2, 1095.0], [3127.15, 1499.0], [3127.1, 3584.0], [3126.9, 1070.0], [3126.85, 3584.0], [3126.7, 1070.0]], "asks": [[3128.8, 6236.0], [3129.2, 2962.0], [3129.25, 3581.0], [3129.3, 7870.0], [3129.35, 3584.0], [3129.5, 1401.0], [3129.6, 3581.0], [3129.75, 1069.0], [3129.85, 3582.0], [3130.05, 21080.0], [3130.1, 3591.0], [3130.25, 53130.0], [3130.35, 3591.0], [3130.5, 18856.0], [3130.55, 3591.0], [3130.7, 1190.0], [3130.75, 3988.0], [3130.8, 1072.0], [3130.85, 3591.0], [3131.0, 19183.0]]}}}
{"jsonrpc": "2.0", "method": "subscription", "params": {"channel": "book.ETH-PERPETUAL.none.20.100ms", "data": {"timestamp": 1763392619649, "change_id": 97330854480, "instrument_name": "ETH-PERPETUAL", "bids": [[3128.75, 27940.0], [3128.4, 1404.0], [3128.35, 4700.0], [3128.3, 5.0], [3128.1, 20.0], [3127.9, 2152.0], [3127.85, 3627.0], [3127.8, 3581.0], [3127.7, 50000.0], [3127.6, 1070.0], [3127.55, 5082.0], [3127.5, 1118.0], [3127.35, 78584.0], [3127.2, 1095.0], [3127.1, 3584.0], [3126.9, 1070.0], [3126.85, 3584.0], [3126.7, 1070.0], [3126.65, 3584.0], [3126.6, 17762.0]], "asks": [[3128.8, 9639.0], [3129.3, 1070.0], [3129.35, 3584.0], [3129.5, 1401.0], [3129.6, 3581.0], [3129.75, 2962.0], [3129.8, 6800.0], [3129.85, 3582.0], [3130.0, 90.0], [3130.05, 1072.0], [3130.1, 3591.0], [3130.2, 20008.0], [3130.35, 3591.0], [3130.5, 1072.0], [3130.55, 53591.0], [3130.7, 18974.0], [3130.75, 3988.0], [3130.8, 1072.0], [3130.85, 3591.0], [3131.0, 19183.0]]}}}
{"jsonrpc": "2.0", "method": "subscription", "params": {"channel": "book.ETH-PERPETUAL.none.20.100ms", "data": {"timestamp": 1763392619985, "change_id": 97330854998, "instrument_name": "ETH-PERPETUAL", "bids": [[3128.75, 27940.0], [3128.4, 1404.0], [3128.35, 4700.0], [3128.3, 5.0], [3128.1, 14945.0], [3128.05, 50000.0], [3127.9, 2152.0], [3127.85, 3627.0], [3127.8, 3581.0], [3127.6, 1070.0], [3127.55, 3583.0], [3127.5, 23314.0], [3127.4, 1499.0], [3127.35, 78584.0], [3127.2, 1095.0], [3127.1, 3584.0], [3126.9, 1070.0], [3126.85, 3584.0], [3126.7, 1070.0], [3126.65, 3584.0]], "asks": [[3128.8, 6299.0], [3129.3, 1070.0], [3129.35, 3584.0], [3129.5, 1401.0], [3129.6, 3581.0], [3129.75, 2962.0], [3129.8, 6800.0], [3129.85, 3582.0], [3130.0, 90.0], [3130.05, 1072.0], [3130.1, 3591.0], [3130.3, 20008.0], [3130.35, 3591.0], [3130.5, 1072.0], [3130.55, 53591.0], [3130.7, 18974.0], [3130.75, 3988.0], [3130.8, 1072.0], [3130.85, 3591.0], [3131.0, 19183.0]]}}}
{"jsonrpc": "2.0", "method": "subscription", "params": {"channel": "book.ETH-PERPETUAL.none.20.100ms", "data": {"timestamp": 1763392620303, "change_id": 97330856843, "instrument_name": "ETH-PERPETUAL", "bids": [[3129.1, 9608.0], [3128.95, 1403.0], [3128.85, 1015.0], [3128.8, 1015.0], [3128.75, 3400.0], [3128.4, 1424.0], [3128.35, 4700.0], [3128.3, 3584.0], [3128.05, 1068.0], [3128.0, 3579.0], [3127.9, 2152.0], [3127.85, 3627.0], [3127.8, 3581.0], [3127.7, 1499.0], [3127.65, 1070.0], [3127.55, 3583.0], [3127.5, 23314.0], [3127.35, 78584.0], [3127.2, 6232.0], [3127.1, 3584.0]], "asks": [[3129.15, 42.0], [3130.0, 90.0], [3130.5, 1072.0], [3130.55, 3591.0], [3130.6, 20008.0], [3130.65, 3582.0], [3130.8, 6907.0], [3130.85, 3591.0], [3130.95, 28167.0], [3131.0, 19183.0], [3131.05, 15600.0], [3131.1, 16936.0], [3131.15, 3591.0], [3131.2, 50000.0], [3131.25, 4068.0], [3131.3, 6380.0], [3131.4, 3591.0], [3131.55, 1072.0], [3131.6, 3591.0], [3131.85, 1072.0]]}}}
{"jsonrpc": "2.0", "method": "subscription", "params": {"channel": "book.ETH-PERPETUAL.none.20.100ms", "data": {"timestamp": 1763392620641, "change_id": 97330858090, "instrument_name": "ETH-PERPETUAL", "bids": [[3128.65, 7500.0], [3128.3, 5.0], [3128.05, 1068.0], [3128.0, 3579.0], [3127.9, 2152.0], [3127.85, 3627.0], [3127.8, 3581.0], [3127.65, 20.0], [3127.6, 1070.0], [3127.55, 3583.0], [3127.5, 23314.0], [3127.35, 78584.0], [3127.2, 1095.0], [3127.1, 3584.0], [3126.9, 1070.0], [3126.85, 3584.0], [3126.75, 1499.0], [3126.7, 1070.0], [3126.65, 3584.0], [3126.6, 140.0]], "asks": [[3128.7, 7500.0], [3128.85, 4700.0], [3129.05, 4700.0], [3129.1, 4700.0], [3129.15, 1035.0], [3129.45, 15459.0], [3129.5, 53579.0], [3129.6, 3581.0], [3129.65, 1068.0], [3129.7, 3579.0], [3129.75, 6905.0], [3129.8, 3581.0], [3129.9, 21103.0], [3129.95, 3579.0], [3130.0, 90.0], [3130.1, 938.0], [3130.2, 3098.0], [3130.25, 10379.0], [3130.45, 9102.0], [3130.5, 18856.0]]}}}
{"jsonrpc": "2.0", "method": "subscription", "params": {"channel": "book.ETH-PERPETUAL.none.20.100ms", "data": {"timestamp": 1763392620974, "change_id": 97330859138, "instrument_name": "ETH-PERPETUAL", "bids": [[3128.65, 20525.0], [3128.6, 7500.0], [3128.45, 2418.0], [3128.4, 9504.0], [3128.35, 4700.0], [3128.3, 5.0], [3127.9, 2152.0], [3127.85, 3627.0], [3127.8, 3581.0], [3127.65, 20.0], [3127.6, 1070.0], [3127.55, 3583.0], [3127.5, 1118.0], [3127.35, 3584.0], [3127.25, 1499.0], [3127.2, 1095.0], [3127.1, 3584.0], [3127.05, 50000.0], [3126.9, 1070.0], [3126.85, 3584.0]], "asks": [[3128.7, 631.0], [3128.75, 46.0], [3128.85, 4700.0], [3128.95, 234.0], [3129.0, 46.0], [3129.05, 4700.0], [3129.1, 4700.0], [3129.15, 600.0], [3129.45, 3894.0], [3129.5, 10379.0], [3129.6, 3581.0], [3129.65, 1068.0], [3129.7, 3579.0], [3129.9, 1095.0], [3129.95, 3579.0], [3130.0, 90.0], [3130.05, 5972.0], [3130.2, 21076.0], [3130.25, 3579.0], [3130.45, 5309.0]]}}}
{"jsonrpc": "2.0", "method": "subscription", "params": {"channel": "book.ETH-PERPETUAL.none.20.100ms", "data": {"timestamp": 1763392621293, "change_id": 97330860705, "instrument_name": "ETH-PERPETUAL", "bids": [[3129.4, 21782.0], [3129.35, 17082.0], [3128.8, 1403.0], [3128.45, 2418.0], [3128.4, 11677.0], [3128.3, 5.0], [3128.2, 20.0], [3128.15, 1068.0], [3128.1, 3577.0], [3127.9, 2152.0], [3127.85, 3627.0], [3127.8, 3581.0], [3127.6, 1070.0], [3127.55, 3583.0], [3127.5, 1118.0], [3127.4, 51499.0], [3127.35, 3584.0], [3127.2, 1095.0], [3127.1, 3584.0], [3126.95, 140.0]], "asks": [[3129.45, 453.0], [3129.85, 4700.0], [3130.0, 90.0], [3130.15, 5972.0], [3130.2, 312.0], [3130.25, 1788.0], [3130.3, 3577.0], [3130.45, 6507.0], [3130.5, 22872.0], [3130.55, 3591.0], [3130.65, 5309.0], [3130.8, 1072.0], [3130.85, 3591.0], [3130.95, 4657.0], [3131.05, 15600.0], [3131.1, 1072.0], [3131.15, 3591.0], [3131.35, 1072.0], [3131.4, 3591.0], [3131.55, 1072.0]]}}}
{"jsonrpc": "2.0", "method": "subscription", "params": {"channel": "book.ETH-PERPETUAL.none.20.100ms", "data": {"timestamp": 1763392621635, "change_id": 97330862982, "instrument_name": "ETH-PERPETUAL", "bids": [[3129.35, 7500.0], [3128.9, 140.0], [3128.75, 1015.0], [3128.7, 3400.0], [3128.55, 20.0], [3128.45, 2418.0], [3128.4, 8277.0], [3128.3, 5.0], [3128.15, 1068.0], [3128.1, 3577.0], [3127.95, 2152.0], [3127.85, 3627.0], [3127.8, 3581.0], [3127.65, 1499.0], [3127.6, 1070.0], [3127.55, 3583.0], [3127.5, 23457.0], [3127.45, 75000.0], [3127.35, 3584.0], [3127.2, 6515.0]], "asks": [[3129.4, 15331.0], [3129.5, 452.0], [3129.8, 1403.0], [3129.85, 4700.0], [3129.95, 14952.0], [3130.0, 50090.0], [3130.2, 3893.0], [3130.25, 1788.0], [3130.3, 10377.0], [3130.35, 1792.0], [3130.5, 1072.0], [3130.55, 3591.0], [3130.75, 5972.0], [3130.8, 21080.0], [3130.85, 3591.0], [3130.95, 9370.0], [3131.05, 15600.0], [3131.1, 18856.0], [3131.15, 3591.0], [3131.35, 1072.0]]}}}
{"jsonrpc": "2.0", "method": "subscription", "params": {"channel": "book.ETH-PERPETUAL.none.20.100ms", "data": {"timestamp": 1763392621964, "change_id": 97330864772, "instrument_name": "ETH-PERPETUAL", "bids": [[3128.3, 7505.0], [3127.9, 1083.0], [3127.85, 3627.0], [3127.6, 1070.0], [3127.55, 3583.0], [3127.5, 1070.0], [3127.35, 3584.0], [3127.2, 1112.0], [3127.1, 3604.0], [3127.05, 140.0], [3126.9, 1070.0], [3126.85, 3584.0], [3126.75, 1112.0], [3126.65, 3584.0], [3126.6, 1070.0], [3126.5, 3584.0], [3126.45, 28760.0], [3126.4, 75000.0], [3126.3, 3586.0], [3126.25, 10292.0]], "asks": [[3128.35, 17082.0], [3129.0, 1403.0], [3129.05, 4700.0], [3129.15, 3577.0], [3129.2, 1069.0], [3129.25, 3580.0], [3129.3, 2521.0], [3129.35, 4700.0], [3129.4, 640.0], [3129.45, 3780.0], [3129.5, 1792.0], [3129.6, 1601.0], [3129.65, 3577.0], [3129.75, 1788.0], [3129.8, 1068.0], [3129.85, 3577.0], [3129.9, 1095.0], [3129.95, 3580.0], [3130.0, 90.0], [3130.05, 3577.0]]}}}
{"jsonrpc": "2.0", "method": "subscription", "params": {"channel": "book.ETH-PERPETUAL.none.20.100ms", "data": {"timestamp": 1763392622288, "change_id": 97330866823, "instrument_name": "ETH-PERPETUAL", "bids": [[3126.9, 9739.0], [3126.65, 1015.0], [3126.6, 3400.0], [3126.45, 1070.0], [3126.3, 3586.0], [3126.2, 1070.0], [3126.15, 3584.0], [3126.0, 1070.0], [3125.95, 3586.0], [3125.85, 1090.0], [3125.7, 3586.0], [3125.55, 73351.0], [3125.5, 3586.0], [3125.45, 93508.0], [3125.4, 1211.0], [3125.25, 3587.0], [3125.15, 5302.0], [3125.1, 18839.0], [3125.05, 3587.0], [3124.95, 5463.0]], "asks": [[3127.85, 5099.0], [3127.9, 17082.0], [3128.65, 1068.0], [3128.7, 3577.0], [3128.75, 3895.0], [3128.8, 13508.0], [3128.85, 7423.0], [3128.9, 3577.0], [3129.0, 22076.0], [3129.15, 3577.0], [3129.3, 1178.0], [3129.4, 368.0], [3129.45, 3577.0], [3129.5, 5309.0], [3129.55, 17784.0], [3129.6, 3738.0], [3129.65, 3577.0], [3129.7, 4374.0], [3129.8, 1068.0], [3129.85, 3577.0]]}}}
{"jsonrpc": "2.0", "method": "subscription", "params": {"channel": "book.ETH-PERPETUAL.none.20.100ms", "data": {"timestamp": 1763392622627, "change_id": 97330868880, "instrument_name": "ETH-PERPETUAL", "bids": [[3125.9, 1116.0], [3125.85, 7500.0], [3125.55, 6500.0], [3125.45, 18508.0], [3125.2, 1499.0], [3125.1, 1077.0], [3125.05, 3587.0], [3124.85, 10365.0], [3124.8, 38282.0], [3124.75, 3587.0], [3124.65, 1095.0], [3124.5, 3650.0], [3124.35, 1070.0], [3124.3, 3585.0], [3124.2, 12590.0], [3124.15, 3583.0], [3124.1, 39053.0], [3124.05, 6903.0], [3124.0, 18.0], [3123.95, 3587.0]], "asks": [[3126.6, 1559.0], [3126.8, 3380.0], [3126.85, 11322.0], [3127.1, 435.0], [3127.15, 2068.0], [3127.25, 2030.0], [3127.3, 6800.0], [3127.5, 15993.0], [3127.55, 50000.0], [3127.6, 937.0], [3127.65, 3577.0], [3127.7, 2472.0], [3127.75, 3581.0], [3127.8, 4700.0], [3127.85, 1228.0], [3127.9, 3664.0], [3127.95, 1068.0], [3128.1, 3577.0], [3128.15, 4657.0], [3128.2, 17388.0]]}}}
{"jsonrpc": "2.0", "method": "subscription", "params": {"channel": "book.ETH-PERPETUAL.none.20.100ms", "data": {"timestamp": 1763392622957, "change_id": 97330870618, "instrument_name": "ETH-PERPETUAL", "bids": [[3125.45, 1015.0], [3125.4, 3400.0], [3125.1, 1077.0], [3125.05, 3587.0], [3124.85, 5806.0], [3124.8, 20520.0], [3124.75, 3607.0], [3124.65, 1095.0], [3124.5, 3650.0], [3124.4, 1499.0], [3124.35, 1070.0], [3124.3, 3585.0], [3124.2, 1070.0], [3124.15, 3583.0], [3124.05, 1076.0], [3124.0, 18.0], [3123.95, 3587.0], [3123.8, 140.0], [3123.75, 1082.0], [3123.65, 3593.0]], "asks": [[3125.9, 5099.0], [3125.95, 17082.0], [3126.0, 1836.0], [3126.05, 4700.0], [3126.15, 2806.0], [3126.2, 4700.0], [3126.25, 4700.0], [3126.6, 3098.0], [3126.65, 6800.0], [3126.75, 3577.0], [3126.8, 1081.0], [3126.85, 3623.0], [3127.05, 2529.0], [3127.1, 6704.0], [3127.2, 1793.0], [3127.35, 1681.0], [3127.4, 4333.0], [3127.5, 1347.0], [3127.65, 3577.0], [3127.85, 23324.0]]}}}
{"jsonrpc": "2.0", "method": "subscription", "params": {"channel": "book.ETH-PERPETUAL.none.20.100ms", "data": {"timestamp": 1763392623292, "change_id": 97330873119, "instrument_name": "ETH-PERPETUAL", "bids": [[3124.5, 63.0], [3124.25, 4700.0], [3124.15, 7500.0], [3124.0, 18.0], [3123.75, 1082.0], [3123.65, 3593.0], [3123.55, 1073.0], [3123.45, 3613.0], [3123.3, 1075.0], [3123.25, 3602.0], [3123.15, 11107.0], [3123.1, 19449.0], [3123.05, 17762.0], [3123.0, 1072.0], [3122.95, 3591.0], [3122.85, 1077.0], [3122.75, 17.0], [3122.7, 33427.0], [3122.65, 500.0], [3122.55, 111679.0]], "asks": [[3124.6, 3239.0], [3124.65, 10850.0], [3124.85, 3239.0], [3125.1, 2158.0], [3125.25, 16729.0], [3125.3, 50000.0], [3125.85, 1067.0], [3125.9, 4576.0], [3126.0, 4999.0], [3126.05, 10069.0], [3126.1, 42.0], [3126.15, 10850.0], [3126.2, 4700.0], [3126.25, 10064.0], [3126.45, 3205.0], [3126.5, 3577.0], [3126.6, 20611.0], [3126.75, 63577.0], [3126.85, 42.0], [3127.05, 18847.0]]}}}
{"jsonrpc": "2.0", "method": "subscription", "params": {"channel": "book.ETH-PERPETUAL.none.20.100ms", "data": {"timestamp": 1763392623626, "change_id": 97330875473, "instrument_name": "ETH-PERPETUAL", "bids": [[3124.5, 9643.0], [3124.0, 18.0], [3123.95, 2239.0], [3123.9, 7500.0], [3123.75, 9.0], [3123.7, 2087.0], [3123.65, 3593.0], [3123.6, 3400.0], [3123.55, 1073.0], [3123.45, 3613.0], [3123.3, 1075.0], [3123.25, 3602.0], [3123.15, 5806.0], [3123.1, 19449.0], [3123.0, 1072.0], [3122.95, 3591.0], [3122.85, 1077.0], [3122.75, 1516.0], [3122.7, 33427.0], [3122.65, 500.0]], "asks": [[3124.55, 4088.0], [3124.8, 14925.0], [3124.85, 50000.0], [3125.0, 14925.0], [3125.25, 2537.0], [3125.3, 8500.0], [3125.4, 2136.0], [3125.45, 7157.0], [3125.6, 17910.0], [3125.65, 63576.0], [3125.85, 6904.0], [3125.9, 3576.0], [3126.0, 27402.0], [3126.05, 8276.0], [3126.15, 18851.0], [3126.25, 3576.0], [3126.45, 23319.0], [3126.5, 3577.0], [3126.55, 75000.0], [3126.7, 1068.0]]}}}
{"jsonrpc": "2.0", "method": "subscription", "params": {"channel": "book.ETH-PERPETUAL.none.20.100ms", "data": {"timestamp": 1763392623954, "change_id": 97330876914, "instrument_name": "ETH-PERPETUAL", "bids": [[3124.5, 4489.0], [3124.0, 18.0], [3123.95, 2239.0], [3123.9, 7500.0], [3123.75, 9.0], [3123.7, 2087.0], [3123.65, 3593.0], [3123.6, 3400.0], [3123.55, 1073.0], [3123.45, 3613.0], [3123.3, 1075.0], [3123.25, 3602.0], [3123.0, 1072.0], [3122.95, 3591.0], [3122.85, 1077.0], [3122.75, 17.0], [3122.7, 33427.0], [3122.65, 500.0], [3122.55, 90860.0], [3122.5, 50000.0]], "asks": [[3124.95, 64925.0], [3125.25, 2537.0], [3125.3, 8500.0], [3125.4, 2136.0], [3125.45, 7157.0], [3125.6, 17910.0], [3125.65, 63576.0], [3125.7, 3125.0], [3125.75, 5973.0], [3125.8, 20009.0], [3125.85, 6240.0], [3125.9, 3577.0], [3125.95, 17784.0], [3126.0, 3018.0], [3126.05, 8276.0], [3126.15, 1067.0], [3126.25, 3576.0], [3126.45, 23319.0], [3126.5, 3577.0], [3126.55, 75000.0]]}}}
{"jsonrpc": "2.0", "method": "subscription", "params": {"channel": "book.ETH-PERPETUAL.none.20.100ms", "data": {"timestamp": 1763392624276, "change_id": 97330878520, "instrument_name": "ETH-PERPETUAL", "bids": [[3124.0, 18.0], [3123.9, 7500.0], [3123.75, 9.0], [3123.7, 1015.0], [3123.6, 3400.0], [3123.45, 20.0], [3123.3, 1075.0], [3123.25, 3602.0], [3123.0, 1072.0], [3122.95, 3591.0], [3122.85, 16312.0], [3122.75, 17.0], [3122.7, 3591.0], [3122.65, 500.0], [3122.55, 1072.0], [3122.4, 3591.0], [3122.35, 14925.0], [3122.25, 1072.0], [3122.2, 3731.0], [3122.15, 75000.0]], "asks": [[3124.35, 17082.0], [3124.55, 64700.0], [3124.6, 9427.0], [3124.85, 1403.0], [3124.9, 19530.0], [3124.95, 8500.0], [3125.1, 1602.0], [3125.15, 3578.0], [3125.25, 6120.0], [3125.4, 5205.0], [3125.45, 7157.0], [3125.55, 11449.0], [3125.6, 20009.0], [3125.65, 21361.0], [3125.85, 6240.0], [3125.9, 3577.0], [3126.0, 1067.0], [3126.05, 3576.0], [3126.15, 1067.0], [3126.25, 3576.0]]}}}
{"jsonrpc": "2.0", "method": "subscription", "params": {"channel": "book.ETH-PERPETUAL.none.20.100ms", "data": {"timestamp": 1763392624591, "change_id": 97330879829, "instrument_name": "ETH-PERPETUAL", "bids": [[3124.5, 17082.0], [3124.45, 11202.0], [3124.4, 4700.0], [3124.3, 2806.0], [3124.25, 4700.0], [3124.2, 4700.0], [3124.05, 2244.0], [3124.0, 7518.0], [3123.85, 3400.0], [3123.75, 9.0], [3123.7, 2083.0], [3123.65, 3578.0], [3123.3, 1075.0], [3123.25, 3602.0], [3123.0, 1072.0], [3122.95, 3591.0], [3122.85, 1077.0], [3122.8, 20.0], [3122.75, 17.0], [3122.7, 3591.0]], "asks": [[3125.15, 60000.0], [3125.2, 11946.0], [3125.25, 20009.0], [3125.4, 1067.0], [3125.45, 7158.0], [3125.6, 1067.0], [3125.65, 3576.0], [3125.7, 5309.0], [3125.75, 17785.0], [3125.85, 1067.0], [3125.9, 3577.0], [3126.0, 1067.0], [3126.05, 3576.0], [3126.15, 1067.0], [3126.25, 3576.0], [3126.4, 1306.0], [3126.45, 1068.0], [3126.5, 3577.0], [3126.6, 5724.0], [3126.65, 15600.0]]}}}
{"jsonrpc": "2.0", "method": "subscription", "params": {"channel": "book.ETH-PERPETUAL.none.20.100ms", "data": {"timestamp": 1763392624952, "change_id": 97330880791, "instrument_name": "ETH-PERPETUAL", "bids": [[3124.35, 173.0], [3124.25, 4700.0], [3124.2, 6152.0], [3124.15, 4865.0], [3124.05, 2244.0], [3124.0, 7518.0], [3123.9, 1018.0], [3123.85, 3400.0], [3123.75, 9.0], [3123.7, 1068.0], [3123.65, 3578.0], [3123.5, 1068.0], [3123.45, 3578.0], [3123.3, 1075.0], [3123.25, 3602.0], [3123.0, 1072.0], [3122.95, 3591.0], [3122.85, 1077.0], [3122.8, 20.0], [3122.75, 17.0]], "asks": [[3124.9, 1535.0], [3124.95, 4700.0], [3125.15, 60000.0], [3125.35, 16714.0], [3125.4, 50000.0], [3125.55, 2860.0], [3125.65, 3576.0], [3125.85, 1067.0], [3125.9, 3577.0], [3126.0, 1067.0], [3126.05, 3576.0], [3126.15, 1067.0], [3126.25, 3576.0], [3126.35, 5973.0], [3126.4, 20009.0], [3126.45, 1068.0], [3126.5, 3577.0], [3126.6, 5724.0], [3126.65, 15600.0], [3126.75, 3577.0]]}}}
{"jsonrpc": "2.0", "method": "subscription", "params": {"channel": "book.ETH-PERPETUAL.none.20.100ms", "data": {"timestamp": 1763392625275, "change_id": 97330882135, "instrument_name": "ETH-PERPETUAL", "bids": [[3124.5, 19005.0], [3124.25, 3462.0], [3124.2, 12200.0], [3124.0, 18.0], [3123.9, 1018.0], [3123.85, 3400.0], [3123.75, 9.0], [3123.7, 1068.0], [3123.65, 3578.0], [3123.5, 1088.0], [3123.45, 3578.0], [3123.3, 15869.0], [3123.25, 3602.0], [3123.15, 50000.0], [3123.0, 1072.0], [3122.95, 3591.0], [3122.85, 4807.0], [3122.75, 14472.0], [3122.7, 3591.0], [3122.65, 500.0]], "asks": [[3124.55, 17082.0], [3124.85, 1403.0], [3124.9, 4700.0], [3124.95, 2537.0], [3125.0, 8500.0], [3125.1, 23883.0], [3125.15, 60000.0], [3125.3, 16322.0], [3125.35, 5367.0], [3125.4, 50000.0], [3125.45, 1793.0], [3125.55, 1067.0], [3125.65, 3576.0], [3125.85, 6904.0], [3125.9, 3577.0], [3126.0, 21076.0], [3126.05, 3576.0], [3126.15, 6240.0], [3126.2, 17785.0], [3126.25, 3576.0]]}}}
{"jsonrpc": "2.0", "method": "subscription", "params": {"channel": "book.ETH-PERPETUAL.none.20.100ms", "data": {"timestamp": 1763392625615, "change_id": 97330883013, "instrument_name": "ETH-PERPETUAL", "bids": [[3124.0, 3418.0], [3123.75, 9.0], [3123.5, 20.0], [3123.3, 1075.0], [3123.25, 3602.0], [3123.0, 1072.0], [3122.95, 3591.0], [3122.85, 1077.0], [3122.75, 17.0], [3122.7, 3591.0], [3122.65, 15425.0], [3122.6, 50000.0], [3122.55, 1072.0], [3122.4, 3591.0], [3122.25, 23364.0], [3122.2, 3591.0], [3122.15, 75000.0], [3121.95, 1212.0], [3121.9, 3591.0], [3121.8, 1072.0]], "asks": [[3124.05, 17082.0], [3124.2, 2068.0], [3124.25, 6928.0], [3124.8, 3540.0], [3124.85, 4981.0], [3124.9, 4700.0], [3124.95, 6119.0], [3125.0, 8500.0], [3125.1, 27461.0], [3125.15, 20009.0], [3125.2, 1789.0], [3125.35, 3578.0], [3125.55, 1067.0], [3125.6, 17785.0], [3125.65, 3576.0], [3125.9, 3577.0], [3126.0, 1067.0], [3126.05, 3576.0], [3126.15, 1067.0], [3126.25, 3576.0]]}}}
{"jsonrpc": "2.0", "method": "subscription", "params": {"channel": "book.ETH-PERPETUAL.none.20.100ms", "data": {"timestamp": 1763392625943, "change_id": 97330884368, "instrument_name": "ETH-PERPETUAL", "bids": [[3124.75, 17082.0], [3124.65, 1217.0], [3124.25, 1403.0], [3124.2, 11148.0], [3124.15, 12200.0], [3124.1, 4700.0], [3124.05, 8920.0], [3124.0, 18.0], [3123.75, 9.0], [3123.55, 1088.0], [3123.5, 3578.0], [3123.3, 1075.0], [3123.25, 3602.0], [3123.15, 34450.0], [3123.1, 75000.0], [3123.0, 1072.0], [3122.95, 3591.0], [3122.85, 1077.0], [3122.75, 17.0], [3122.7, 3591.0]], "asks": [[3124.8, 14746.0], [3125.2, 50000.0], [3125.5, 5973.0], [3125.6, 1603.0], [3125.65, 3576.0], [3125.7, 1793.0], [3125.85, 2857.0], [3125.9, 3577.0], [3126.0, 1067.0], [3126.05, 3576.0], [3126.1, 1793.0], [3126.15, 1067.0], [3126.25, 3576.0], [3126.45, 1068.0], [3126.5, 3577.0], [3126.6, 1068.0], [3126.75, 3577.0], [3126.85, 1068.0], [3126.9, 9724.0], [3127.05, 1063.0]]}}}
