{"jsonrpc": "2.0", "id": 1, "result": ["book.ETH-PERPETUAL.none.20.100ms"], "usIn": 1765257668644329, "usOut": 1765257668644538, "usDiff": 209, "testnet": false}
{"jsonrpc": "2.0", "method": "subscription", "params": {"channel": "book.ETH-PERPETUAL.none.20.100ms", "data": {"timestamp": 1765257668642, "change_id": 100659404779, "instrument_name": "ETH-PERPETUAL", "bids": [[3105.5, 74.0], [3105.45, 5000.0], [3105.25, 37.0], [3105.05, 9218.0], [3105.0, 20831.0], [3104.9, 2758.0], [3104.85, 9240.0], [3104.75, 1007.0], [3104.65, 1445.0], [3104.6, 3232.0], [3104.55, 1610.0], [3104.45, 5999.0], [3104.4, 1794.0], [3104.35, 1299.0], [3104.3, 4636.0], [3104.25, 76.0], [3104.1, 3291.0], [3104.05, 3000.0], [3104.0, 90.0], [3103.9, 3291.0]], "asks": [[3105.55, 6458.0], [3105.8, 25000.0], [3105.9, 2657.0], [3105.95, 3000.0], [3106.05, 5213.0], [3106.2, 3000.0], [3106.25, 6232.0], [3106.3, 17861.0], [3106.35, 2556.0], [3106.4, 6231.0], [3106.45, 860.0], [3106.55, 3001.0], [3106.6, 23009.0], [3106.65, 2152.0], [3106.7, 3231.0], [3106.75, 980.0], [3106.8, 3000.0], [3106.85, 7303.0], [3106.9, 17785.0], [3106.95, 4385.0]]}}}
{"jsonrpc": "2.0", "method": "subscription", "params": {"channel": "book.ETH-PERPETUAL.none.20.100ms", "data": {"timestamp": 1765257668927, "change_id": 100659405158, "instrument_name": "ETH-PERPETUAL", "bids": [[3105.5, 8374.0], [3105.45, 5000.0], [3105.25, 37.0], [3105.05, 9218.0], [3105.0, 20831.0], [3104.9, 2758.0], [3104.85, 9240.0], [3104.75, 1007.0], [3104.65, 1445.0], [3104.6, 3232.0], [3104.55, 1610.0], [3104.5, 2999.0], [3104.45, 3000.0], [3104.4, 1794.0], [3104.35, 1299.0], [3104.3, 4636.0], [3104.25, 76.0], [3104.1, 3291.0], [3104.05, 3000.0], [3104.0, 90.0]], "asks": [[3105.55, 12622.0], [3105.8, 25000.0], [3105.9, 2657.0], [3105.95, 3000.0], [3106.05, 5213.0], [3106.2, 3000.0], [3106.25, 6232.0], [3106.3, 17861.0], [3106.35, 2556.0], [3106.4, 6231.0], [3106.45, 860.0], [3106.5, 3001.0], [3106.55, 1420.0], [3106.6, 23009.0], [3106.65, 2152.0], [3106.7, 3231.0], [3106.75, 980.0], [3106.8, 3000.0], [3106.85, 7303.0], [3106.9, 17785.0]]}}}
{"jsonrpc": "2.0", "method": "subscription", "params": {"channel": "book.ETH-PERPETUAL.none.20.100ms", "data": {"timestamp": 1765257669207, "change_id": 100659405231, "instrument_name": "ETH-PERPETUAL", "bids": [[3105.5, 8374.0], [3105.45, 5000.0], [3105.25, 37.0], [3105.05, 9218.0], [3105.0, 20831.0], [3104.9, 2758.0], [3104.85, 9240.0], [3104.75, 1007.0], [3104.65, 1445.0], [3104.6, 3232.0], [3104.55, 1610.0], [3104.5, 2999.0], [3104.45, 3000.0], [3104.4, 1794.0], [3104.35, 1299.0], [3104.3, 4636.0], [3104.25, 76.0], [3104.1, 3291.0], [3104.05, 3000.0], [3104.0, 90.0]], "asks": [[3105.55, 12622.0], [3105.8, 25000.0], [3105.9, 2657.0], [3105.95, 3000.0], [3106.05, 5213.0], [3106.2, 3000.0], [3106.25, 6232.0], [3106.3, 17861.0], [3106.35, 2556.0], [3106.4, 6231.0], [3106.45, 860.0], [3106.5, 3001.0], [3106.55, 1420.0], [3106.6, 23009.0], [3106.65, 2152.0], [3106.7, 3231.0], [3106.75, 980.0], [3106.8, 3000.0], [3106.85, 7303.0], [3106.9, 17785.0]]}}}
{"jsonrpc": "2.0", "method": "subscription", "params": {"channel": "book.ETH-PERPETUAL.none.20.100ms", "data": {"timestamp": 1765257669483, "change_id": 100659405517, "instrument_name": "ETH-PERPETUAL", "bids": [[3105.5, 8374.0], [3105.45, 5000.0], [3105.25, 37.0], [3105.05, 9218.0], [3105.0, 20831.0], [3104.9, 2758.0], [3104.85, 9240.0], [3104.75, 1007.0], [3104.65, 1445.0], [3104.6, 3232.0], [3104.55, 1610.0], [3104.5, 2999.0], [3104.45, 3000.0], [3104.4, 1794.0], [3104.35, 1299.0], [3104.3, 4636.0], [3104.25, 76.0], [3104.1, 3291.0], [3104.05, 3000.0], [3104.0, 90.0]], "asks": [[3105.55, 12622.0], [3105.8, 25000.0], [3105.9, 2657.0], [3105.95, 3000.0], [3106.05, 5213.0], [3106.2, 3000.0], [3106.25, 6232.0], [3106.3, 17861.0], [3106.35, 2556.0], [3106.4, 6231.0], [3106.45, 860.0], [3106.5, 3001.0], [3106.55, 1420.0], [3106.6, 23009.0], [3106.65, 2152.0], [3106.7, 3231.0], [3106.75, 980.0], [3106.8, 3000.0], [3106.85, 7303.0], [3106.9, 17785.0]]}}}
{"jsonrpc": "2.0", "method": "subscription", "params": {"channel": "book.ETH-PERPETUAL.none.20.100ms", "data": {"timestamp": 1765257669927, "change_id": 100659406008, "instrument_name": "ETH-PERPETUAL", "bids": [[3105.5, 8374.0], [3105.45, 5000.0], [3105.25, 37.0], [3105.05, 9218.0], [3105.0, 20831.0], [3104.9, 2758.0], [3104.85, 9240.0], [3104.75, 1007.0], [3104.65, 1445.0], [3104.6, 3232.0], [3104.55, 1610.0], [3104.5, 2999.0], [3104.45, 3000.0], [3104.4, 1794.0], [3104.35, 1299.0], [3104.3, 4636.0], [3104.25, 76.0], [3104.1, 3291.0], [3104.05, 3000.0], [3104.0, 90.0]], "asks": [[3105.55, 6382.0], [3105.8, 25000.0], [3105.9, 2657.0], [3106.05, 5213.0], [3106.2, 3000.0], [3106.25, 6232.0], [3106.3, 17861.0], [3106.35, 2556.0], [3106.4, 6231.0], [3106.45, 860.0], [3106.5, 3001.0], [3106.55, 1420.0], [3106.6, 23009.0], [3106.65, 2152.0], [3106.7, 3231.0], [3106.75, 980.0], [3106.8, 3000.0], [3106.85, 7303.0], [3106.9, 17785.0], [3106.95, 4385.0]]}}}
{"jsonrpc": "2.0", "method": "subscription", "params": {"channel": "book.ETH-PERPETUAL.none.20.100ms", "data": {"timestamp": 1765257670257, "change_id": 100659406779, "instrument_name": "ETH-PERPETUAL", "bids": [[3105.95, 20863.0], [3105.55, 6762.0], [3105.5, 17654.0], [3105.3, 1802.0], [3105.25, 3037.0], [3105.15, 2999.0], [3105.1, 3226.0], [3105.05, 10517.0], [3105.0, 22439.0], [3104.9, 1297.0], [3104.85, 4345.0], [3104.8, 3226.0], [3104.75, 1007.0], [3104.6, 3232.0], [3104.45, 3000.0], [3104.3, 3291.0], [3104.25, 76.0], [3104.1, 3291.0], [3104.05, 3000.0], [3104.0, 90.0]], "asks": [[3106.0, 6240.0], [3106.15, 167.0], [3106.25, 25000.0], [3106.4, 3000.0], [3106.55, 1377.0], [3106.6, 4613.0], [3106.65, 2152.0], [3106.7, 4839.0], [3106.8, 3015.0], [3106.95, 13727.0], [3107.0, 3000.0], [3107.1, 34511.0], [3107.15, 7655.0], [3107.2, 3000.0], [3107.25, 2160.0], [3107.3, 17785.0], [3107.35, 3256.0], [3107.4, 3120.0], [3107.45, 50.0], [3107.55, 3263.0]]}}}
{"jsonrpc": "2.0", "method": "subscription", "params": {"channel": "book.ETH-PERPETUAL.none.20.100ms", "data": {"timestamp": 1765257670562, "change_id": 100659407259, "instrument_name": "ETH-PERPETUAL", "bids": [[3105.95, 20903.0], [3105.55, 6762.0], [3105.5, 17614.0], [3105.25, 3037.0], [3105.1, 3226.0], [3105.05, 13516.0], [3105.0, 22439.0], [3104.9, 1297.0], [3104.85, 4345.0], [3104.8, 3226.0], [3104.75, 1007.0], [3104.6, 3232.0], [3104.45, 3000.0], [3104.3, 3291.0], [3104.25, 76.0], [3104.1, 3291.0], [3104.05, 3000.0], [3104.0, 90.0], [3103.9, 23280.0], [3103.85, 17765.0]], "asks": [[3106.0, 6354.0], [3106.05, 1000.0], [3106.25, 25000.0], [3106.55, 1377.0], [3106.6, 4613.0], [3106.65, 2152.0], [3106.7, 4839.0], [3106.8, 3015.0], [3106.95, 13727.0], [3107.0, 3000.0], [3107.05, 3001.0], [3107.1, 35371.0], [3107.15, 4654.0], [3107.2, 3000.0], [3107.25, 3189.0], [3107.3, 18765.0], [3107.35, 3256.0], [3107.4, 3120.0], [3107.45, 50.0], [3107.55, 3263.0]]}}}
{"jsonrpc": "2.0", "method": "subscription", "params": {"channel": "book.ETH-PERPETUAL.none.20.100ms", "data": {"timestamp": 1765257670911, "change_id": 100659407759, "instrument_name": "ETH-PERPETUAL", "bids": [[3105.95, 18319.0], [3105.65, 2478.0], [3105.6, 8300.0], [3105.55, 2780.0], [3105.5, 9314.0], [3105.25, 3037.0], [3105.1, 3226.0], [3105.05, 10517.0], [3105.0, 22439.0], [3104.95, 2999.0], [3104.9, 1297.0], [3104.85, 4345.0], [3104.8, 3226.0], [3104.75, 1007.0], [3104.6, 3232.0], [3104.45, 3000.0], [3104.3, 3291.0], [3104.25, 76.0], [3104.1, 3291.0], [3104.05, 3000.0]], "asks": [[3106.0, 6288.0], [3106.05, 1000.0], [3106.25, 25000.0], [3106.55, 1377.0], [3106.6, 7685.0], [3106.65, 2152.0], [3106.7, 4839.0], [3106.8, 3015.0], [3106.95, 13727.0], [3107.0, 3000.0], [3107.05, 3001.0], [3107.1, 35371.0], [3107.15, 4654.0], [3107.2, 3000.0], [3107.25, 3189.0], [3107.3, 18765.0], [3107.35, 3256.0], [3107.4, 3120.0], [3107.55, 3263.0], [3107.65, 50000.0]]}}}
{"jsonrpc": "2.0", "method": "subscription", "params": {"channel": "book.ETH-PERPETUAL.none.20.100ms", "data": {"timestamp": 1765257671248, "change_id": 100659408279, "instrument_name": "ETH-PERPETUAL", "bids": [[3105.6, 8300.0], [3105.5, 74.0], [3105.25, 3037.0], [3105.1, 3226.0], [3105.05, 9218.0], [3105.0, 22439.0], [3104.85, 5965.0], [3104.8, 3226.0], [3104.75, 7247.0], [3104.6, 3232.0], [3104.45, 3000.0], [3104.3, 3291.0], [3104.25, 76.0], [3104.2, 40.0], [3104.1, 3291.0], [3104.05, 3000.0], [3104.0, 90.0], [3103.9, 3291.0], [3103.8, 1878.0], [3103.75, 3000.0]], "asks": [[3105.65, 43158.0], [3105.75, 7240.0], [3105.95, 1152.0], [3106.0, 3860.0], [3106.5, 3226.0], [3106.55, 1377.0], [3106.6, 12294.0], [3106.65, 2152.0], [3106.7, 3231.0], [3106.75, 20009.0], [3106.8, 3015.0], [3106.85, 6274.0], [3106.9, 17785.0], [3106.95, 4385.0], [3107.0, 3000.0], [3107.1, 15362.0], [3107.15, 3234.0], [3107.2, 3000.0], [3107.25, 3189.0], [3107.3, 980.0]]}}}
{"jsonrpc": "2.0", "method": "subscription", "params": {"channel": "book.ETH-PERPETUAL.none.20.100ms", "data": {"timestamp": 1765257671577, "change_id": 100659408861, "instrument_name": "ETH-PERPETUAL", "bids": [[3105.6, 8300.0], [3105.5, 74.0], [3105.25, 3037.0], [3105.1, 3226.0], [3105.05, 9218.0], [3105.0, 25197.0], [3104.95, 6240.0], [3104.85, 4264.0], [3104.8, 3226.0], [3104.75, 1007.0], [3104.6, 3232.0], [3104.5, 2999.0], [3104.45, 3000.0], [3104.3, 3291.0], [3104.25, 76.0], [3104.2, 40.0], [3104.1, 3291.0], [3104.05, 3000.0], [3104.0, 90.0], [3103.9, 3291.0]], "asks": [[3105.65, 18110.0], [3105.75, 6240.0], [3105.85, 1000.0], [3105.9, 26251.0], [3105.95, 1723.0], [3106.45, 15.0], [3106.5, 3226.0], [3106.55, 4378.0], [3106.6, 9293.0], [3106.65, 3181.0], [3106.7, 4651.0], [3106.8, 3980.0], [3106.9, 20009.0], [3106.95, 4385.0], [3107.0, 3000.0], [3107.1, 15362.0], [3107.15, 21019.0], [3107.2, 3000.0], [3107.25, 2160.0], [3107.35, 3256.0]]}}}
{"jsonrpc": "2.0", "method": "subscription", "params": {"channel": "book.ETH-PERPETUAL.none.20.100ms", "data": {"timestamp": 1765257671885, "change_id": 100659409307, "instrument_name": "ETH-PERPETUAL", "bids": [[3105.6, 8300.0], [3105.5, 74.0], [3105.25, 3037.0], [3105.1, 3226.0], [3105.05, 9218.0], [3105.0, 25197.0], [3104.95, 6240.0], [3104.85, 4264.0], [3104.8, 3226.0], [3104.75, 1007.0], [3104.6, 3232.0], [3104.5, 4298.0], [3104.45, 3000.0], [3104.3, 3291.0], [3104.25, 76.0], [3104.2, 40.0], [3104.1, 4636.0], [3104.05, 3000.0], [3104.0, 90.0], [3103.9, 3291.0]], "asks": [[3105.65, 18233.0], [3105.75, 6240.0], [3105.85, 1000.0], [3105.9, 25000.0], [3106.45, 3016.0], [3106.5, 3226.0], [3106.55, 1377.0], [3106.6, 9293.0], [3106.65, 3181.0], [3106.7, 4651.0], [3106.8, 3980.0], [3106.9, 20009.0], [3106.95, 4385.0], [3107.0, 3000.0], [3107.1, 15362.0], [3107.15, 21019.0], [3107.2, 3000.0], [3107.25, 2160.0], [3107.35, 53256.0], [3107.4, 3120.0]]}}}
{"jsonrpc": "2.0", "method": "subscription", "params": {"channel": "book.ETH-PERPETUAL.none.20.100ms", "data": {"timestamp": 1765257672213, "change_id": 100659409451, "instrument_name": "ETH-PERPETUAL", "bids": [[3105.5, 114.0], [3105.25, 3037.0], [3105.05, 9218.0], [3105.0, 23589.0], [3104.95, 6240.0], [3104.85, 4264.0], [3104.8, 3226.0], [3104.75, 1007.0], [3104.65, 3000.0], [3104.6, 3232.0], [3104.55, 2658.0], [3104.5, 4298.0], [3104.45, 4608.0], [3104.3, 3291.0], [3104.25, 76.0], [3104.1, 4636.0], [3104.05, 3000.0], [3104.0, 90.0], [3103.9, 3291.0], [3103.8, 1878.0]], "asks": [[3105.55, 18047.0], [3105.65, 109.0], [3105.75, 6240.0], [3105.85, 1000.0], [3105.9, 25000.0], [3106.45, 3016.0], [3106.5, 6447.0], [3106.55, 1377.0], [3106.6, 6072.0], [3106.65, 3181.0], [3106.7, 4651.0], [3106.8, 3980.0], [3106.85, 6938.0], [3106.9, 20009.0], [3106.95, 4385.0], [3107.0, 3000.0], [3107.1, 15362.0], [3107.15, 21019.0], [3107.2, 3000.0], [3107.25, 2160.0]]}}}
{"jsonrpc": "2.0", "method": "subscription", "params": {"channel": "book.ETH-PERPETUAL.none.20.100ms", "data": {"timestamp": 1765257672558, "change_id": 100659409890, "instrument_name": "ETH-PERPETUAL", "bids": [[3105.5, 3060.0], [3105.25, 3037.0], [3105.05, 9218.0], [3105.0, 23589.0], [3104.95, 6240.0], [3104.85, 4264.0], [3104.8, 3226.0], [3104.75, 1007.0], [3104.65, 3000.0], [3104.6, 3232.0], [3104.55, 4607.0], [3104.5, 1299.0], [3104.45, 4608.0], [3104.3, 3291.0], [3104.25, 76.0], [3104.1, 4636.0], [3104.05, 3000.0], [3104.0, 90.0], [3103.9, 3291.0], [3103.8, 1878.0]], "asks": [[3105.55, 5213.0], [3105.6, 42.0], [3105.75, 6240.0], [3105.85, 1000.0], [3105.9, 25000.0], [3106.45, 15.0], [3106.5, 6447.0], [3106.55, 4378.0], [3106.6, 6072.0], [3106.65, 3181.0], [3106.7, 4651.0], [3106.8, 3980.0], [3106.85, 6938.0], [3106.95, 24394.0], [3107.0, 3000.0], [3107.1, 15362.0], [3107.15, 21019.0], [3107.2, 3000.0], [3107.25, 2160.0], [3107.35, 3256.0]]}}}
{"jsonrpc": "2.0", "method": "subscription", "params": {"channel": "book.ETH-PERPETUAL.none.20.100ms", "data": {"timestamp": 1765257672875, "change_id": 100659410429, "instrument_name": "ETH-PERPETUAL", "bids": [[3105.5, 128.0], [3105.25, 3037.0], [3105.05, 9218.0], [3105.0, 23589.0], [3104.95, 6240.0], [3104.85, 4264.0], [3104.8, 3226.0], [3104.75, 1007.0], [3104.65, 3000.0], [3104.6, 3232.0], [3104.55, 1608.0], [3104.5, 1299.0], [3104.45, 3000.0], [3104.3, 3291.0], [3104.25, 76.0], [3104.15, 2999.0], [3104.1, 4636.0], [3104.05, 3000.0], [3104.0, 90.0], [3103.9, 3291.0]], "asks": [[3105.55, 5255.0], [3105.75, 6240.0], [3105.85, 8463.0], [3105.9, 25000.0], [3106.4, 3000.0], [3106.45, 15.0], [3106.5, 6447.0], [3106.55, 4378.0], [3106.6, 26081.0], [3106.65, 3181.0], [3106.7, 4651.0], [3106.8, 3980.0], [3106.95, 22170.0], [3107.0, 3000.0], [3107.1, 15362.0], [3107.15, 3234.0], [3107.2, 3000.0], [3107.25, 2160.0], [3107.35, 3256.0], [3107.4, 53120.0]]}}}
{"jsonrpc": "2.0", "method": "subscription", "params": {"channel": "book.ETH-PERPETUAL.none.20.100ms", "data": {"timestamp": 1765257673231, "change_id": 100659410555, "instrument_name": "ETH-PERPETUAL", "bids": [[3105.5, 2658.0], [3105.3, 2769.0], [3105.25, 3037.0], [3105.15, 6240.0], [3105.05, 9218.0], [3105.0, 20831.0], [3104.85, 4264.0], [3104.8, 3226.0], [3104.75, 1007.0], [3104.7, 2340.0], [3104.65, 3000.0], [3104.6, 3232.0], [3104.55, 1608.0], [3104.5, 4298.0], [3104.45, 3000.0], [3104.3, 3291.0], [3104.25, 76.0], [3104.1, 4636.0], [3104.05, 3000.0], [3104.0, 90.0]], "asks": [[3105.55, 2695.0], [3105.75, 6240.0], [3105.85, 1000.0], [3106.4, 3000.0], [3106.45, 3016.0], [3106.5, 6447.0], [3106.55, 1377.0], [3106.6, 6072.0], [3106.65, 3181.0], [3106.7, 4651.0], [3106.8, 3980.0], [3106.9, 20009.0], [3106.95, 13320.0], [3107.0, 3000.0], [3107.05, 17785.0], [3107.1, 15362.0], [3107.15, 3234.0], [3107.2, 3000.0], [3107.25, 2160.0], [3107.35, 3256.0]]}}}
{"jsonrpc": "2.0", "method": "subscription", "params": {"channel": "book.ETH-PERPETUAL.none.20.100ms", "data": {"timestamp": 1765257673549, "change_id": 100659410997, "instrument_name": "ETH-PERPETUAL", "bids": [[3105.5, 5074.0], [3105.25, 3037.0], [3105.05, 15458.0], [3105.0, 20831.0], [3104.85, 4264.0], [3104.8, 3226.0], [3104.75, 1007.0], [3104.7, 2340.0], [3104.65, 3000.0], [3104.6, 3232.0], [3104.55, 1608.0], [3104.5, 1299.0], [3104.45, 3000.0], [3104.35, 2999.0], [3104.3, 3291.0], [3104.25, 76.0], [3104.1, 4636.0], [3104.05, 3000.0], [3104.0, 90.0], [3103.9, 3291.0]], "asks": [[3105.55, 5255.0], [3105.75, 6240.0], [3105.85, 26000.0], [3106.4, 3000.0], [3106.45, 3016.0], [3106.5, 6447.0], [3106.55, 1377.0], [3106.6, 6072.0], [3106.65, 3181.0], [3106.7, 4651.0], [3106.75, 20009.0], [3106.8, 3980.0], [3106.95, 13320.0], [3107.0, 3000.0], [3107.05, 17785.0], [3107.1, 15362.0], [3107.15, 3234.0], [3107.2, 3000.0], [3107.25, 2160.0], [3107.35, 3256.0]]}}}
{"jsonrpc": "2.0", "method": "subscription", "params": {"channel": "book.ETH-PERPETUAL.none.20.100ms", "data": {"timestamp": 1765257673834, "change_id": 100659411454, "instrument_name": "ETH-PERPETUAL", "bids": [[3105.5, 5074.0], [3105.25, 3037.0], [3105.15, 11454.0], [3105.1, 8300.0], [3105.05, 9240.0], [3105.0, 20831.0], [3104.85, 4264.0], [3104.8, 3226.0], [3104.75, 1007.0], [3104.7, 2340.0], [3104.65, 3000.0], [3104.6, 3232.0], [3104.55, 1608.0], [3104.5, 1299.0], [3104.45, 3000.0], [3104.35, 2999.0], [3104.3, 3291.0], [3104.25, 76.0], [3104.1, 4636.0], [3104.05, 3000.0]], "asks": [[3105.55, 11495.0], [3105.65, 1000.0], [3105.8, 25000.0], [3106.4, 3000.0], [3106.45, 3016.0], [3106.5, 6447.0], [3106.55, 1377.0], [3106.6, 6072.0], [3106.65, 23190.0], [3106.7, 4651.0], [3106.8, 3980.0], [3106.95, 13320.0], [3107.0, 3000.0], [3107.05, 17785.0], [3107.1, 15362.0], [3107.15, 3234.0], [3107.2, 3000.0], [3107.25, 2160.0], [3107.35, 3256.0], [3107.4, 53120.0]]}}}
{"jsonrpc": "2.0", "method": "subscription", "params": {"channel": "book.ETH-PERPETUAL.none.20.100ms", "data": {"timestamp": 1765257674160, "change_id": 100659411559, "instrument_name": "ETH-PERPETUAL", "bids": [[3105.5, 5074.0], [3105.25, 3037.0], [3105.15, 11454.0], [3105.1, 8300.0], [3105.05, 9240.0], [3105.0, 20831.0], [3104.85, 4264.0], [3104.8, 3226.0], [3104.75, 1007.0], [3104.7, 2340.0], [3104.65, 3000.0], [3104.6, 3232.0], [3104.55, 1608.0], [3104.5, 1299.0], [3104.45, 3000.0], [3104.35, 2999.0], [3104.3, 3291.0], [3104.25, 76.0], [3104.1, 4636.0], [3104.05, 3000.0]], "asks": [[3105.55, 11495.0], [3105.65, 1000.0], [3105.8, 25000.0], [3106.4, 3000.0], [3106.45, 3016.0], [3106.5, 6447.0], [3106.55, 1377.0], [3106.6, 6072.0], [3106.65, 23190.0], [3106.7, 4651.0], [3106.8, 3980.0], [3106.95, 13320.0], [3107.0, 3000.0], [3107.05, 17785.0], [3107.1, 15362.0], [3107.15, 3234.0], [3107.2, 3000.0], [3107.25, 2160.0], [3107.35, 3256.0], [3107.4, 53120.0]]}}}
{"jsonrpc": "2.0", "method": "subscription", "params": {"channel": "book.ETH-PERPETUAL.none.20.100ms", "data": {"timestamp": 1765257674551, "change_id": 100659412083, "instrument_name": "ETH-PERPETUAL", "bids": [[3105.5, 74.0], [3105.25, 3037.0], [3105.15, 11454.0], [3105.1, 8300.0], [3105.05, 3000.0], [3105.0, 20831.0], [3104.9, 2758.0], [3104.85, 10504.0], [3104.8, 3226.0], [3104.75, 1007.0], [3104.7, 2340.0], [3104.65, 3000.0], [3104.6, 3232.0], [3104.55, 1608.0], [3104.5, 1299.0], [3104.45, 3000.0], [3104.35, 2999.0], [3104.3, 3291.0], [3104.25, 76.0], [3104.1, 4636.0]], "asks": [[3105.55, 36495.0], [3106.35, 3001.0], [3106.4, 3000.0], [3106.45, 15.0], [3106.5, 6447.0], [3106.55, 1377.0], [3106.6, 26081.0], [3106.65, 3181.0], [3106.7, 3231.0], [3106.8, 3980.0], [3106.95, 13320.0], [3107.0, 3000.0], [3107.05, 17785.0], [3107.1, 15362.0], [3107.15, 3234.0], [3107.2, 3000.0], [3107.25, 2160.0], [3107.3, 50000.0], [3107.35, 3256.0], [3107.4, 3120.0]]}}}
{"jsonrpc": "2.0", "method": "subscription", "params": {"channel": "book.ETH-PERPETUAL.none.20.100ms", "data": {"timestamp": 1765257674867, "change_id": 100659412560, "instrument_name": "ETH-PERPETUAL", "bids": [[3105.5, 74.0], [3105.25, 3037.0], [3105.15, 11454.0], [3105.1, 8300.0], [3105.05, 11300.0], [3105.0, 20831.0], [3104.9, 2758.0], [3104.85, 10504.0], [3104.8, 3226.0], [3104.75, 1007.0], [3104.7, 2340.0], [3104.65, 3000.0], [3104.6, 3232.0], [3104.55, 2891.0], [3104.5, 1299.0], [3104.45, 3000.0], [3104.35, 2999.0], [3104.3, 3291.0], [3104.25, 76.0], [3104.1, 4636.0]], "asks": [[3105.55, 37652.0], [3106.1, 15.0], [3106.35, 3001.0], [3106.4, 3000.0], [3106.5, 6447.0], [3106.55, 1377.0], [3106.6, 27501.0], [3106.65, 3181.0], [3106.7, 3231.0], [3106.8, 3980.0], [3106.9, 17785.0], [3106.95, 4385.0], [3107.0, 3000.0], [3107.1, 1861.0], [3107.15, 53234.0], [3107.2, 3000.0], [3107.25, 2160.0], [3107.35, 3256.0], [3107.4, 3120.0], [3107.55, 3263.0]]}}}
{"jsonrpc": "2.0", "method": "subscription", "params": {"channel": "book.ETH-PERPETUAL.none.20.100ms", "data": {"timestamp": 1765257675174, "change_id": 100659412717, "instrument_name": "ETH-PERPETUAL", "bids": [[3105.5, 74.0], [3105.25, 3037.0], [3105.15, 11454.0], [3105.1, 8300.0], [3105.05, 11300.0], [3105.0, 20831.0], [3104.9, 2758.0], [3104.85, 10504.0], [3104.8, 3226.0], [3104.75, 1007.0], [3104.7, 2340.0], [3104.65, 3000.0], [3104.6, 3232.0], [3104.55, 2891.0], [3104.5, 1299.0], [3104.45, 3000.0], [3104.35, 2999.0], [3104.3, 3291.0], [3104.25, 76.0], [3104.1, 4636.0]], "asks": [[3105.55, 12593.0], [3105.8, 25000.0], [3106.1, 15.0], [3106.2, 3000.0], [3106.35, 3001.0], [3106.4, 3000.0], [3106.5, 6447.0], [3106.55, 2237.0], [3106.6, 27501.0], [3106.65, 3181.0], [3106.7, 3231.0], [3106.8, 3980.0], [3106.9, 17785.0], [3106.95, 4385.0], [3107.0, 3000.0], [3107.1, 1861.0], [3107.15, 15927.0], [3107.2, 53000.0], [3107.25, 2160.0], [3107.35, 3256.0]]}}}
{"jsonrpc": "2.0", "method": "subscription", "params": {"channel": "book.ETH-PERPETUAL.none.20.100ms", "data": {"timestamp": 1765257675526, "change_id": 100659413153, "instrument_name": "ETH-PERPETUAL", "bids": [[3105.5, 74.0], [3105.25, 3037.0], [3105.15, 11454.0], [3105.1, 8300.0], [3105.05, 11300.0], [3105.0, 20831.0], [3104.9, 2758.0], [3104.85, 10504.0], [3104.8, 3226.0], [3104.75, 1007.0], [3104.7, 2340.0], [3104.65, 3000.0], [3104.6, 6231.0], [3104.55, 2891.0], [3104.5, 1299.0], [3104.45, 3000.0], [3104.3, 3291.0], [3104.25, 76.0], [3104.15, 1384.0], [3104.1, 4636.0]], "asks": [[3105.55, 12593.0], [3105.8, 25000.0], [3106.1, 15.0], [3106.2, 3000.0], [3106.4, 3000.0], [3106.5, 6447.0], [3106.55, 12201.0], [3106.6, 27501.0], [3106.65, 3181.0], [3106.7, 3231.0], [3106.8, 3980.0], [3106.9, 17785.0], [3106.95, 4385.0], [3107.0, 3000.0], [3107.1, 1861.0], [3107.15, 15927.0], [3107.2, 53000.0], [3107.25, 2160.0], [3107.35, 3256.0], [3107.4, 3120.0]]}}}
{"jsonrpc": "2.0", "method": "subscription", "params": {"channel": "book.ETH-PERPETUAL.none.20.100ms", "data": {"timestamp": 1765257675861, "change_id": 100659413597, "instrument_name": "ETH-PERPETUAL", "bids": [[3105.5, 74.0], [3105.3, 3384.0], [3105.25, 3037.0], [3105.2, 8300.0], [3105.15, 11454.0], [3105.1, 8300.0], [3105.05, 11300.0], [3105.0, 20831.0], [3104.9, 2758.0], [3104.85, 10504.0], [3104.8, 3226.0], [3104.75, 1007.0], [3104.7, 2340.0], [3104.65, 3000.0], [3104.6, 3232.0], [3104.55, 5890.0], [3104.5, 1299.0], [3104.45, 3000.0], [3104.3, 3291.0], [3104.25, 76.0]], "asks": [[3105.55, 12656.0], [3105.8, 7463.0], [3105.85, 25000.0], [3106.1, 15.0], [3106.2, 3000.0], [3106.4, 3000.0], [3106.5, 9448.0], [3106.55, 9200.0], [3106.6, 26081.0], [3106.65, 3181.0], [3106.7, 3231.0], [3106.8, 3980.0], [3106.9, 17785.0], [3106.95, 4385.0], [3107.0, 3000.0], [3107.1, 1861.0], [3107.15, 15927.0], [3107.2, 53000.0], [3107.25, 2160.0], [3107.35, 3256.0]]}}}
{"jsonrpc": "2.0", "method": "subscription", "params": {"channel": "book.ETH-PERPETUAL.none.20.100ms", "data": {"timestamp": 1765257676207, "change_id": 100659413695, "instrument_name": "ETH-PERPETUAL", "bids": [[3105.5, 74.0], [3105.3, 3384.0], [3105.25, 3037.0], [3105.2, 8300.0], [3105.15, 11454.0], [3105.1, 8300.0], [3105.05, 11300.0], [3105.0, 20831.0], [3104.9, 2758.0], [3104.85, 10504.0], [3104.8, 3226.0], [3104.75, 1007.0], [3104.7, 2340.0], [3104.65, 3000.0], [3104.6, 6231.0], [3104.55, 2891.0], [3104.5, 1299.0], [3104.45, 3000.0], [3104.3, 3291.0], [3104.25, 76.0]], "asks": [[3105.55, 12593.0], [3105.8, 7463.0], [3105.85, 25000.0], [3106.1, 15.0], [3106.2, 3000.0], [3106.4, 3000.0], [3106.5, 9448.0], [3106.55, 3657.0], [3106.6, 6072.0], [3106.65, 3181.0], [3106.7, 3231.0], [3106.75, 20009.0], [3106.8, 3980.0], [3106.95, 4385.0], [3107.0, 3000.0], [3107.05, 17785.0], [3107.1, 1861.0], [3107.15, 15927.0], [3107.2, 3000.0], [3107.25, 2160.0]]}}}
{"jsonrpc": "2.0", "method": "subscription", "params": {"channel": "book.ETH-PERPETUAL.none.20.100ms", "data": {"timestamp": 1765257676309, "change_id": 100659413883, "instrument_name": "ETH-PERPETUAL", "bids": [[3105.5, 74.0], [3105.3, 3384.0], [3105.25, 3037.0], [3105.2, 8300.0], [3105.15, 11454.0], [3105.1, 8300.0], [3105.05, 11300.0], [3105.0, 20831.0], [3104.9, 2758.0], [3104.85, 10504.0], [3104.8, 3226.0], [3104.75, 1007.0], [3104.7, 2340.0], [3104.65, 3000.0], [3104.6, 6231.0], [3104.55, 2891.0], [3104.5, 1299.0], [3104.45, 3000.0], [3104.35, 1005.0], [3104.3, 3291.0]], "asks": [[3105.55, 12593.0], [3105.8, 7463.0], [3105.85, 25000.0], [3106.1, 15.0], [3106.2, 3000.0], [3106.4, 3000.0], [3106.5, 6447.0], [3106.55, 13197.0], [3106.6, 6072.0], [3106.65, 23190.0], [3106.7, 3231.0], [3106.8, 3980.0], [3106.95, 4385.0], [3107.0, 3000.0], [3107.05, 17785.0], [3107.1, 1861.0], [3107.15, 15927.0], [3107.2, 3000.0], [3107.25, 2160.0], [3107.3, 50000.0]]}}}
{"jsonrpc": "2.0", "method": "subscription", "params": {"channel": "book.ETH-PERPETUAL.none.20.100ms", "data": {"timestamp": 1765257676854, "change_id": 100659414662, "instrument_name": "ETH-PERPETUAL", "bids": [[3105.5, 4276.0], [3105.3, 3384.0], [3105.25, 3037.0], [3105.2, 8300.0], [3105.15, 11454.0], [3105.1, 8300.0], [3105.05, 11300.0], [3105.0, 20831.0], [3104.85, 5977.0], [3104.8, 9506.0], [3104.75, 1007.0], [3104.7, 2340.0], [3104.65, 3000.0], [3104.6, 3232.0], [3104.55, 5890.0], [3104.5, 1299.0], [3104.45, 3000.0], [3104.35, 1005.0], [3104.3, 3291.0], [3104.25, 76.0]], "asks": [[3105.55, 31353.0], [3105.75, 6280.0], [3106.1, 15.0], [3106.2, 3000.0], [3106.4, 3000.0], [3106.5, 9448.0], [3106.55, 3657.0], [3106.6, 6072.0], [3106.65, 23190.0], [3106.7, 3231.0], [3106.8, 3980.0], [3106.95, 4385.0], [3107.0, 3000.0], [3107.05, 17785.0], [3107.1, 1861.0], [3107.15, 15927.0], [3107.2, 3000.0], [3107.25, 2160.0], [3107.3, 50000.0], [3107.35, 3256.0]]}}}
{"jsonrpc": "2.0", "method": "subscription", "params": {"channel": "book.ETH-PERPETUAL.none.20.100ms", "data": {"timestamp": 1765257677199, "change_id": 100659414742, "instrument_name": "ETH-PERPETUAL", "bids": [[3105.5, 4276.0], [3105.3, 3384.0], [3105.25, 3037.0], [3105.2, 8300.0], [3105.15, 11454.0], [3105.1, 8300.0], [3105.05, 11300.0], [3105.0, 20831.0], [3104.85, 5977.0], [3104.8, 9506.0], [3104.75, 1007.0], [3104.7, 2340.0], [3104.65, 3000.0], [3104.6, 3232.0], [3104.55, 5890.0], [3104.5, 1299.0], [3104.45, 3000.0], [3104.35, 1005.0], [3104.3, 3291.0], [3104.25, 76.0]], "asks": [[3105.55, 31353.0], [3105.75, 6280.0], [3106.1, 15.0], [3106.2, 3000.0], [3106.4, 3000.0], [3106.45, 3001.0], [3106.5, 6447.0], [3106.55, 3657.0], [3106.6, 6072.0], [3106.65, 23190.0], [3106.7, 3231.0], [3106.8, 3980.0], [3106.95, 4385.0], [3107.0, 3000.0], [3107.05, 17785.0], [3107.1, 1861.0], [3107.15, 3234.0], [3107.2, 3000.0], [3107.25, 2160.0], [3107.3, 50000.0]]}}}
{"jsonrpc": "2.0", "method": "subscription", "params": {"channel": "book.ETH-PERPETUAL.none.20.100ms", "data": {"timestamp": 1765257677518, "change_id": 100659415060, "instrument_name": "ETH-PERPETUAL", "bids": [[3105.5, 1350.0], [3105.3, 3384.0], [3105.25, 3037.0], [3105.2, 8300.0], [3105.15, 11454.0], [3105.1, 8300.0], [3105.05, 11300.0], [3105.0, 20831.0], [3104.85, 5977.0], [3104.8, 9506.0], [3104.75, 1007.0], [3104.7, 2340.0], [3104.65, 3000.0], [3104.6, 3232.0], [3104.55, 5890.0], [3104.5, 1299.0], [3104.45, 3000.0], [3104.35, 1005.0], [3104.3, 3291.0], [3104.25, 76.0]], "asks": [[3105.55, 6399.0], [3105.75, 6280.0], [3105.8, 25000.0], [3106.1, 15.0], [3106.2, 3000.0], [3106.4, 3000.0], [3106.5, 9448.0], [3106.55, 3657.0], [3106.6, 6072.0], [3106.65, 3181.0], [3106.7, 3231.0], [3106.75, 20009.0], [3106.8, 3980.0], [3106.95, 4385.0], [3107.0, 3000.0], [3107.05, 17785.0], [3107.1, 1861.0], [3107.15, 3234.0], [3107.2, 3000.0], [3107.25, 14385.0]]}}}
{"jsonrpc": "2.0", "method": "subscription", "params": {"channel": "book.ETH-PERPETUAL.none.20.100ms", "data": {"timestamp": 1765257677860, "change_id": 100659415568, "instrument_name": "ETH-PERPETUAL", "bids": [[3105.5, 14650.0], [3105.3, 3384.0], [3105.25, 3037.0], [3105.2, 8300.0], [3105.15, 11454.0], [3105.1, 8300.0], [3105.05, 11300.0], [3105.0, 20831.0], [3104.85, 5977.0], [3104.8, 9506.0], [3104.75, 1007.0], [3104.7, 2340.0], [3104.65, 3000.0], [3104.6, 3232.0], [3104.55, 5890.0], [3104.5, 1299.0], [3104.45, 3000.0], [3104.35, 1005.0], [3104.3, 3291.0], [3104.25, 76.0]], "asks": [[3105.55, 6506.0], [3105.75, 6280.0], [3105.8, 25000.0], [3106.1, 15.0], [3106.2, 3000.0], [3106.4, 3000.0], [3106.45, 3001.0], [3106.5, 6447.0], [3106.55, 3657.0], [3106.6, 6072.0], [3106.65, 3181.0], [3106.7, 3231.0], [3106.75, 20009.0], [3106.8, 3980.0], [3106.95, 4385.0], [3107.0, 3000.0], [3107.05, 17785.0], [3107.1, 1861.0], [3107.15, 3234.0], [3107.2, 3000.0]]}}}
{"jsonrpc": "2.0", "method": "subscription", "params": {"channel": "book.ETH-PERPETUAL.none.20.100ms", "data": {"timestamp": 1765257678144, "change_id": 100659415630, "instrument_name": "ETH-PERPETUAL", "bids": [[3105.5, 14690.0], [3105.3, 3384.0], [3105.25, 3037.0], [3105.2, 8300.0], [3105.15, 11454.0], [3105.1, 8300.0], [3105.05, 11300.0], [3105.0, 20831.0], [3104.85, 5977.0], [3104.8, 9506.0], [3104.75, 1007.0], [3104.7, 2340.0], [3104.65, 3000.0], [3104.6, 3232.0], [3104.55, 5890.0], [3104.5, 1299.0], [3104.45, 3000.0], [3104.35, 1005.0], [3104.3, 3291.0], [3104.25, 76.0]], "asks": [[3105.55, 5320.0], [3105.75, 7280.0], [3105.8, 25000.0], [3106.2, 3000.0], [3106.4, 3000.0], [3106.5, 9448.0], [3106.55, 3672.0], [3106.6, 6072.0], [3106.65, 3181.0], [3106.7, 3231.0], [3106.75, 20009.0], [3106.8, 3980.0], [3106.95, 4385.0], [3107.0, 3000.0], [3107.05, 17785.0], [3107.1, 1861.0], [3107.15, 3234.0], [3107.2, 3000.0], [3107.25, 14385.0], [3107.35, 3256.0]]}}}
{"jsonrpc": "2.0", "method": "subscription", "params": {"channel": "book.ETH-PERPETUAL.none.20.100ms", "data": {"timestamp": 1765257678466, "change_id": 100659415944, "instrument_name": "ETH-PERPETUAL", "bids": [[3105.5, 14650.0], [3105.3, 3384.0], [3105.25, 3037.0], [3105.2, 8300.0], [3105.15, 11454.0], [3105.1, 8300.0], [3105.05, 11300.0], [3105.0, 20831.0], [3104.85, 5977.0], [3104.8, 9506.0], [3104.75, 1007.0], [3104.7, 2340.0], [3104.65, 3000.0], [3104.6, 3232.0], [3104.55, 2891.0], [3104.5, 4298.0], [3104.45, 3000.0], [3104.35, 1005.0], [3104.3, 3291.0], [3104.25, 76.0]], "asks": [[3105.55, 5320.0], [3105.75, 7280.0], [3105.8, 25000.0], [3106.2, 3000.0], [3106.4, 3000.0], [3106.45, 3001.0], [3106.5, 6447.0], [3106.55, 3672.0], [3106.6, 6072.0], [3106.65, 8879.0], [3106.7, 3231.0], [3106.75, 20009.0], [3106.8, 3980.0], [3106.95, 4385.0], [3107.0, 3000.0], [3107.05, 17785.0], [3107.1, 1861.0], [3107.15, 3234.0], [3107.2, 3000.0], [3107.25, 14385.0]]}}}
{"jsonrpc": "2.0", "method": "subscription", "params": {"channel": "book.ETH-PERPETUAL.none.20.100ms", "data": {"timestamp": 1765257678849, "change_id": 100659416495, "instrument_name": "ETH-PERPETUAL", "bids": [[3105.5, 14690.0], [3105.3, 3384.0], [3105.25, 3037.0], [3105.2, 8300.0], [3105.15, 11454.0], [3105.1, 8300.0], [3105.05, 11300.0], [3105.0, 20831.0], [3104.85, 5977.0], [3104.8, 9506.0], [3104.75, 1007.0], [3104.7, 2340.0], [3104.65, 3000.0], [3104.6, 6231.0], [3104.55, 2891.0], [3104.5, 1299.0], [3104.45, 3000.0], [3104.35, 1005.0], [3104.3, 3291.0], [3104.25, 76.0]], "asks": [[3105.55, 120.0], [3105.75, 7280.0], [3105.8, 25000.0], [3106.2, 3000.0], [3106.4, 3000.0], [3106.5, 6447.0], [3106.55, 6673.0], [3106.6, 6072.0], [3106.65, 8879.0], [3106.7, 3231.0], [3106.75, 20009.0], [3106.8, 3980.0], [3106.95, 4385.0], [3107.0, 3000.0], [3107.05, 17785.0], [3107.1, 1861.0], [3107.15, 3234.0], [3107.2, 3000.0], [3107.25, 14385.0], [3107.35, 3256.0]]}}}
{"jsonrpc": "2.0", "method": "subscription", "params": {"channel": "book.ETH-PERPETUAL.none.20.100ms", "data": {"timestamp": 1765257679173, "change_id": 100659416657, "instrument_name": "ETH-PERPETUAL", "bids": [[3105.5, 14690.0], [3105.3, 3384.0], [3105.25, 3037.0], [3105.2, 8300.0], [3105.15, 11454.0], [3105.1, 8300.0], [3105.05, 17580.0], [3105.0, 20831.0], [3104.85, 4264.0], [3104.8, 3226.0], [3104.75, 1007.0], [3104.7, 2340.0], [3104.65, 4345.0], [3104.6, 6231.0], [3104.55, 2891.0], [3104.5, 1299.0], [3104.45, 3000.0], [3104.35, 1005.0], [3104.3, 3291.0], [3104.25, 76.0]], "asks": [[3105.55, 5319.0], [3105.75, 1000.0], [3105.8, 25000.0], [3105.95, 1875.0], [3106.0, 6280.0], [3106.2, 3000.0], [3106.4, 3000.0], [3106.5, 9448.0], [3106.55, 2252.0], [3106.6, 6072.0], [3106.65, 7850.0], [3106.7, 3231.0], [3106.75, 20009.0], [3106.8, 3980.0], [3106.95, 4385.0], [3107.0, 3000.0], [3107.05, 17785.0], [3107.1, 1861.0], [3107.15, 3234.0], [3107.2, 3000.0]]}}}
{"jsonrpc": "2.0", "method": "subscription", "params": {"channel": "book.ETH-PERPETUAL.none.20.100ms", "data": {"timestamp": 1765257679509, "change_id": 100659417019, "instrument_name": "ETH-PERPETUAL", "bids": [[3105.5, 5074.0], [3105.3, 3384.0], [3105.25, 3037.0], [3105.2, 8300.0], [3105.15, 11454.0], [3105.1, 8300.0], [3105.05, 17580.0], [3105.0, 20831.0], [3104.85, 4264.0], [3104.8, 3226.0], [3104.75, 1007.0], [3104.7, 2340.0], [3104.65, 7344.0], [3104.6, 3232.0], [3104.55, 2891.0], [3104.5, 1299.0], [3104.45, 3000.0], [3104.35, 1005.0], [3104.3, 3291.0], [3104.25, 76.0]], "asks": [[3105.55, 5213.0], [3105.75, 1000.0], [3105.8, 25000.0], [3105.95, 1875.0], [3106.0, 6280.0], [3106.2, 3000.0], [3106.4, 3000.0], [3106.5, 6447.0], [3106.55, 5253.0], [3106.6, 7492.0], [3106.65, 7850.0], [3106.7, 3231.0], [3106.75, 20009.0], [3106.8, 3980.0], [3106.9, 1029.0], [3106.95, 9290.0], [3107.0, 3000.0], [3107.05, 17785.0], [3107.1, 1861.0], [3107.15, 3234.0]]}}}
{"jsonrpc": "2.0", "method": "subscription", "params": {"channel": "book.ETH-PERPETUAL.none.20.100ms", "data": {"timestamp": 1765257679813, "change_id": 100659417590, "instrument_name": "ETH-PERPETUAL", "bids": [[3105.5, 5074.0], [3105.3, 3384.0], [3105.25, 3037.0], [3105.2, 8300.0], [3105.15, 11454.0], [3105.1, 8300.0], [3105.05, 11300.0], [3105.0, 20831.0], [3104.85, 5977.0], [3104.8, 9506.0], [3104.75, 1007.0], [3104.7, 2340.0], [3104.65, 4345.0], [3104.6, 3232.0], [3104.55, 2891.0], [3104.5, 1299.0], [3104.45, 3000.0], [3104.4, 2999.0], [3104.35, 1005.0], [3104.3, 3291.0]], "asks": [[3105.55, 5419.0], [3105.75, 7280.0], [3105.8, 25000.0], [3106.2, 3000.0], [3106.35, 3001.0], [3106.4, 3000.0], [3106.5, 6447.0], [3106.55, 2252.0], [3106.6, 7492.0], [3106.65, 2152.0], [3106.7, 3231.0], [3106.75, 20009.0], [3106.8, 3980.0], [3106.9, 1029.0], [3106.95, 9290.0], [3107.0, 3000.0], [3107.05, 17785.0], [3107.1, 1861.0], [3107.15, 3234.0], [3107.2, 3000.0]]}}}
{"jsonrpc": "2.0", "method": "subscription", "params": {"channel": "book.ETH-PERPETUAL.none.20.100ms", "data": {"timestamp": 1765257680175, "change_id": 100659417737, "instrument_name": "ETH-PERPETUAL", "bids": [[3105.5, 74.0], [3105.3, 3384.0], [3105.25, 3037.0], [3105.2, 8300.0], [3105.15, 11454.0], [3105.1, 8300.0], [3105.05, 11300.0], [3105.0, 20831.0], [3104.85, 5977.0], [3104.8, 3226.0], [3104.75, 7287.0], [3104.7, 2340.0], [3104.65, 4345.0], [3104.6, 3232.0], [3104.55, 2891.0], [3104.5, 1299.0], [3104.45, 3000.0], [3104.4, 2999.0], [3104.35, 1005.0], [3104.3, 3291.0]], "asks": [[3105.55, 31368.0], [3105.75, 6280.0], [3106.2, 3000.0], [3106.35, 3001.0], [3106.4, 3000.0], [3106.5, 6447.0], [3106.55, 2252.0], [3106.6, 7492.0], [3106.65, 22161.0], [3106.7, 3231.0], [3106.8, 3980.0], [3106.9, 1029.0], [3106.95, 9290.0], [3107.0, 3000.0], [3107.05, 17785.0], [3107.1, 1861.0], [3107.15, 3234.0], [3107.2, 3000.0], [3107.25, 2160.0], [3107.3, 62122.0]]}}}
{"jsonrpc": "2.0", "method": "subscription", "params": {"channel": "book.ETH-PERPETUAL.none.20.100ms", "data": {"timestamp": 1765257680431, "change_id": 100659418021, "instrument_name": "ETH-PERPETUAL", "bids": [[3105.5, 382.0], [3105.3, 3384.0], [3105.25, 3037.0], [3105.2, 8300.0], [3105.15, 11454.0], [3105.1, 8300.0], [3105.05, 11300.0], [3105.0, 20831.0], [3104.85, 5977.0], [3104.8, 3226.0], [3104.75, 7287.0], [3104.7, 2340.0], [3104.65, 4345.0], [3104.6, 3232.0], [3104.55, 2891.0], [3104.5, 1299.0], [3104.45, 3000.0], [3104.4, 2999.0], [3104.35, 1005.0], [3104.3, 3291.0]], "asks": [[3105.55, 6550.0], [3105.75, 6280.0], [3105.8, 25000.0], [3106.2, 3000.0], [3106.4, 3000.0], [3106.45, 3001.0], [3106.5, 6447.0], [3106.55, 2252.0], [3106.6, 6072.0], [3106.65, 2152.0], [3106.7, 3231.0], [3106.75, 20009.0], [3106.8, 3980.0], [3106.9, 1029.0], [3106.95, 9290.0], [3107.0, 3000.0], [3107.05, 17785.0], [3107.1, 1861.0], [3107.15, 3234.0], [3107.2, 3000.0]]}}}
{"jsonrpc": "2.0", "method": "subscription", "params": {"channel": "book.ETH-PERPETUAL.none.20.100ms", "data": {"timestamp": 1765257680817, "change_id": 100659418608, "instrument_name": "ETH-PERPETUAL", "bids": [[3105.5, 8682.0], [3105.3, 3384.0], [3105.25, 3037.0], [3105.2, 8300.0], [3105.15, 11454.0], [3105.1, 8300.0], [3105.05, 11300.0], [3105.0, 20831.0], [3104.85, 5977.0], [3104.8, 3226.0], [3104.75, 7287.0], [3104.7, 2340.0], [3104.65, 4345.0], [3104.6, 3232.0], [3104.55, 2891.0], [3104.5, 1299.0], [3104.45, 3000.0], [3104.4, 2999.0], [3104.35, 1005.0], [3104.3, 3291.0]], "asks": [[3105.55, 6437.0], [3105.75, 6280.0], [3105.8, 25000.0], [3106.2, 3000.0], [3106.35, 3001.0], [3106.4, 3000.0], [3106.5, 6447.0], [3106.55, 2252.0], [3106.6, 7492.0], [3106.65, 2152.0], [3106.7, 3231.0], [3106.75, 20009.0], [3106.8, 3980.0], [3106.9, 1029.0], [3106.95, 9290.0], [3107.0, 3000.0], [3107.05, 17785.0], [3107.1, 1861.0], [3107.15, 3234.0], [3107.2, 3000.0]]}}}
{"jsonrpc": "2.0", "method": "subscription", "params": {"channel": "book.ETH-PERPETUAL.none.20.100ms", "data": {"timestamp": 1765257681164, "change_id": 100659418666, "instrument_name": "ETH-PERPETUAL", "bids": [[3105.5, 8374.0], [3105.3, 3384.0], [3105.25, 3037.0], [3105.2, 8300.0], [3105.15, 11454.0], [3105.1, 8300.0], [3105.05, 11300.0], [3105.0, 20831.0], [3104.85, 5977.0], [3104.8, 3226.0], [3104.75, 6288.0], [3104.7, 2340.0], [3104.65, 4345.0], [3104.6, 3232.0], [3104.55, 2891.0], [3104.5, 1299.0], [3104.45, 3000.0], [3104.4, 2999.0], [3104.35, 1005.0], [3104.3, 3291.0]], "asks": [[3105.55, 6496.0], [3105.75, 6280.0], [3105.8, 25000.0], [3106.2, 3000.0], [3106.35, 3001.0], [3106.4, 3000.0], [3106.5, 6447.0], [3106.55, 1392.0], [3106.6, 7492.0], [3106.65, 2152.0], [3106.7, 3231.0], [3106.75, 20009.0], [3106.8, 3980.0], [3106.9, 1029.0], [3106.95, 9290.0], [3107.0, 3000.0], [3107.05, 17785.0], [3107.1, 1861.0], [3107.15, 3234.0], [3107.2, 3000.0]]}}}
{"jsonrpc": "2.0", "method": "subscription", "params": {"channel": "book.ETH-PERPETUAL.none.20.100ms", "data": {"timestamp": 1765257681491, "change_id": 100659418994, "instrument_name": "ETH-PERPETUAL", "bids": [[3105.5, 8374.0], [3105.3, 3384.0], [3105.25, 3037.0], [3105.2, 8300.0], [3105.15, 11454.0], [3105.1, 8300.0], [3105.05, 11300.0], [3105.0, 20831.0], [3104.85, 5977.0], [3104.8, 3226.0], [3104.75, 6288.0], [3104.7, 2340.0], [3104.65, 4345.0], [3104.6, 3232.0], [3104.55, 2891.0], [3104.5, 1299.0], [3104.45, 3000.0], [3104.4, 2999.0], [3104.35, 1005.0], [3104.3, 3291.0]], "asks": [[3105.55, 6512.0], [3105.75, 6280.0], [3105.8, 25000.0], [3106.2, 3000.0], [3106.35, 3001.0], [3106.4, 3000.0], [3106.5, 6447.0], [3106.55, 1392.0], [3106.6, 4420.0], [3106.65, 7850.0], [3106.7, 3231.0], [3106.75, 20009.0], [3106.8, 3980.0], [3106.9, 1029.0], [3106.95, 9290.0], [3107.0, 3000.0], [3107.05, 17785.0], [3107.1, 1861.0], [3107.15, 3234.0], [3107.2, 3000.0]]}}}
{"jsonrpc": "2.0", "method": "subscription", "params": {"channel": "book.ETH-PERPETUAL.none.20.100ms", "data": {"timestamp": 1765257681815, "change_id": 100659419501, "instrument_name": "ETH-PERPETUAL", "bids": [[3105.5, 13374.0], [3105.3, 3384.0], [3105.25, 3037.0], [3105.2, 8300.0], [3105.15, 11454.0], [3105.1, 8300.0], [3105.05, 11300.0], [3105.0, 20831.0], [3104.85, 5977.0], [3104.8, 3226.0], [3104.75, 6288.0], [3104.7, 2340.0], [3104.65, 4345.0], [3104.6, 3232.0], [3104.55, 2891.0], [3104.5, 1299.0], [3104.45, 3000.0], [3104.4, 2999.0], [3104.35, 1005.0], [3104.3, 3291.0]], "asks": [[3105.55, 6570.0], [3105.75, 6280.0], [3105.8, 25000.0], [3106.2, 3000.0], [3106.35, 3001.0], [3106.4, 3000.0], [3106.5, 6447.0], [3106.55, 1392.0], [3106.6, 4420.0], [3106.65, 7850.0], [3106.7, 3231.0], [3106.75, 20009.0], [3106.8, 3980.0], [3106.9, 1029.0], [3106.95, 9290.0], [3107.0, 3000.0], [3107.05, 17785.0], [3107.1, 1861.0], [3107.15, 3234.0], [3107.2, 3000.0]]}}}
{"jsonrpc": "2.0", "method": "subscription", "params": {"channel": "book.ETH-PERPETUAL.none.20.100ms", "data": {"timestamp": 1765257682126, "change_id": 100659419556, "instrument_name": "ETH-PERPETUAL", "bids": [[3105.5, 13374.0], [3105.3, 3384.0], [3105.25, 3037.0], [3105.2, 8300.0], [3105.15, 11454.0], [3105.1, 8300.0], [3105.05, 11300.0], [3105.0, 20831.0], [3104.85, 5977.0], [3104.8, 3226.0], [3104.75, 6288.0], [3104.7, 2340.0], [3104.65, 4345.0], [3104.6, 3232.0], [3104.55, 2891.0], [3104.5, 1299.0], [3104.45, 3000.0], [3104.4, 2999.0], [3104.35, 1005.0], [3104.3, 3291.0]], "asks": [[3105.55, 6509.0], [3105.75, 6280.0], [3105.8, 25000.0], [3106.2, 3000.0], [3106.35, 3001.0], [3106.4, 3000.0], [3106.5, 6447.0], [3106.55, 1392.0], [3106.6, 4420.0], [3106.65, 7850.0], [3106.7, 3231.0], [3106.75, 20009.0], [3106.8, 3980.0], [3106.9, 1029.0], [3106.95, 9290.0], [3107.0, 3000.0], [3107.05, 17785.0], [3107.1, 1861.0], [3107.15, 3234.0], [3107.2, 3000.0]]}}}
{"jsonrpc": "2.0", "method": "subscription", "params": {"channel": "book.ETH-PERPETUAL.none.20.100ms", "data": {"timestamp": 1765257682490, "change_id": 100659420559, "instrument_name": "ETH-PERPETUAL", "bids": [[3105.5, 16829.0], [3105.45, 6280.0], [3105.3, 3384.0], [3105.25, 3037.0], [3105.2, 8300.0], [3105.15, 18933.0], [3105.1, 9599.0], [3105.05, 11300.0], [3105.0, 38685.0], [3104.85, 4264.0], [3104.8, 3226.0], [3104.75, 8.0], [3104.7, 2340.0], [3104.65, 3000.0], [3104.6, 3232.0], [3104.55, 1608.0], [3104.45, 3000.0], [3104.35, 1005.0], [3104.3, 3291.0], [3104.25, 76.0]], "asks": [[3105.55, 121.0], [3106.5, 28221.0], [3106.6, 1875.0], [3106.65, 8432.0], [3106.7, 3231.0], [3106.8, 4272.0], [3106.95, 4385.0], [3107.0, 3000.0], [3107.05, 3016.0], [3107.1, 1861.0], [3107.15, 3234.0], [3107.2, 3000.0], [3107.25, 2210.0], [3107.3, 12650.0], [3107.35, 24685.0], [3107.4, 3120.0], [3107.55, 3263.0], [3107.7, 17785.0], [3107.75, 3000.0], [3107.85, 3281.0]]}}}
{"jsonrpc": "2.0", "method": "subscription", "params": {"channel": "book.ETH-PERPETUAL.none.20.100ms", "data": {"timestamp": 1765257682800, "change_id": 100659421445, "instrument_name": "ETH-PERPETUAL", "bids": [[3106.2, 2584.0], [3106.15, 3249.0], [3106.05, 8300.0], [3105.95, 3040.0], [3105.75, 3000.0], [3105.6, 8792.0], [3105.55, 8300.0], [3105.5, 12148.0], [3105.45, 6280.0], [3105.4, 2478.0], [3105.35, 11534.0], [3105.3, 1802.0], [3105.25, 7644.0], [3105.15, 15934.0], [3105.1, 4533.0], [3105.05, 3000.0], [3105.0, 40030.0], [3104.85, 4264.0], [3104.8, 3226.0], [3104.75, 8.0]], "asks": [[3106.25, 3653.0], [3106.5, 25000.0], [3106.6, 1875.0], [3106.65, 6280.0], [3106.8, 4272.0], [3106.95, 4385.0], [3107.0, 3000.0], [3107.05, 15.0], [3107.1, 3735.0], [3107.15, 3234.0], [3107.2, 6227.0], [3107.25, 14382.0], [3107.3, 32659.0], [3107.35, 4676.0], [3107.4, 4577.0], [3107.45, 1617.0], [3107.55, 3263.0], [3107.65, 5309.0], [3107.7, 19660.0], [3107.75, 3000.0]]}}}
{"jsonrpc": "2.0", "method": "subscription", "params": {"channel": "book.ETH-PERPETUAL.none.20.100ms", "data": {"timestamp": 1765257683145, "change_id": 100659421766, "instrument_name": "ETH-PERPETUAL", "bids": [[3106.2, 2624.0], [3106.15, 3249.0], [3106.05, 8300.0], [3105.95, 3000.0], [3105.75, 3000.0], [3105.6, 8792.0], [3105.55, 8300.0], [3105.5, 11924.0], [3105.45, 6280.0], [3105.4, 7020.0], [3105.35, 11534.0], [3105.3, 1802.0], [3105.25, 4645.0], [3105.15, 15934.0], [3105.1, 4533.0], [3105.05, 3000.0], [3105.0, 40030.0], [3104.85, 4264.0], [3104.8, 3226.0], [3104.75, 8.0]], "asks": [[3106.25, 4147.0], [3106.5, 25000.0], [3106.6, 3075.0], [3106.65, 6280.0], [3106.8, 4272.0], [3106.95, 4385.0], [3107.0, 3000.0], [3107.05, 15.0], [3107.1, 3735.0], [3107.15, 3234.0], [3107.2, 6227.0], [3107.25, 11331.0], [3107.3, 15651.0], [3107.35, 24705.0], [3107.4, 3120.0], [3107.5, 2297.0], [3107.55, 4243.0], [3107.65, 5309.0], [3107.7, 19660.0], [3107.75, 3000.0]]}}}
{"jsonrpc": "2.0", "method": "subscription", "params": {"channel": "book.ETH-PERPETUAL.none.20.100ms", "data": {"timestamp": 1765257683483, "change_id": 100659422182, "instrument_name": "ETH-PERPETUAL", "bids": [[3106.2, 2624.0], [3105.95, 3000.0], [3105.75, 3000.0], [3105.6, 8792.0], [3105.55, 8300.0], [3105.5, 11416.0], [3105.45, 6280.0], [3105.4, 4021.0], [3105.35, 14533.0], [3105.3, 1802.0], [3105.25, 4645.0], [3105.15, 15934.0], [3105.1, 4533.0], [3105.05, 3000.0], [3105.0, 40030.0], [3104.85, 4264.0], [3104.8, 3226.0], [3104.75, 8.0], [3104.7, 2340.0], [3104.65, 3000.0]], "asks": [[3106.25, 5643.0], [3106.5, 25000.0], [3106.6, 1875.0], [3106.65, 6280.0], [3106.7, 1769.0], [3106.75, 2926.0], [3106.8, 4272.0], [3106.95, 4385.0], [3107.0, 3000.0], [3107.05, 15.0], [3107.1, 3735.0], [3107.15, 3234.0], [3107.2, 6227.0], [3107.25, 12077.0], [3107.3, 35660.0], [3107.35, 3256.0], [3107.4, 3120.0], [3107.5, 2297.0], [3107.55, 4243.0], [3107.65, 5309.0]]}}}
{"jsonrpc": "2.0", "method": "subscription", "params": {"channel": "book.ETH-PERPETUAL.none.20.100ms", "data": {"timestamp": 1765257683806, "change_id": 100659422743, "instrument_name": "ETH-PERPETUAL", "bids": [[3106.2, 7624.0], [3105.95, 3000.0], [3105.75, 3000.0], [3105.6, 8792.0], [3105.55, 8300.0], [3105.5, 11416.0], [3105.45, 6280.0], [3105.4, 4021.0], [3105.35, 14533.0], [3105.3, 1802.0], [3105.25, 4645.0], [3105.15, 15934.0], [3105.1, 4533.0], [3105.05, 3000.0], [3105.0, 40030.0], [3104.85, 4264.0], [3104.8, 3226.0], [3104.75, 8.0], [3104.7, 2340.0], [3104.65, 3000.0]], "asks": [[3106.25, 5236.0], [3106.5, 25000.0], [3106.6, 1875.0], [3106.65, 6280.0], [3106.7, 1769.0], [3106.75, 2926.0], [3106.8, 4272.0], [3106.95, 4385.0], [3107.0, 3000.0], [3107.05, 15.0], [3107.1, 3735.0], [3107.15, 3234.0], [3107.2, 6227.0], [3107.25, 10000.0], [3107.3, 21429.0], [3107.35, 3256.0], [3107.4, 3120.0], [3107.5, 2297.0], [3107.55, 4243.0], [3107.65, 5309.0]]}}}
{"jsonrpc": "2.0", "method": "subscription", "params": {"channel": "book.ETH-PERPETUAL.none.20.100ms", "data": {"timestamp": 1765257684141, "change_id": 100659423123, "instrument_name": "ETH-PERPETUAL", "bids": [[3106.2, 7624.0], [3105.95, 3000.0], [3105.75, 4875.0], [3105.7, 6280.0], [3105.6, 8884.0], [3105.55, 8300.0], [3105.5, 11416.0], [3105.4, 4021.0], [3105.35, 11534.0], [3105.3, 1802.0], [3105.25, 4645.0], [3105.15, 15934.0], [3105.1, 4533.0], [3105.05, 3000.0], [3105.0, 40030.0], [3104.85, 4264.0], [3104.8, 3226.0], [3104.75, 8.0], [3104.7, 2340.0], [3104.65, 3000.0]], "asks": [[3106.25, 234.0], [3106.5, 25000.0], [3106.65, 8480.0], [3106.75, 2926.0], [3106.8, 1272.0], [3106.95, 4385.0], [3107.0, 3000.0], [3107.05, 15.0], [3107.1, 3735.0], [3107.15, 3234.0], [3107.2, 6227.0], [3107.25, 2327.0], [3107.35, 3256.0], [3107.4, 3120.0], [3107.45, 7547.0], [3107.5, 21039.0], [3107.55, 4243.0], [3107.6, 3001.0], [3107.7, 6944.0], [3107.75, 3000.0]]}}}
{"jsonrpc": "2.0", "method": "subscription", "params": {"channel": "book.ETH-PERPETUAL.none.20.100ms", "data": {"timestamp": 1765257684471, "change_id": 100659423618, "instrument_name": "ETH-PERPETUAL", "bids": [[3106.45, 10884.0], [3106.4, 5000.0], [3106.2, 40.0], [3105.95, 3000.0], [3105.75, 4875.0], [3105.7, 6280.0], [3105.6, 9119.0], [3105.55, 11299.0], [3105.5, 13024.0], [3105.4, 4021.0], [3105.35, 11534.0], [3105.3, 1802.0], [3105.25, 4645.0], [3105.15, 11454.0], [3105.1, 4533.0], [3105.05, 3000.0], [3105.0, 22176.0], [3104.85, 4264.0], [3104.8, 3226.0], [3104.75, 8.0]], "asks": [[3106.5, 26200.0], [3106.65, 1000.0], [3106.7, 6280.0], [3106.8, 1272.0], [3106.95, 4385.0], [3107.0, 3000.0], [3107.1, 3735.0], [3107.15, 3234.0], [3107.2, 6227.0], [3107.25, 2327.0], [3107.35, 3256.0], [3107.4, 3120.0], [3107.45, 15.0], [3107.5, 2297.0], [3107.55, 10216.0], [3107.65, 3001.0], [3107.7, 21884.0], [3107.75, 3000.0], [3107.85, 3281.0], [3107.9, 9319.0]]}}}
{"jsonrpc": "2.0", "method": "subscription", "params": {"channel": "book.ETH-PERPETUAL.none.20.100ms", "data": {"timestamp": 1765257684795, "change_id": 100659424386, "instrument_name": "ETH-PERPETUAL", "bids": [[3106.45, 10924.0], [3106.4, 5000.0], [3106.0, 8300.0], [3105.95, 3000.0], [3105.75, 4875.0], [3105.7, 6280.0], [3105.6, 6233.0], [3105.55, 8300.0], [3105.5, 4724.0], [3105.35, 3234.0], [3105.25, 3037.0], [3105.15, 11454.0], [3105.1, 4533.0], [3105.05, 3000.0], [3105.0, 22176.0], [3104.85, 4264.0], [3104.8, 3226.0], [3104.75, 8.0], [3104.7, 2340.0], [3104.65, 3000.0]], "asks": [[3106.5, 761.0], [3106.7, 6280.0], [3106.75, 25000.0], [3106.85, 2200.0], [3106.95, 1152.0], [3107.0, 3000.0], [3107.1, 3735.0], [3107.15, 3234.0], [3107.2, 6227.0], [3107.25, 2327.0], [3107.35, 3256.0], [3107.4, 3120.0], [3107.45, 1589.0], [3107.5, 1030.0], [3107.55, 11636.0], [3107.65, 3001.0], [3107.7, 21884.0], [3107.75, 3000.0], [3107.85, 3281.0], [3107.9, 9319.0]]}}}
{"jsonrpc": "2.0", "method": "subscription", "params": {"channel": "book.ETH-PERPETUAL.none.20.100ms", "data": {"timestamp": 1765257685134, "change_id": 100659424765, "instrument_name": "ETH-PERPETUAL", "bids": [[3106.45, 10924.0], [3106.4, 5000.0], [3106.0, 8300.0], [3105.95, 9280.0], [3105.75, 3000.0], [3105.65, 2999.0], [3105.6, 3234.0], [3105.55, 8300.0], [3105.5, 4724.0], [3105.35, 3234.0], [3105.25, 3037.0], [3105.15, 11454.0], [3105.1, 4533.0], [3105.05, 3000.0], [3105.0, 22176.0], [3104.85, 4264.0], [3104.8, 3226.0], [3104.75, 8.0], [3104.7, 2340.0], [3104.65, 3000.0]], "asks": [[3106.5, 1378.0], [3106.75, 25000.0], [3106.8, 6280.0], [3106.85, 2200.0], [3107.1, 3735.0], [3107.15, 3234.0], [3107.2, 6227.0], [3107.25, 2327.0], [3107.35, 3256.0], [3107.4, 4406.0], [3107.45, 15.0], [3107.55, 3263.0], [3107.65, 5973.0], [3107.7, 21884.0], [3107.75, 3000.0], [3107.8, 3001.0], [3107.85, 3281.0], [3107.9, 9319.0], [3107.95, 30087.0], [3108.0, 3102.0]]}}}
{"jsonrpc": "2.0", "method": "subscription", "params": {"channel": "book.ETH-PERPETUAL.none.20.100ms", "data": {"timestamp": 1765257685466, "change_id": 100659425243, "instrument_name": "ETH-PERPETUAL", "bids": [[3106.45, 3673.0], [3106.4, 5000.0], [3106.15, 3000.0], [3106.05, 5248.0], [3106.0, 8300.0], [3105.95, 9280.0], [3105.8, 1284.0], [3105.75, 4300.0], [3105.7, 1861.0], [3105.65, 2999.0], [3105.6, 7122.0], [3105.55, 9645.0], [3105.5, 4724.0], [3105.35, 3234.0], [3105.25, 3037.0], [3105.15, 8467.0], [3105.1, 3234.0], [3105.05, 3000.0], [3105.0, 20831.0], [3104.85, 4264.0]], "asks": [[3106.5, 5447.0], [3106.75, 25000.0], [3106.8, 6280.0], [3106.85, 2200.0], [3107.1, 3735.0], [3107.15, 3234.0], [3107.2, 6227.0], [3107.25, 2327.0], [3107.35, 3256.0], [3107.4, 4406.0], [3107.45, 15.0], [3107.55, 4583.0], [3107.6, 3001.0], [3107.7, 9924.0], [3107.75, 3000.0], [3107.8, 20009.0], [3107.85, 3281.0], [3107.9, 9319.0], [3107.95, 12302.0], [3108.0, 3102.0]]}}}
{"jsonrpc": "2.0", "method": "subscription", "params": {"channel": "book.ETH-PERPETUAL.none.20.100ms", "data": {"timestamp": 1765257685794, "change_id": 100659425900, "instrument_name": "ETH-PERPETUAL", "bids": [[3106.45, 11973.0], [3106.4, 5000.0], [3106.2, 3373.0], [3106.15, 3000.0], [3106.1, 8300.0], [3106.05, 5248.0], [3106.0, 8300.0], [3105.95, 9280.0], [3105.8, 1284.0], [3105.75, 4300.0], [3105.7, 1861.0], [3105.65, 2999.0], [3105.6, 5046.0], [3105.55, 1345.0], [3105.5, 4724.0], [3105.35, 3234.0], [3105.25, 3037.0], [3105.15, 8467.0], [3105.1, 3234.0], [3105.05, 3000.0]], "asks": [[3106.5, 2653.0], [3106.75, 25000.0], [3106.8, 6280.0], [3106.85, 2200.0], [3107.1, 3735.0], [3107.15, 3234.0], [3107.2, 6227.0], [3107.25, 2327.0], [3107.35, 3256.0], [3107.4, 4406.0], [3107.45, 15.0], [3107.55, 3263.0], [3107.6, 1320.0], [3107.65, 3001.0], [3107.7, 9924.0], [3107.75, 3000.0], [3107.8, 20009.0], [3107.85, 4311.0], [3107.9, 5578.0], [3107.95, 12302.0]]}}}
{"jsonrpc": "2.0", "method": "subscription", "params": {"channel": "book.ETH-PERPETUAL.none.20.100ms", "data": {"timestamp": 1765257686098, "change_id": 100659426062, "instrument_name": "ETH-PERPETUAL", "bids": [[3106.45, 11973.0], [3106.4, 5000.0], [3106.2, 3373.0], [3106.15, 3000.0], [3106.1, 8300.0], [3106.05, 5248.0], [3106.0, 8300.0], [3105.95, 9280.0], [3105.8, 1284.0], [3105.75, 4300.0], [3105.7, 1861.0], [3105.65, 2999.0], [3105.6, 5046.0], [3105.55, 1345.0], [3105.5, 4724.0], [3105.35, 3234.0], [3105.25, 3037.0], [3105.15, 8467.0], [3105.1, 3234.0], [3105.05, 3000.0]], "asks": [[3106.5, 2653.0], [3106.75, 25000.0], [3106.8, 6280.0], [3106.85, 2200.0], [3107.1, 3735.0], [3107.15, 3234.0], [3107.2, 6227.0], [3107.25, 2327.0], [3107.35, 3256.0], [3107.4, 4406.0], [3107.45, 15.0], [3107.55, 3263.0], [3107.65, 3001.0], [3107.7, 9924.0], [3107.75, 3000.0], [3107.8, 20009.0], [3107.85, 4311.0], [3107.9, 980.0], [3108.0, 12607.0], [3108.05, 17785.0]]}}}
{"jsonrpc": "2.0", "method": "subscription", "params": {"channel": "book.ETH-PERPETUAL.none.20.100ms", "data": {"timestamp": 1765257686429, "change_id": 100659426382, "instrument_name": "ETH-PERPETUAL", "bids": [[3106.45, 11973.0], [3106.4, 5000.0], [3106.2, 3373.0], [3106.15, 3000.0], [3106.1, 8300.0], [3106.05, 5248.0], [3106.0, 8300.0], [3105.95, 9280.0], [3105.8, 1284.0], [3105.75, 4300.0], [3105.65, 2999.0], [3105.6, 5046.0], [3105.55, 1345.0], [3105.5, 4724.0], [3105.35, 3234.0], [3105.25, 3037.0], [3105.15, 8467.0], [3105.1, 3234.0], [3105.05, 3000.0], [3105.0, 20831.0]], "asks": [[3106.5, 2653.0], [3106.75, 25000.0], [3106.8, 6280.0], [3106.85, 2200.0], [3107.1, 3735.0], [3107.15, 3234.0], [3107.2, 6227.0], [3107.25, 2327.0], [3107.35, 3256.0], [3107.4, 4406.0], [3107.45, 15.0], [3107.55, 3263.0], [3107.65, 3001.0], [3107.7, 9924.0], [3107.75, 3000.0], [3107.8, 20009.0], [3107.85, 4311.0], [3107.9, 980.0], [3108.0, 12607.0], [3108.05, 17785.0]]}}}
{"jsonrpc": "2.0", "method": "subscription", "params": {"channel": "book.ETH-PERPETUAL.none.20.100ms", "data": {"timestamp": 1765257686746, "change_id": 100659426895, "instrument_name": "ETH-PERPETUAL", "bids": [[3106.45, 2584.0], [3106.4, 5000.0], [3106.2, 3373.0], [3106.15, 3000.0], [3106.1, 8300.0], [3106.05, 4816.0], [3106.0, 8300.0], [3105.95, 3000.0], [3105.9, 6280.0], [3105.8, 1284.0], [3105.75, 4300.0], [3105.6, 8045.0], [3105.55, 1345.0], [3105.5, 4724.0], [3105.35, 3234.0], [3105.25, 3037.0], [3105.15, 8467.0], [3105.1, 3234.0], [3105.05, 3000.0], [3105.0, 20831.0]], "asks": [[3106.5, 5213.0], [3106.65, 1000.0], [3106.75, 25000.0], [3106.8, 6280.0], [3106.85, 1200.0], [3107.1, 3735.0], [3107.15, 3234.0], [3107.2, 6227.0], [3107.25, 2327.0], [3107.35, 3256.0], [3107.4, 4406.0], [3107.45, 15.0], [3107.55, 3263.0], [3107.65, 3001.0], [3107.7, 9924.0], [3107.75, 3000.0], [3107.8, 20009.0], [3107.85, 4311.0], [3107.9, 980.0], [3108.0, 12607.0]]}}}
{"jsonrpc": "2.0", "method": "subscription", "params": {"channel": "book.ETH-PERPETUAL.none.20.100ms", "data": {"timestamp": 1765257687085, "change_id": 100659427210, "instrument_name": "ETH-PERPETUAL", "bids": [[3106.45, 2584.0], [3106.4, 5000.0], [3106.2, 3373.0], [3106.15, 3000.0], [3106.1, 8300.0], [3106.05, 4816.0], [3106.0, 8300.0], [3105.95, 3000.0], [3105.9, 6280.0], [3105.8, 1284.0], [3105.75, 4300.0], [3105.6, 8045.0], [3105.55, 1345.0], [3105.5, 4724.0], [3105.35, 3234.0], [3105.25, 3037.0], [3105.15, 8467.0], [3105.1, 3234.0], [3105.05, 3000.0], [3105.0, 20831.0]], "asks": [[3106.5, 5213.0], [3106.75, 26000.0], [3106.8, 6280.0], [3106.85, 1200.0], [3107.1, 3735.0], [3107.15, 3234.0], [3107.2, 6227.0], [3107.25, 2327.0], [3107.35, 3256.0], [3107.4, 4406.0], [3107.45, 15.0], [3107.55, 3263.0], [3107.65, 3001.0], [3107.7, 9924.0], [3107.75, 3000.0], [3107.8, 20009.0], [3107.85, 4311.0], [3107.9, 980.0], [3108.0, 12607.0], [3108.05, 17785.0]]}}}
{"jsonrpc": "2.0", "method": "subscription", "params": {"channel": "book.ETH-PERPETUAL.none.20.100ms", "data": {"timestamp": 1765257687437, "change_id": 100659427490, "instrument_name": "ETH-PERPETUAL", "bids": [[3106.45, 2624.0], [3106.4, 5000.0], [3106.2, 3373.0], [3106.15, 3000.0], [3106.1, 8300.0], [3106.05, 4816.0], [3106.0, 8300.0], [3105.95, 3000.0], [3105.9, 6280.0], [3105.8, 1284.0], [3105.75, 4300.0], [3105.7, 1861.0], [3105.65, 2999.0], [3105.6, 5046.0], [3105.55, 1345.0], [3105.5, 5724.0], [3105.35, 3234.0], [3105.25, 3037.0], [3105.15, 8467.0], [3105.1, 3234.0]], "asks": [[3106.5, 5213.0], [3106.75, 26000.0], [3106.8, 6280.0], [3106.85, 1200.0], [3107.1, 3735.0], [3107.15, 3234.0], [3107.2, 6227.0], [3107.25, 2327.0], [3107.35, 3256.0], [3107.4, 4406.0], [3107.45, 15.0], [3107.55, 3263.0], [3107.6, 1320.0], [3107.65, 3001.0], [3107.7, 9924.0], [3107.75, 3000.0], [3107.8, 20009.0], [3107.85, 4311.0], [3107.9, 980.0], [3108.0, 12607.0]]}}}
{"jsonrpc": "2.0", "method": "subscription", "params": {"channel": "book.ETH-PERPETUAL.none.20.100ms", "data": {"timestamp": 1765257687759, "change_id": 100659428108, "instrument_name": "ETH-PERPETUAL", "bids": [[3106.45, 2584.0], [3106.4, 5000.0], [3106.2, 3373.0], [3106.15, 3000.0], [3106.1, 8300.0], [3106.05, 4816.0], [3106.0, 8300.0], [3105.95, 3000.0], [3105.9, 6280.0], [3105.8, 1284.0], [3105.75, 4300.0], [3105.7, 1861.0], [3105.65, 2999.0], [3105.6, 5046.0], [3105.55, 1345.0], [3105.5, 5724.0], [3105.35, 3234.0], [3105.25, 3037.0], [3105.15, 8467.0], [3105.1, 3234.0]], "asks": [[3106.5, 5213.0], [3106.75, 26000.0], [3106.8, 6280.0], [3106.85, 1200.0], [3107.1, 3735.0], [3107.15, 3234.0], [3107.2, 6227.0], [3107.25, 2327.0], [3107.35, 3256.0], [3107.4, 4406.0], [3107.45, 15.0], [3107.55, 3263.0], [3107.6, 1320.0], [3107.65, 3001.0], [3107.7, 10784.0], [3107.75, 3000.0], [3107.8, 20009.0], [3107.85, 4311.0], [3107.9, 980.0], [3108.0, 12607.0]]}}}
{"jsonrpc": "2.0", "method": "subscription", "params": {"channel": "book.ETH-PERPETUAL.none.20.100ms", "data": {"timestamp": 1765257687875, "change_id": 100659428130, "instrument_name": "ETH-PERPETUAL", "bids": [[3106.45, 2584.0], [3106.4, 5000.0], [3106.2, 3373.0], [3106.15, 3000.0], [3106.1, 8300.0], [3106.05, 4816.0], [3106.0, 8300.0], [3105.95, 3000.0], [3105.9, 6280.0], [3105.8, 1284.0], [3105.75, 4300.0], [3105.7, 1861.0], [3105.65, 2999.0], [3105.6, 5046.0], [3105.55, 1345.0], [3105.5, 5724.0], [3105.35, 3234.0], [3105.25, 3037.0], [3105.15, 8467.0], [3105.1, 3234.0]], "asks": [[3106.5, 5213.0], [3106.75, 26000.0], [3106.8, 6280.0], [3106.85, 1200.0], [3107.1, 3735.0], [3107.15, 3234.0], [3107.2, 6227.0], [3107.25, 2327.0], [3107.35, 3256.0], [3107.4, 4406.0], [3107.45, 15.0], [3107.55, 3263.0], [3107.6, 1320.0], [3107.65, 3001.0], [3107.7, 10784.0], [3107.75, 3000.0], [3107.8, 20009.0], [3107.85, 4311.0], [3107.9, 980.0], [3108.0, 12607.0]]}}}
{"jsonrpc": "2.0", "method": "subscription", "params": {"channel": "book.ETH-PERPETUAL.none.20.100ms", "data": {"timestamp": 1765257688214, "change_id": 100659428246, "instrument_name": "ETH-PERPETUAL", "bids": [[3106.45, 2584.0], [3106.4, 5000.0], [3106.2, 3373.0], [3106.15, 3000.0], [3106.1, 8300.0], [3106.05, 4816.0], [3106.0, 8300.0], [3105.95, 3000.0], [3105.9, 6280.0], [3105.8, 1284.0], [3105.75, 4300.0], [3105.7, 1861.0], [3105.65, 2999.0], [3105.6, 5046.0], [3105.55, 1345.0], [3105.5, 5724.0], [3105.35, 3234.0], [3105.25, 3037.0], [3105.15, 8467.0], [3105.1, 3234.0]], "asks": [[3106.5, 5213.0], [3106.75, 26000.0], [3106.8, 6280.0], [3106.85, 1200.0], [3107.1, 3735.0], [3107.15, 3234.0], [3107.2, 6227.0], [3107.25, 2327.0], [3107.35, 3256.0], [3107.4, 4406.0], [3107.45, 15.0], [3107.55, 3263.0], [3107.6, 1320.0], [3107.65, 3001.0], [3107.7, 10784.0], [3107.75, 3000.0], [3107.8, 20009.0], [3107.85, 4311.0], [3107.9, 980.0], [3108.0, 12607.0]]}}}
{"jsonrpc": "2.0", "method": "subscription", "params": {"channel": "book.ETH-PERPETUAL.none.20.100ms", "data": {"timestamp": 1765257688744, "change_id": 100659428997, "instrument_name": "ETH-PERPETUAL", "bids": [[3106.45, 10884.0], [3106.4, 5000.0], [3106.2, 3373.0], [3106.15, 3000.0], [3106.1, 8300.0], [3106.05, 4816.0], [3106.0, 8300.0], [3105.95, 3000.0], [3105.9, 6280.0], [3105.8, 1284.0], [3105.75, 4300.0], [3105.7, 1861.0], [3105.65, 2999.0], [3105.6, 5046.0], [3105.55, 1345.0], [3105.5, 5724.0], [3105.35, 3234.0], [3105.25, 3037.0], [3105.15, 8467.0], [3105.1, 3234.0]], "asks": [[3106.5, 5213.0], [3106.75, 26000.0], [3106.8, 6280.0], [3106.85, 1200.0], [3107.1, 3735.0], [3107.15, 3234.0], [3107.2, 6227.0], [3107.25, 2327.0], [3107.35, 3256.0], [3107.4, 4406.0], [3107.45, 15.0], [3107.55, 3263.0], [3107.65, 3001.0], [3107.7, 10784.0], [3107.75, 3000.0], [3107.8, 20009.0], [3107.85, 5529.0], [3107.9, 980.0], [3108.0, 12607.0], [3108.05, 17785.0]]}}}
{"jsonrpc": "2.0", "method": "subscription", "params": {"channel": "book.ETH-PERPETUAL.none.20.100ms", "data": {"timestamp": 1765257689084, "change_id": 100659429229, "instrument_name": "ETH-PERPETUAL", "bids": [[3106.45, 10884.0], [3106.4, 5000.0], [3106.2, 3373.0], [3106.15, 3000.0], [3106.1, 8300.0], [3106.05, 4816.0], [3106.0, 8300.0], [3105.95, 3000.0], [3105.9, 6280.0], [3105.8, 1284.0], [3105.75, 4300.0], [3105.65, 2999.0], [3105.6, 5046.0], [3105.55, 1345.0], [3105.5, 5724.0], [3105.35, 3234.0], [3105.25, 3037.0], [3105.15, 8467.0], [3105.1, 3234.0], [3105.05, 3000.0]], "asks": [[3106.5, 3853.0], [3106.75, 26000.0], [3107.1, 3735.0], [3107.15, 3234.0], [3107.2, 6227.0], [3107.25, 2327.0], [3107.35, 3256.0], [3107.4, 4406.0], [3107.45, 15.0], [3107.55, 3263.0], [3107.65, 3001.0], [3107.7, 10784.0], [3107.75, 3000.0], [3107.8, 20009.0], [3107.85, 5529.0], [3107.9, 980.0], [3108.0, 12607.0], [3108.05, 17785.0], [3108.1, 3281.0], [3108.15, 24270.0]]}}}
{"jsonrpc": "2.0", "method": "subscription", "params": {"channel": "book.ETH-PERPETUAL.none.20.100ms", "data": {"timestamp": 1765257689414, "change_id": 100659429503, "instrument_name": "ETH-PERPETUAL", "bids": [[3106.45, 15884.0], [3106.2, 3373.0], [3106.15, 3000.0], [3106.1, 8300.0], [3106.05, 4816.0], [3106.0, 8300.0], [3105.95, 3000.0], [3105.9, 6280.0], [3105.8, 1284.0], [3105.75, 4300.0], [3105.65, 2999.0], [3105.6, 5046.0], [3105.55, 1345.0], [3105.5, 5724.0], [3105.35, 3234.0], [3105.25, 3037.0], [3105.15, 8467.0], [3105.1, 3234.0], [3105.05, 3000.0], [3105.0, 20831.0]], "asks": [[3106.5, 2653.0], [3106.75, 26000.0], [3106.85, 6280.0], [3106.9, 1200.0], [3107.1, 3735.0], [3107.15, 3234.0], [3107.2, 6227.0], [3107.25, 2327.0], [3107.35, 3256.0], [3107.4, 4406.0], [3107.45, 15.0], [3107.55, 3263.0], [3107.65, 3001.0], [3107.7, 4155.0], [3107.75, 3000.0], [3107.8, 20009.0], [3107.85, 5529.0], [3107.9, 980.0], [3108.0, 12607.0], [3108.05, 17785.0]]}}}
{"jsonrpc": "2.0", "method": "subscription", "params": {"channel": "book.ETH-PERPETUAL.none.20.100ms", "data": {"timestamp": 1765257689752, "change_id": 100659430020, "instrument_name": "ETH-PERPETUAL", "bids": [[3106.45, 15884.0], [3106.2, 3373.0], [3106.15, 3000.0], [3106.1, 8300.0], [3106.05, 4816.0], [3106.0, 8300.0], [3105.95, 3000.0], [3105.9, 6280.0], [3105.8, 1284.0], [3105.75, 4300.0], [3105.65, 2999.0], [3105.6, 5046.0], [3105.55, 1345.0], [3105.5, 5724.0], [3105.35, 3234.0], [3105.25, 3037.0], [3105.15, 8467.0], [3105.1, 3234.0], [3105.05, 3000.0], [3105.0, 20831.0]], "asks": [[3106.5, 2653.0], [3106.75, 26000.0], [3106.85, 6280.0], [3106.9, 1200.0], [3107.1, 3735.0], [3107.15, 3234.0], [3107.2, 6227.0], [3107.25, 2327.0], [3107.35, 3256.0], [3107.4, 4406.0], [3107.45, 15.0], [3107.55, 3263.0], [3107.65, 3001.0], [3107.7, 10195.0], [3107.75, 3000.0], [3107.8, 20009.0], [3107.85, 5529.0], [3107.9, 980.0], [3108.0, 12607.0], [3108.05, 17785.0]]}}}
{"jsonrpc": "2.0", "method": "subscription", "params": {"channel": "book.ETH-PERPETUAL.none.20.100ms", "data": {"timestamp": 1765257690011, "change_id": 100659430183, "instrument_name": "ETH-PERPETUAL", "bids": [[3106.45, 15884.0], [3106.2, 3373.0], [3106.15, 3000.0], [3106.1, 8300.0], [3106.05, 4816.0], [3106.0, 8300.0], [3105.95, 3000.0], [3105.9, 6280.0], [3105.8, 1284.0], [3105.75, 4300.0], [3105.6, 8045.0], [3105.55, 1345.0], [3105.5, 5724.0], [3105.35, 3234.0], [3105.25, 3037.0], [3105.15, 8467.0], [3105.1, 3234.0], [3105.05, 3000.0], [3105.0, 20831.0], [3104.85, 4264.0]], "asks": [[3106.5, 2653.0], [3106.75, 26000.0], [3106.85, 6280.0], [3106.9, 1200.0], [3107.1, 3735.0], [3107.15, 3234.0], [3107.2, 6227.0], [3107.25, 2327.0], [3107.35, 3256.0], [3107.4, 4406.0], [3107.45, 15.0], [3107.55, 3263.0], [3107.65, 3001.0], [3107.7, 10195.0], [3107.75, 3000.0], [3107.8, 20009.0], [3107.85, 5529.0], [3107.9, 980.0], [3108.0, 12607.0], [3108.05, 17785.0]]}}}
{"jsonrpc": "2.0", "method": "subscription", "params": {"channel": "book.ETH-PERPETUAL.none.20.100ms", "data": {"timestamp": 1765257690312, "change_id": 100659430420, "instrument_name": "ETH-PERPETUAL", "bids": [[3106.45, 15884.0], [3106.2, 3373.0], [3106.15, 3000.0], [3106.1, 8300.0], [3106.05, 4816.0], [3106.0, 8300.0], [3105.95, 3000.0], [3105.9, 6280.0], [3105.8, 1284.0], [3105.75, 4300.0], [3105.6, 8045.0], [3105.55, 1345.0], [3105.5, 5724.0], [3105.35, 3234.0], [3105.25, 3037.0], [3105.15, 8467.0], [3105.1, 3234.0], [3105.05, 3000.0], [3105.0, 20831.0], [3104.85, 4264.0]], "asks": [[3106.5, 2653.0], [3106.75, 26000.0], [3106.85, 6280.0], [3106.9, 1200.0], [3107.1, 3735.0], [3107.15, 3234.0], [3107.2, 6227.0], [3107.25, 2327.0], [3107.35, 3256.0], [3107.4, 4406.0], [3107.45, 15.0], [3107.55, 3263.0], [3107.65, 3001.0], [3107.7, 10195.0], [3107.75, 3000.0], [3107.8, 20009.0], [3107.85, 5529.0], [3107.9, 980.0], [3108.0, 12607.0], [3108.05, 17785.0]]}}}
{"jsonrpc": "2.0", "method": "subscription", "params": {"channel": "book.ETH-PERPETUAL.none.20.100ms", "data": {"timestamp": 1765257690753, "change_id": 100659431038, "instrument_name": "ETH-PERPETUAL", "bids": [[3106.45, 7584.0], [3106.2, 3373.0], [3106.15, 3000.0], [3106.1, 8300.0], [3106.05, 4816.0], [3106.0, 8300.0], [3105.95, 3000.0], [3105.9, 6280.0], [3105.8, 1284.0], [3105.75, 4300.0], [3105.6, 8045.0], [3105.55, 1345.0], [3105.5, 5724.0], [3105.35, 3234.0], [3105.25, 3037.0], [3105.15, 8467.0], [3105.1, 3234.0], [3105.05, 3000.0], [3105.0, 20831.0], [3104.85, 4264.0]], "asks": [[3106.5, 2653.0], [3106.75, 26000.0], [3106.85, 6280.0], [3106.9, 1200.0], [3107.1, 3735.0], [3107.15, 3234.0], [3107.2, 6227.0], [3107.25, 2327.0], [3107.35, 3256.0], [3107.4, 4406.0], [3107.45, 15.0], [3107.55, 3263.0], [3107.65, 3001.0], [3107.7, 10195.0], [3107.75, 3000.0], [3107.8, 20009.0], [3107.85, 5529.0], [3107.9, 980.0], [3108.0, 12607.0], [3108.05, 17785.0]]}}}
{"jsonrpc": "2.0", "method": "subscription", "params": {"channel": "book.ETH-PERPETUAL.none.20.100ms", "data": {"timestamp": 1765257691059, "change_id": 100659431312, "instrument_name": "ETH-PERPETUAL", "bids": [[3106.7, 7584.0], [3106.2, 3373.0], [3106.15, 3000.0], [3106.1, 8300.0], [3106.05, 4816.0], [3106.0, 8300.0], [3105.95, 3000.0], [3105.9, 6280.0], [3105.85, 3233.0], [3105.8, 1284.0], [3105.75, 5907.0], [3105.65, 2999.0], [3105.6, 5046.0], [3105.55, 1345.0], [3105.5, 4116.0], [3105.35, 3234.0], [3105.25, 3037.0], [3105.15, 8467.0], [3105.1, 3234.0], [3105.05, 3000.0]], "asks": [[3106.75, 27200.0], [3106.85, 6280.0], [3107.1, 1859.0], [3107.2, 6227.0], [3107.25, 2327.0], [3107.35, 3256.0], [3107.4, 4406.0], [3107.45, 15.0], [3107.55, 3263.0], [3107.65, 3001.0], [3107.7, 10195.0], [3107.75, 3000.0], [3107.8, 20009.0], [3107.85, 5529.0], [3107.9, 980.0], [3108.0, 12607.0], [3108.05, 17785.0], [3108.1, 3281.0], [3108.15, 11835.0], [3108.25, 3548.0]]}}}
{"jsonrpc": "2.0", "method": "subscription", "params": {"channel": "book.ETH-PERPETUAL.none.20.100ms", "data": {"timestamp": 1765257691414, "change_id": 100659432675, "instrument_name": "ETH-PERPETUAL", "bids": [[3106.9, 6872.0], [3106.85, 5136.0], [3106.8, 6280.0], [3106.75, 3000.0], [3106.55, 3000.0], [3106.35, 3000.0], [3106.3, 3233.0], [3106.25, 1346.0], [3106.2, 4980.0], [3106.15, 3000.0], [3106.1, 8300.0], [3106.05, 2999.0], [3106.0, 17859.0], [3105.95, 3000.0], [3105.85, 3233.0], [3105.75, 4300.0], [3105.6, 3234.0], [3105.5, 4116.0], [3105.35, 3234.0], [3105.25, 3037.0]], "asks": [[3106.95, 18047.0], [3107.1, 2560.0], [3107.15, 2560.0], [3107.2, 1429.0], [3107.35, 31.0], [3107.4, 7821.0], [3107.45, 25000.0], [3107.5, 1200.0], [3107.65, 2131.0], [3107.7, 9015.0], [3107.75, 3000.0], [3107.85, 4499.0], [3107.9, 15.0], [3108.0, 3102.0], [3108.05, 8472.0], [3108.1, 26291.0], [3108.15, 8922.0], [3108.2, 3000.0], [3108.25, 3548.0], [3108.3, 12535.0]]}}}
{"jsonrpc": "2.0", "method": "subscription", "params": {"channel": "book.ETH-PERPETUAL.none.20.100ms", "data": {"timestamp": 1765257691743, "change_id": 100659433700, "instrument_name": "ETH-PERPETUAL", "bids": [[3106.55, 3000.0], [3106.35, 3000.0], [3106.3, 1300.0], [3106.25, 1346.0], [3106.2, 4802.0], [3106.15, 3000.0], [3106.1, 8300.0], [3106.05, 9459.0], [3106.0, 17859.0], [3105.95, 3000.0], [3105.9, 2249.0], [3105.85, 3233.0], [3105.75, 3000.0], [3105.7, 1445.0], [3105.65, 1607.0], [3105.6, 5358.0], [3105.55, 2999.0], [3105.5, 4116.0], [3105.35, 3234.0], [3105.25, 3037.0]], "asks": [[3106.6, 5213.0], [3106.95, 224.0], [3107.0, 284.0], [3107.05, 208.0], [3107.15, 15200.0], [3107.2, 5926.0], [3107.25, 26200.0], [3107.4, 1861.0], [3107.45, 3233.0], [3107.55, 6226.0], [3107.6, 2118.0], [3107.65, 3233.0], [3107.7, 5736.0], [3107.75, 6226.0], [3107.85, 10028.0], [3107.9, 15.0], [3107.95, 20009.0], [3108.0, 9390.0], [3108.05, 1420.0], [3108.1, 3281.0]]}}}
{"jsonrpc": "2.0", "method": "subscription", "params": {"channel": "book.ETH-PERPETUAL.none.20.100ms", "data": {"timestamp": 1765257692068, "change_id": 100659434640, "instrument_name": "ETH-PERPETUAL", "bids": [[3106.3, 1300.0], [3106.2, 3373.0], [3106.15, 3000.0], [3106.1, 8300.0], [3105.95, 3000.0], [3105.9, 2249.0], [3105.85, 3233.0], [3105.75, 3000.0], [3105.7, 1445.0], [3105.65, 1607.0], [3105.6, 4463.0], [3105.5, 4116.0], [3105.35, 3234.0], [3105.3, 1802.0], [3105.25, 3037.0], [3105.15, 2999.0], [3105.1, 3234.0], [3105.05, 9218.0], [3105.0, 20831.0], [3104.85, 4599.0]], "asks": [[3106.35, 5213.0], [3106.6, 110.0], [3106.8, 1186.0], [3106.85, 1941.0], [3106.9, 6280.0], [3106.95, 224.0], [3107.0, 10525.0], [3107.05, 25208.0], [3107.15, 6074.0], [3107.2, 3366.0], [3107.25, 4433.0], [3107.35, 3226.0], [3107.4, 1861.0], [3107.45, 3233.0], [3107.55, 3015.0], [3107.6, 7346.0], [3107.65, 3233.0], [3107.7, 23774.0], [3107.75, 3000.0], [3107.85, 9653.0]]}}}
{"jsonrpc": "2.0", "method": "subscription", "params": {"channel": "book.ETH-PERPETUAL.none.20.100ms", "data": {"timestamp": 1765257692406, "change_id": 100659435401, "instrument_name": "ETH-PERPETUAL", "bids": [[3106.2, 20700.0], [3106.15, 3000.0], [3105.95, 3000.0], [3105.8, 4070.0], [3105.75, 9280.0], [3105.7, 1445.0], [3105.65, 1607.0], [3105.6, 4463.0], [3105.5, 4116.0], [3105.45, 1861.0], [3105.35, 3234.0], [3105.3, 4307.0], [3105.25, 3037.0], [3105.15, 1345.0], [3105.1, 3234.0], [3105.05, 9218.0], [3105.0, 20831.0], [3104.85, 4599.0], [3104.8, 3226.0], [3104.75, 8.0]], "asks": [[3106.25, 2653.0], [3106.35, 274.0], [3106.4, 43.0], [3106.65, 6280.0], [3107.0, 11725.0], [3107.05, 25000.0], [3107.1, 2866.0], [3107.2, 6225.0], [3107.25, 3233.0], [3107.35, 3001.0], [3107.4, 1861.0], [3107.45, 3233.0], [3107.55, 3015.0], [3107.6, 1529.0], [3107.65, 3233.0], [3107.7, 9498.0], [3107.75, 3000.0], [3107.8, 20009.0], [3107.85, 4499.0], [3107.95, 980.0]]}}}
{"jsonrpc": "2.0", "method": "subscription", "params": {"channel": "book.ETH-PERPETUAL.none.20.100ms", "data": {"timestamp": 1765257692714, "change_id": 100659436023, "instrument_name": "ETH-PERPETUAL", "bids": [[3106.2, 25700.0], [3106.15, 3000.0], [3106.05, 2770.0], [3106.0, 6280.0], [3105.95, 3000.0], [3105.85, 3597.0], [3105.8, 9600.0], [3105.75, 3000.0], [3105.7, 1445.0], [3105.65, 1607.0], [3105.6, 4463.0], [3105.5, 4116.0], [3105.45, 1861.0], [3105.35, 6233.0], [3105.3, 1308.0], [3105.25, 3037.0], [3105.15, 1345.0], [3105.1, 3234.0], [3105.05, 9218.0], [3105.0, 20831.0]], "asks": [[3106.25, 2653.0], [3106.35, 274.0], [3106.65, 6280.0], [3107.0, 11725.0], [3107.05, 25000.0], [3107.1, 2866.0], [3107.2, 6225.0], [3107.25, 3233.0], [3107.35, 3001.0], [3107.4, 1861.0], [3107.45, 3233.0], [3107.55, 3015.0], [3107.6, 1529.0], [3107.65, 3233.0], [3107.7, 9498.0], [3107.75, 3000.0], [3107.8, 20009.0], [3107.85, 4499.0], [3107.95, 980.0], [3108.0, 9635.0]]}}}
{"jsonrpc": "2.0", "method": "subscription", "params": {"channel": "book.ETH-PERPETUAL.none.20.100ms", "data": {"timestamp": 1765257693027, "change_id": 100659436307, "instrument_name": "ETH-PERPETUAL", "bids": [[3106.2, 25700.0], [3106.15, 3000.0], [3106.0, 2770.0], [3105.95, 9280.0], [3105.85, 3597.0], [3105.8, 9600.0], [3105.75, 3000.0], [3105.7, 1445.0], [3105.65, 1607.0], [3105.6, 9636.0], [3105.5, 4116.0], [3105.45, 19717.0], [3105.35, 6233.0], [3105.3, 1308.0], [3105.25, 3037.0], [3105.15, 1345.0], [3105.1, 3234.0], [3105.05, 9218.0], [3105.0, 20831.0], [3104.8, 3226.0]], "asks": [[3106.25, 2653.0], [3106.65, 6280.0], [3107.0, 11725.0], [3107.05, 25000.0], [3107.1, 2866.0], [3107.2, 6225.0], [3107.25, 3233.0], [3107.35, 3001.0], [3107.4, 1861.0], [3107.45, 3233.0], [3107.55, 3015.0], [3107.6, 1529.0], [3107.65, 4653.0], [3107.7, 9498.0], [3107.75, 3000.0], [3107.8, 20009.0], [3107.85, 4499.0], [3107.95, 980.0], [3108.0, 9635.0], [3108.05, 17785.0]]}}}
{"jsonrpc": "2.0", "method": "subscription", "params": {"channel": "book.ETH-PERPETUAL.none.20.100ms", "data": {"timestamp": 1765257693348, "change_id": 100659436643, "instrument_name": "ETH-PERPETUAL", "bids": [[3106.2, 25700.0], [3106.15, 3000.0], [3106.0, 2770.0], [3105.95, 9280.0], [3105.85, 3597.0], [3105.8, 9600.0], [3105.75, 3000.0], [3105.7, 1445.0], [3105.65, 1607.0], [3105.6, 9636.0], [3105.5, 4116.0], [3105.45, 19717.0], [3105.35, 6233.0], [3105.3, 1308.0], [3105.25, 3037.0], [3105.15, 1345.0], [3105.1, 3234.0], [3105.05, 9218.0], [3105.0, 20831.0], [3104.85, 4704.0]], "asks": [[3106.25, 2653.0], [3106.65, 6280.0], [3107.0, 11725.0], [3107.05, 25000.0], [3107.1, 2866.0], [3107.2, 6225.0], [3107.25, 3233.0], [3107.35, 3001.0], [3107.4, 1861.0], [3107.45, 3233.0], [3107.55, 3015.0], [3107.6, 1529.0], [3107.65, 4653.0], [3107.7, 9498.0], [3107.75, 3000.0], [3107.8, 20009.0], [3107.85, 4499.0], [3107.95, 980.0], [3108.0, 9635.0], [3108.05, 17785.0]]}}}
{"jsonrpc": "2.0", "method": "subscription", "params": {"channel": "book.ETH-PERPETUAL.none.20.100ms", "data": {"timestamp": 1765257693702, "change_id": 100659437164, "instrument_name": "ETH-PERPETUAL", "bids": [[3106.2, 25700.0], [3106.15, 3000.0], [3106.0, 2770.0], [3105.95, 9280.0], [3105.85, 5779.0], [3105.8, 9600.0], [3105.75, 11300.0], [3105.7, 1445.0], [3105.65, 1607.0], [3105.6, 9636.0], [3105.5, 4116.0], [3105.45, 19717.0], [3105.35, 6233.0], [3105.3, 1308.0], [3105.25, 3037.0], [3105.15, 1345.0], [3105.1, 3234.0], [3105.05, 9218.0], [3105.0, 20831.0], [3104.85, 4704.0]], "asks": [[3106.25, 2653.0], [3106.65, 6280.0], [3106.85, 25000.0], [3106.95, 1254.0], [3107.0, 4200.0], [3107.1, 2866.0], [3107.2, 6225.0], [3107.25, 3233.0], [3107.35, 3001.0], [3107.4, 1861.0], [3107.45, 3233.0], [3107.55, 3015.0], [3107.6, 1529.0], [3107.65, 4653.0], [3107.7, 9498.0], [3107.75, 3000.0], [3107.8, 20009.0], [3107.85, 4499.0], [3107.95, 980.0], [3108.0, 9635.0]]}}}
{"jsonrpc": "2.0", "method": "subscription", "params": {"channel": "book.ETH-PERPETUAL.none.20.100ms", "data": {"timestamp": 1765257694060, "change_id": 100659437552, "instrument_name": "ETH-PERPETUAL", "bids": [[3106.7, 11021.0], [3106.55, 5833.0], [3106.5, 10884.0], [3106.45, 40.0], [3106.3, 4955.0], [3106.2, 8300.0], [3106.15, 3000.0], [3106.0, 2770.0], [3105.95, 9280.0], [3105.85, 3761.0], [3105.8, 1300.0], [3105.75, 3000.0], [3105.7, 1445.0], [3105.65, 1607.0], [3105.6, 9636.0], [3105.55, 2999.0], [3105.5, 4116.0], [3105.45, 19717.0], [3105.35, 3234.0], [3105.3, 1308.0]], "asks": [[3106.75, 6315.0], [3106.85, 26200.0], [3106.9, 6280.0], [3107.0, 3000.0], [3107.2, 3000.0], [3107.4, 1861.0], [3107.45, 3233.0], [3107.5, 3001.0], [3107.55, 3015.0], [3107.6, 1529.0], [3107.65, 4653.0], [3107.7, 3765.0], [3107.75, 3000.0], [3107.85, 10316.0], [3107.95, 20989.0], [3108.0, 9635.0], [3108.05, 17785.0], [3108.1, 3281.0], [3108.15, 5351.0], [3108.2, 15214.0]]}}}
{"jsonrpc": "2.0", "method": "subscription", "params": {"channel": "book.ETH-PERPETUAL.none.20.100ms", "data": {"timestamp": 1765257694386, "change_id": 100659438034, "instrument_name": "ETH-PERPETUAL", "bids": [[3106.7, 8384.0], [3106.55, 1750.0], [3106.5, 8300.0], [3106.45, 40.0], [3106.3, 2478.0], [3106.2, 8300.0], [3106.15, 3000.0], [3106.0, 2770.0], [3105.95, 9280.0], [3105.9, 2564.0], [3105.85, 3232.0], [3105.8, 1300.0], [3105.75, 4607.0], [3105.7, 1861.0], [3105.65, 2999.0], [3105.6, 10531.0], [3105.5, 4116.0], [3105.45, 19717.0], [3105.35, 3234.0], [3105.3, 1308.0]], "asks": [[3106.75, 6441.0], [3106.85, 26000.0], [3106.9, 6280.0], [3107.0, 3000.0], [3107.05, 1200.0], [3107.2, 3000.0], [3107.4, 1861.0], [3107.45, 3233.0], [3107.55, 5507.0], [3107.65, 3233.0], [3107.7, 8961.0], [3107.75, 4420.0], [3107.85, 10316.0], [3107.95, 20989.0], [3108.0, 9635.0], [3108.1, 3281.0], [3108.15, 23136.0], [3108.2, 15214.0], [3108.25, 3548.0], [3108.4, 3000.0]]}}}
{"jsonrpc": "2.0", "method": "subscription", "params": {"channel": "book.ETH-PERPETUAL.none.20.100ms", "data": {"timestamp": 1765257694702, "change_id": 100659438540, "instrument_name": "ETH-PERPETUAL", "bids": [[3106.7, 8424.0], [3106.55, 1750.0], [3106.5, 8300.0], [3106.3, 2478.0], [3106.2, 8300.0], [3106.15, 3000.0], [3106.0, 2770.0], [3105.95, 9280.0], [3105.9, 2564.0], [3105.85, 3232.0], [3105.8, 1300.0], [3105.75, 7606.0], [3105.6, 10531.0], [3105.5, 4116.0], [3105.45, 19717.0], [3105.35, 3234.0], [3105.3, 1308.0], [3105.25, 3037.0], [3105.15, 1345.0], [3105.1, 3234.0]], "asks": [[3106.75, 7090.0], [3106.85, 26000.0], [3106.9, 6280.0], [3107.0, 3000.0], [3107.05, 1200.0], [3107.2, 3000.0], [3107.4, 1861.0], [3107.45, 3233.0], [3107.55, 5507.0], [3107.65, 6234.0], [3107.7, 5960.0], [3107.75, 4420.0], [3107.85, 10316.0], [3107.95, 20989.0], [3108.0, 10665.0], [3108.1, 3281.0], [3108.15, 23136.0], [3108.2, 15214.0], [3108.25, 3548.0], [3108.4, 3000.0]]}}}
{"jsonrpc": "2.0", "method": "subscription", "params": {"channel": "book.ETH-PERPETUAL.none.20.100ms", "data": {"timestamp": 1765257695031, "change_id": 100659438813, "instrument_name": "ETH-PERPETUAL", "bids": [[3106.7, 8424.0], [3106.55, 1750.0], [3106.5, 8300.0], [3106.3, 2478.0], [3106.2, 8300.0], [3106.15, 3000.0], [3106.0, 2770.0], [3105.95, 9280.0], [3105.9, 2564.0], [3105.85, 3232.0], [3105.8, 1300.0], [3105.75, 4607.0], [3105.7, 1861.0], [3105.65, 2999.0], [3105.6, 10531.0], [3105.5, 4116.0], [3105.45, 19717.0], [3105.35, 3234.0], [3105.3, 1308.0], [3105.25, 3037.0]], "asks": [[3106.75, 7442.0], [3106.85, 26000.0], [3106.9, 6280.0], [3107.0, 3000.0], [3107.05, 1200.0], [3107.2, 3000.0], [3107.4, 1861.0], [3107.45, 3233.0], [3107.55, 5507.0], [3107.65, 6234.0], [3107.7, 5960.0], [3107.75, 4420.0], [3107.85, 10316.0], [3107.95, 20989.0], [3108.0, 10665.0], [3108.1, 3281.0], [3108.15, 19740.0], [3108.2, 3000.0], [3108.25, 3548.0], [3108.4, 3000.0]]}}}
{"jsonrpc": "2.0", "method": "subscription", "params": {"channel": "book.ETH-PERPETUAL.none.20.100ms", "data": {"timestamp": 1765257695364, "change_id": 100659439341, "instrument_name": "ETH-PERPETUAL", "bids": [[3106.7, 8424.0], [3106.55, 1750.0], [3106.5, 8300.0], [3106.35, 3000.0], [3106.3, 4035.0], [3106.25, 6280.0], [3106.2, 8300.0], [3106.15, 3000.0], [3106.05, 1791.0], [3105.95, 3000.0], [3105.9, 5563.0], [3105.85, 3232.0], [3105.8, 1300.0], [3105.75, 4607.0], [3105.6, 10531.0], [3105.5, 4116.0], [3105.45, 19717.0], [3105.35, 3234.0], [3105.3, 1308.0], [3105.25, 3037.0]], "asks": [[3106.75, 2133.0], [3107.1, 25000.0], [3107.15, 1000.0], [3107.2, 9280.0], [3107.4, 1861.0], [3107.45, 3233.0], [3107.55, 5507.0], [3107.65, 3233.0], [3107.7, 5960.0], [3107.75, 3000.0], [3107.85, 4499.0], [3107.95, 3001.0], [3108.0, 10665.0], [3108.05, 20009.0], [3108.1, 3281.0], [3108.15, 1955.0], [3108.2, 3000.0], [3108.25, 3548.0], [3108.35, 12211.0], [3108.4, 3000.0]]}}}
{"jsonrpc": "2.0", "method": "subscription", "params": {"channel": "book.ETH-PERPETUAL.none.20.100ms", "data": {"timestamp": 1765257695708, "change_id": 100659440133, "instrument_name": "ETH-PERPETUAL", "bids": [[3106.7, 5084.0], [3106.65, 5000.0], [3106.35, 3000.0], [3106.3, 2478.0], [3106.2, 8300.0], [3106.15, 3000.0], [3105.95, 3000.0], [3105.9, 2564.0], [3105.85, 3232.0], [3105.8, 1300.0], [3105.75, 8952.0], [3105.6, 10531.0], [3105.5, 4116.0], [3105.45, 19717.0], [3105.35, 3234.0], [3105.25, 3037.0], [3105.1, 3234.0], [3105.05, 9258.0], [3105.0, 20831.0], [3104.9, 12666.0]], "asks": [[3106.75, 3310.0], [3106.95, 1000.0], [3107.2, 9280.0], [3107.4, 1861.0], [3107.45, 3233.0], [3107.55, 5492.0], [3107.65, 3233.0], [3107.7, 8961.0], [3107.75, 3000.0], [3107.85, 4499.0], [3107.9, 1420.0], [3107.95, 20009.0], [3108.0, 4132.0], [3108.1, 3281.0], [3108.15, 1955.0], [3108.2, 20785.0], [3108.25, 3548.0], [3108.3, 980.0], [3108.4, 3000.0], [3108.5, 3286.0]]}}}
{"jsonrpc": "2.0", "method": "subscription", "params": {"channel": "book.ETH-PERPETUAL.none.20.100ms", "data": {"timestamp": 1765257696041, "change_id": 100659441427, "instrument_name": "ETH-PERPETUAL", "bids": [[3106.35, 4300.0], [3106.3, 1346.0], [3106.25, 2478.0], [3106.2, 8300.0], [3106.15, 3000.0], [3105.95, 3000.0], [3105.9, 5470.0], [3105.85, 3232.0], [3105.8, 2999.0], [3105.75, 4607.0], [3105.6, 3234.0], [3105.55, 1229.0], [3105.5, 4116.0], [3105.35, 3234.0], [3105.25, 3037.0], [3105.15, 27175.0], [3105.1, 3234.0], [3105.05, 53000.0], [3105.0, 20831.0], [3104.95, 3781.0]], "asks": [[3106.4, 5213.0], [3106.75, 216.0], [3107.0, 6280.0], [3107.25, 3233.0], [3107.35, 4616.0], [3107.4, 25000.0], [3107.55, 3000.0], [3107.6, 3233.0], [3107.75, 10763.0], [3107.8, 4420.0], [3107.85, 7500.0], [3108.0, 10350.0], [3108.1, 3281.0], [3108.15, 27315.0], [3108.2, 3000.0], [3108.25, 21333.0], [3108.3, 980.0], [3108.35, 15.0], [3108.4, 3000.0], [3108.45, 1876.0]]}}}
{"jsonrpc": "2.0", "method": "subscription", "params": {"channel": "book.ETH-PERPETUAL.none.20.100ms", "data": {"timestamp": 1765257696355, "change_id": 100659442274, "instrument_name": "ETH-PERPETUAL", "bids": [[3106.35, 6300.0], [3106.25, 2478.0], [3106.2, 8300.0], [3106.1, 1000.0], [3105.95, 3000.0], [3105.9, 3915.0], [3105.85, 9512.0], [3105.75, 4607.0], [3105.6, 3234.0], [3105.55, 1229.0], [3105.5, 6115.0], [3105.35, 3234.0], [3105.25, 3037.0], [3105.15, 8079.0], [3105.1, 3234.0], [3105.05, 3000.0], [3105.0, 20831.0], [3104.95, 3781.0], [3104.9, 12666.0], [3104.8, 3226.0]], "asks": [[3106.4, 5213.0], [3106.6, 270.0], [3106.65, 1000.0], [3106.75, 6567.0], [3106.95, 12097.0], [3107.0, 25000.0], [3107.1, 1861.0], [3107.15, 3000.0], [3107.25, 3233.0], [3107.3, 1858.0], [3107.35, 6224.0], [3107.45, 1791.0], [3107.5, 3001.0], [3107.55, 3000.0], [3107.6, 9210.0], [3107.65, 20024.0], [3107.75, 2299.0], [3107.8, 5400.0], [3107.85, 4499.0], [3108.0, 9390.0]]}}}
{"jsonrpc": "2.0", "method": "subscription", "params": {"channel": "book.ETH-PERPETUAL.none.20.100ms", "data": {"timestamp": 1765257696700, "change_id": 100659442952, "instrument_name": "ETH-PERPETUAL", "bids": [[3106.35, 5000.0], [3106.05, 3373.0], [3106.0, 8300.0], [3105.95, 3000.0], [3105.9, 3915.0], [3105.85, 9512.0], [3105.75, 4607.0], [3105.6, 3234.0], [3105.55, 1229.0], [3105.5, 3116.0], [3105.45, 3160.0], [3105.4, 2999.0], [3105.35, 3234.0], [3105.25, 3037.0], [3105.15, 8079.0], [3105.1, 3234.0], [3105.05, 3000.0], [3105.0, 20831.0], [3104.95, 3781.0], [3104.9, 12666.0]], "asks": [[3106.4, 6247.0], [3106.65, 1000.0], [3106.75, 6280.0], [3106.8, 25000.0], [3106.85, 1254.0], [3106.9, 1200.0], [3106.95, 3000.0], [3107.1, 1861.0], [3107.15, 3000.0], [3107.25, 3233.0], [3107.3, 1873.0], [3107.35, 6224.0], [3107.4, 3001.0], [3107.55, 4273.0], [3107.6, 3233.0], [3107.7, 9594.0], [3107.75, 20009.0], [3107.8, 5400.0], [3107.85, 4499.0], [3108.0, 9390.0]]}}}
{"jsonrpc": "2.0", "method": "subscription", "params": {"channel": "book.ETH-PERPETUAL.none.20.100ms", "data": {"timestamp": 1765257697011, "change_id": 100659443561, "instrument_name": "ETH-PERPETUAL", "bids": [[3106.35, 5000.0], [3106.05, 3373.0], [3106.0, 8300.0], [3105.95, 3000.0], [3105.9, 3915.0], [3105.85, 9512.0], [3105.75, 4607.0], [3105.7, 1280.0], [3105.65, 1055.0], [3105.6, 3234.0], [3105.55, 1229.0], [3105.5, 3116.0], [3105.45, 3160.0], [3105.4, 2999.0], [3105.35, 3234.0], [3105.25, 3037.0], [3105.15, 8079.0], [3105.1, 3234.0], [3105.05, 3000.0], [3105.0, 20831.0]], "asks": [[3106.4, 7189.0], [3106.65, 1000.0], [3106.75, 6280.0], [3106.8, 25000.0], [3106.85, 1254.0], [3106.9, 1200.0], [3106.95, 3000.0], [3107.1, 1861.0], [3107.15, 3000.0], [3107.25, 3233.0], [3107.3, 1873.0], [3107.35, 6224.0], [3107.4, 3001.0], [3107.55, 4273.0], [3107.6, 3233.0], [3107.7, 9594.0], [3107.75, 20009.0], [3107.8, 5400.0], [3107.85, 4499.0], [3108.0, 9390.0]]}}}
{"jsonrpc": "2.0", "method": "subscription", "params": {"channel": "book.ETH-PERPETUAL.none.20.100ms", "data": {"timestamp": 1765257697364, "change_id": 100659443893, "instrument_name": "ETH-PERPETUAL", "bids": [[3106.35, 5000.0], [3106.05, 3373.0], [3106.0, 8300.0], [3105.95, 3000.0], [3105.9, 3915.0], [3105.85, 9512.0], [3105.75, 4607.0], [3105.7, 1280.0], [3105.65, 1055.0], [3105.6, 3234.0], [3105.55, 1229.0], [3105.5, 3116.0], [3105.45, 3160.0], [3105.4, 2999.0], [3105.35, 3234.0], [3105.25, 3037.0], [3105.15, 8079.0], [3105.1, 3234.0], [3105.05, 3000.0], [3105.0, 20831.0]], "asks": [[3106.4, 8043.0], [3106.65, 1000.0], [3106.75, 6280.0], [3106.8, 25000.0], [3106.95, 3000.0], [3107.1, 1861.0], [3107.15, 3000.0], [3107.25, 3233.0], [3107.3, 1873.0], [3107.35, 6224.0], [3107.45, 1791.0], [3107.5, 3001.0], [3107.55, 10082.0], [3107.6, 3233.0], [3107.7, 21039.0], [3107.75, 2167.0], [3107.8, 3980.0], [3107.85, 4499.0], [3108.0, 9390.0], [3108.05, 17785.0]]}}}
{"jsonrpc": "2.0", "method": "subscription", "params": {"channel": "book.ETH-PERPETUAL.none.20.100ms", "data": {"timestamp": 1765257697694, "change_id": 100659444644, "instrument_name": "ETH-PERPETUAL", "bids": [[3106.05, 40.0], [3105.95, 2478.0], [3105.9, 8300.0], [3105.75, 3000.0], [3105.7, 1280.0], [3105.65, 1055.0], [3105.6, 3234.0], [3105.55, 1229.0], [3105.5, 3116.0], [3105.45, 3160.0], [3105.35, 3234.0], [3105.3, 4385.0], [3105.25, 3037.0], [3105.15, 9686.0], [3105.1, 3234.0], [3105.05, 3000.0], [3105.0, 20831.0], [3104.9, 1345.0], [3104.85, 1861.0], [3104.8, 3226.0]], "asks": [[3106.1, 5213.0], [3106.4, 1647.0], [3106.45, 1000.0], [3106.5, 6280.0], [3106.6, 27478.0], [3106.65, 9500.0], [3106.75, 3000.0], [3106.9, 1860.0], [3106.95, 6232.0], [3107.05, 3223.0], [3107.1, 1861.0], [3107.15, 3000.0], [3107.2, 3001.0], [3107.25, 3233.0], [3107.3, 1873.0], [3107.35, 6224.0], [3107.45, 7123.0], [3107.55, 25702.0], [3107.6, 3233.0], [3107.7, 1030.0]]}}}
{"jsonrpc": "2.0", "method": "subscription", "params": {"channel": "book.ETH-PERPETUAL.none.20.100ms", "data": {"timestamp": 1765257698024, "change_id": 100659445728, "instrument_name": "ETH-PERPETUAL", "bids": [[3105.75, 2584.0], [3105.65, 1055.0], [3105.55, 1229.0], [3105.5, 3116.0], [3105.3, 1386.0], [3105.25, 3037.0], [3105.15, 9686.0], [3105.1, 9514.0], [3105.05, 3000.0], [3105.0, 20831.0], [3104.9, 1345.0], [3104.85, 1861.0], [3104.8, 3226.0], [3104.75, 3008.0], [3104.7, 7762.0], [3104.65, 12723.0], [3104.6, 3232.0], [3104.4, 1901.0], [3104.35, 3000.0], [3104.3, 3291.0]], "asks": [[3105.8, 5213.0], [3106.05, 1000.0], [3106.1, 397.0], [3106.2, 1875.0], [3106.25, 6427.0], [3106.35, 10923.0], [3106.4, 30035.0], [3106.5, 4338.0], [3106.55, 3000.0], [3106.65, 13390.0], [3106.7, 3001.0], [3106.75, 6223.0], [3106.9, 1860.0], [3106.95, 6247.0], [3107.1, 21870.0], [3107.15, 3000.0], [3107.25, 4213.0], [3107.35, 3000.0], [3107.45, 6460.0], [3107.55, 23478.0]]}}}
{"jsonrpc": "2.0", "method": "subscription", "params": {"channel": "book.ETH-PERPETUAL.none.20.100ms", "data": {"timestamp": 1765257698346, "change_id": 100659446280, "instrument_name": "ETH-PERPETUAL", "bids": [[3105.65, 5000.0], [3105.55, 1229.0], [3105.5, 3116.0], [3105.3, 1386.0], [3105.25, 3037.0], [3105.15, 9686.0], [3105.1, 9514.0], [3105.05, 4299.0], [3105.0, 20831.0], [3104.85, 1861.0], [3104.8, 3226.0], [3104.75, 3008.0], [3104.7, 4763.0], [3104.65, 12723.0], [3104.6, 3232.0], [3104.45, 2999.0], [3104.4, 1901.0], [3104.35, 3000.0], [3104.3, 3291.0], [3104.25, 76.0]], "asks": [[3105.7, 18047.0], [3105.8, 626.0], [3105.95, 6280.0], [3106.1, 42.0], [3106.15, 7463.0], [3106.2, 26875.0], [3106.25, 55.0], [3106.35, 3000.0], [3106.4, 288.0], [3106.5, 7339.0], [3106.55, 3000.0], [3106.65, 14755.0], [3106.75, 3000.0], [3106.9, 1860.0], [3106.95, 12527.0], [3107.05, 1029.0], [3107.1, 21870.0], [3107.15, 3000.0], [3107.25, 10417.0], [3107.3, 17785.0]]}}}
{"jsonrpc": "2.0", "method": "subscription", "params": {"channel": "book.ETH-PERPETUAL.none.20.100ms", "data": {"timestamp": 1765257698684, "change_id": 100659446899, "instrument_name": "ETH-PERPETUAL", "bids": [[3105.65, 13340.0], [3105.55, 1229.0], [3105.5, 3116.0], [3105.4, 1875.0], [3105.35, 6280.0], [3105.3, 1386.0], [3105.25, 3037.0], [3105.15, 9686.0], [3105.1, 3234.0], [3105.05, 4299.0], [3105.0, 20831.0], [3104.85, 3975.0], [3104.8, 4571.0], [3104.75, 6007.0], [3104.7, 4763.0], [3104.65, 12723.0], [3104.6, 3232.0], [3104.4, 1901.0], [3104.35, 3000.0], [3104.3, 3291.0]], "asks": [[3105.7, 2653.0], [3105.8, 271.0], [3106.2, 25000.0], [3106.25, 6335.0], [3106.35, 3000.0], [3106.4, 185.0], [3106.5, 2822.0], [3106.55, 3000.0], [3106.65, 6455.0], [3106.75, 3000.0], [3106.85, 3001.0], [3106.9, 1860.0], [3106.95, 12527.0], [3107.1, 21870.0], [3107.15, 3000.0], [3107.25, 4213.0], [3107.35, 3000.0], [3107.45, 6460.0], [3107.5, 17785.0], [3107.55, 4273.0]]}}}
{"jsonrpc": "2.0", "method": "subscription", "params": {"channel": "book.ETH-PERPETUAL.none.20.100ms", "data": {"timestamp": 1765257699011, "change_id": 100659447333, "instrument_name": "ETH-PERPETUAL", "bids": [[3105.65, 13340.0], [3105.55, 1229.0], [3105.5, 3116.0], [3105.4, 1875.0], [3105.35, 6280.0], [3105.3, 1386.0], [3105.25, 3037.0], [3105.15, 9686.0], [3105.1, 3234.0], [3105.05, 4299.0], [3105.0, 20831.0], [3104.85, 3975.0], [3104.8, 4571.0], [3104.75, 6007.0], [3104.7, 4763.0], [3104.65, 12723.0], [3104.6, 3232.0], [3104.4, 1901.0], [3104.35, 3000.0], [3104.3, 3291.0]], "asks": [[3105.7, 2653.0], [3106.35, 3000.0], [3106.4, 134.0], [3106.45, 7463.0], [3106.5, 27822.0], [3106.55, 3000.0], [3106.65, 6455.0], [3106.75, 3000.0], [3106.85, 3001.0], [3106.9, 1860.0], [3106.95, 12527.0], [3107.0, 1420.0], [3107.1, 21870.0], [3107.15, 3000.0], [3107.25, 4213.0], [3107.35, 3000.0], [3107.45, 6460.0], [3107.5, 17785.0], [3107.55, 4273.0], [3107.6, 4038.0]]}}}
{"jsonrpc": "2.0", "method": "subscription", "params": {"channel": "book.ETH-PERPETUAL.none.20.100ms", "data": {"timestamp": 1765257699344, "change_id": 100659448015, "instrument_name": "ETH-PERPETUAL", "bids": [[3105.8, 2584.0], [3105.55, 1229.0], [3105.5, 3116.0], [3105.4, 1875.0], [3105.35, 6280.0], [3105.3, 1386.0], [3105.25, 3037.0], [3105.15, 9686.0], [3105.1, 3234.0], [3105.05, 4299.0], [3105.0, 20831.0], [3104.85, 3975.0], [3104.8, 4571.0], [3104.75, 3008.0], [3104.7, 7762.0], [3104.65, 12723.0], [3104.6, 3232.0], [3104.4, 1901.0], [3104.35, 3000.0], [3104.3, 3291.0]], "asks": [[3105.85, 5213.0], [3106.15, 1309.0], [3106.25, 8358.0], [3106.3, 25000.0], [3106.35, 4915.0], [3106.4, 6414.0], [3106.55, 3000.0], [3106.65, 3480.0], [3106.7, 6233.0], [3106.75, 3000.0], [3106.8, 3223.0], [3106.9, 1860.0], [3106.95, 6247.0], [3107.0, 7593.0], [3107.05, 1420.0], [3107.1, 23486.0], [3107.15, 3000.0], [3107.2, 1029.0], [3107.25, 4213.0], [3107.35, 3000.0]]}}}
{"jsonrpc": "2.0", "method": "subscription", "params": {"channel": "book.ETH-PERPETUAL.none.20.100ms", "data": {"timestamp": 1765257699676, "change_id": 100659448423, "instrument_name": "ETH-PERPETUAL", "bids": [[3105.8, 2584.0], [3105.55, 1229.0], [3105.5, 3116.0], [3105.4, 1875.0], [3105.35, 6280.0], [3105.3, 1386.0], [3105.25, 3037.0], [3105.15, 9686.0], [3105.1, 3234.0], [3105.05, 4299.0], [3105.0, 20831.0], [3104.85, 3975.0], [3104.8, 4571.0], [3104.75, 3008.0], [3104.7, 7762.0], [3104.65, 12723.0], [3104.6, 3232.0], [3104.4, 1901.0], [3104.35, 3000.0], [3104.3, 3291.0]], "asks": [[3105.85, 5315.0], [3106.05, 1000.0], [3106.15, 71.0], [3106.2, 8300.0], [3106.25, 8358.0], [3106.3, 25000.0], [3106.35, 4915.0], [3106.4, 6414.0], [3106.55, 3000.0], [3106.65, 3480.0], [3106.7, 6233.0], [3106.75, 3000.0], [3106.8, 3223.0], [3106.9, 1860.0], [3106.95, 6247.0], [3107.0, 7593.0], [3107.05, 1420.0], [3107.1, 21870.0], [3107.15, 3000.0], [3107.2, 1029.0]]}}}
{"jsonrpc": "2.0", "method": "subscription", "params": {"channel": "book.ETH-PERPETUAL.none.20.100ms", "data": {"timestamp": 1765257699982, "change_id": 100659448829, "instrument_name": "ETH-PERPETUAL", "bids": [[3105.8, 2584.0], [3105.55, 1229.0], [3105.5, 3116.0], [3105.4, 1875.0], [3105.35, 6280.0], [3105.3, 1386.0], [3105.25, 3037.0], [3105.15, 9686.0], [3105.1, 3234.0], [3105.05, 4299.0], [3105.0, 20831.0], [3104.85, 3975.0], [3104.8, 4571.0], [3104.75, 6007.0], [3104.7, 4763.0], [3104.65, 12723.0], [3104.6, 3232.0], [3104.4, 1901.0], [3104.35, 3000.0], [3104.3, 3291.0]], "asks": [[3105.85, 5522.0], [3106.15, 37.0], [3106.25, 8358.0], [3106.3, 25000.0], [3106.35, 4915.0], [3106.4, 6414.0], [3106.55, 3000.0], [3106.65, 3480.0], [3106.7, 6233.0], [3106.75, 3000.0], [3106.8, 3223.0], [3106.9, 1860.0], [3106.95, 6247.0], [3107.05, 1420.0], [3107.1, 8195.0], [3107.15, 3000.0], [3107.2, 21038.0], [3107.25, 4213.0], [3107.35, 3000.0], [3107.45, 6204.0]]}}}
{"jsonrpc": "2.0", "method": "subscription", "params": {"channel": "book.ETH-PERPETUAL.none.20.100ms", "data": {"timestamp": 1765257700334, "change_id": 100659449155, "instrument_name": "ETH-PERPETUAL", "bids": [[3105.8, 2584.0], [3105.55, 1229.0], [3105.5, 3116.0], [3105.4, 1875.0], [3105.35, 6280.0], [3105.3, 1386.0], [3105.25, 3037.0], [3105.15, 9686.0], [3105.1, 3234.0], [3105.05, 4299.0], [3105.0, 20831.0], [3104.85, 3975.0], [3104.8, 4571.0], [3104.75, 6007.0], [3104.7, 4763.0], [3104.65, 12723.0], [3104.6, 3232.0], [3104.4, 1901.0], [3104.35, 3000.0], [3104.3, 3291.0]], "asks": [[3105.85, 5896.0], [3106.15, 552.0], [3106.25, 8358.0], [3106.3, 25000.0], [3106.35, 4915.0], [3106.4, 6414.0], [3106.55, 3000.0], [3106.65, 3480.0], [3106.7, 3232.0], [3106.75, 6001.0], [3106.8, 3223.0], [3106.9, 1860.0], [3106.95, 6247.0], [3107.1, 8195.0], [3107.15, 3000.0], [3107.2, 21038.0], [3107.25, 4213.0], [3107.35, 3000.0], [3107.45, 6204.0], [3107.5, 17785.0]]}}}
{"jsonrpc": "2.0", "method": "subscription", "params": {"channel": "book.ETH-PERPETUAL.none.20.100ms", "data": {"timestamp": 1765257700666, "change_id": 100659449495, "instrument_name": "ETH-PERPETUAL", "bids": [[3105.8, 7584.0], [3105.55, 1229.0], [3105.5, 3116.0], [3105.4, 1875.0], [3105.35, 6280.0], [3105.3, 1386.0], [3105.25, 3037.0], [3105.15, 9686.0], [3105.1, 3234.0], [3105.05, 4299.0], [3105.0, 20831.0], [3104.85, 3975.0], [3104.8, 4571.0], [3104.75, 3008.0], [3104.7, 7762.0], [3104.65, 12723.0], [3104.6, 3232.0], [3104.4, 1901.0], [3104.35, 3000.0], [3104.3, 3291.0]], "asks": [[3105.85, 5804.0], [3106.15, 1000.0], [3106.25, 8358.0], [3106.3, 25000.0], [3106.35, 4915.0], [3106.4, 6414.0], [3106.55, 3000.0], [3106.65, 3480.0], [3106.7, 6233.0], [3106.75, 3000.0], [3106.8, 3223.0], [3106.9, 1860.0], [3106.95, 6247.0], [3107.0, 1420.0], [3107.1, 21870.0], [3107.15, 3000.0], [3107.2, 1029.0], [3107.25, 4213.0], [3107.35, 3000.0], [3107.45, 6204.0]]}}}
{"jsonrpc": "2.0", "method": "subscription", "params": {"channel": "book.ETH-PERPETUAL.none.20.100ms", "data": {"timestamp": 1765257700990, "change_id": 100659449946, "instrument_name": "ETH-PERPETUAL", "bids": [[3105.8, 7584.0], [3105.55, 1229.0], [3105.5, 3116.0], [3105.4, 1875.0], [3105.35, 6280.0], [3105.3, 1386.0], [3105.25, 3037.0], [3105.15, 9686.0], [3105.1, 3234.0], [3105.05, 4299.0], [3105.0, 20831.0], [3104.85, 3975.0], [3104.8, 4571.0], [3104.75, 3008.0], [3104.7, 4763.0], [3104.65, 15722.0], [3104.6, 3232.0], [3104.4, 1901.0], [3104.35, 3000.0], [3104.3, 3291.0]], "asks": [[3105.85, 5812.0], [3106.05, 521.0], [3106.25, 8358.0], [3106.3, 25000.0], [3106.35, 4915.0], [3106.4, 6414.0], [3106.5, 1791.0], [3106.55, 3000.0], [3106.65, 6481.0], [3106.7, 3232.0], [3106.75, 3000.0], [3106.8, 3223.0], [3106.9, 1860.0], [3106.95, 6247.0], [3107.0, 1420.0], [3107.1, 21870.0], [3107.15, 3000.0], [3107.2, 1029.0], [3107.25, 4213.0], [3107.35, 3000.0]]}}}
{"jsonrpc": "2.0", "method": "subscription", "params": {"channel": "book.ETH-PERPETUAL.none.20.100ms", "data": {"timestamp": 1765257701276, "change_id": 100659450063, "instrument_name": "ETH-PERPETUAL", "bids": [[3105.8, 7584.0], [3105.55, 1229.0], [3105.5, 3116.0], [3105.4, 1875.0], [3105.35, 6280.0], [3105.3, 1386.0], [3105.25, 3037.0], [3105.15, 9686.0], [3105.1, 3234.0], [3105.05, 4299.0], [3105.0, 20831.0], [3104.85, 3975.0], [3104.8, 4571.0], [3104.75, 3008.0], [3104.7, 7762.0], [3104.65, 12723.0], [3104.6, 3232.0], [3104.4, 1901.0], [3104.35, 3000.0], [3104.3, 3291.0]], "asks": [[3105.85, 5619.0], [3106.05, 521.0], [3106.25, 8358.0], [3106.3, 25000.0], [3106.35, 4915.0], [3106.4, 6414.0], [3106.5, 1791.0], [3106.55, 3000.0], [3106.65, 6481.0], [3106.7, 3232.0], [3106.75, 3000.0], [3106.8, 3223.0], [3106.9, 1860.0], [3106.95, 6247.0], [3107.0, 1420.0], [3107.1, 21870.0], [3107.15, 3000.0], [3107.2, 1029.0], [3107.25, 4213.0], [3107.35, 3000.0]]}}}
{"jsonrpc": "2.0", "method": "subscription", "params": {"channel": "book.ETH-PERPETUAL.none.20.100ms", "data": {"timestamp": 1765257701651, "change_id": 100659450591, "instrument_name": "ETH-PERPETUAL", "bids": [[3105.8, 15884.0], [3105.55, 1229.0], [3105.5, 3116.0], [3105.4, 1875.0], [3105.35, 6280.0], [3105.3, 1386.0], [3105.25, 3037.0], [3105.15, 9686.0], [3105.1, 3234.0], [3105.05, 4299.0], [3105.0, 20831.0], [3104.85, 3975.0], [3104.8, 4571.0], [3104.75, 3008.0], [3104.7, 1860.0], [3104.65, 2999.0], [3104.6, 3232.0], [3104.4, 1901.0], [3104.35, 3000.0], [3104.3, 3291.0]], "asks": [[3105.85, 5665.0], [3106.05, 521.0], [3106.2, 3900.0], [3106.25, 8358.0], [3106.3, 25000.0], [3106.35, 4915.0], [3106.4, 6414.0], [3106.5, 1791.0], [3106.55, 3000.0], [3106.65, 6481.0], [3106.7, 3232.0], [3106.75, 3000.0], [3106.8, 3223.0], [3106.9, 1860.0], [3106.95, 6247.0], [3107.0, 1420.0], [3107.05, 5973.0], [3107.1, 21870.0], [3107.15, 3000.0], [3107.2, 1029.0]]}}}
{"jsonrpc": "2.0", "method": "subscription", "params": {"channel": "book.ETH-PERPETUAL.none.20.100ms", "data": {"timestamp": 1765257701989, "change_id": 100659450978, "instrument_name": "ETH-PERPETUAL", "bids": [[3105.8, 16676.0], [3105.55, 1229.0], [3105.5, 3116.0], [3105.4, 1875.0], [3105.35, 6280.0], [3105.3, 1386.0], [3105.25, 3037.0], [3105.15, 9686.0], [3105.1, 3234.0], [3105.05, 4299.0], [3105.0, 20831.0], [3104.85, 3975.0], [3104.8, 4571.0], [3104.75, 3008.0], [3104.65, 2999.0], [3104.6, 3232.0], [3104.4, 1901.0], [3104.35, 3000.0], [3104.3, 3291.0], [3104.25, 12683.0]], "asks": [[3105.85, 298.0], [3106.15, 37.0], [3106.3, 25000.0], [3106.35, 3000.0], [3106.4, 134.0], [3106.55, 3000.0], [3106.65, 3480.0], [3106.7, 6233.0], [3106.75, 3000.0], [3106.8, 3223.0], [3106.9, 1860.0], [3106.95, 6247.0], [3107.0, 1420.0], [3107.1, 1861.0], [3107.15, 3000.0], [3107.2, 21038.0], [3107.25, 4213.0], [3107.35, 3000.0], [3107.45, 6204.0], [3107.5, 17785.0]]}}}
{"jsonrpc": "2.0", "method": "subscription", "params": {"channel": "book.ETH-PERPETUAL.none.20.100ms", "data": {"timestamp": 1765257702319, "change_id": 100659451444, "instrument_name": "ETH-PERPETUAL", "bids": [[3105.85, 11938.0], [3105.8, 9092.0], [3105.55, 1229.0], [3105.5, 3116.0], [3105.4, 1875.0], [3105.35, 6280.0], [3105.3, 1386.0], [3105.25, 3037.0], [3105.15, 9686.0], [3105.1, 3234.0], [3105.05, 4299.0], [3105.0, 20831.0], [3104.9, 2999.0], [3104.85, 3975.0], [3104.8, 4571.0], [3104.75, 3008.0], [3104.6, 3232.0], [3104.4, 1901.0], [3104.35, 3000.0], [3104.3, 3291.0]], "asks": [[3105.9, 5562.0], [3106.25, 26000.0], [3106.35, 3000.0], [3106.4, 6414.0], [3106.55, 3000.0], [3106.7, 2822.0], [3106.75, 6232.0], [3106.8, 3223.0], [3106.9, 4861.0], [3106.95, 6247.0], [3107.1, 1861.0], [3107.15, 3000.0], [3107.2, 21038.0], [3107.25, 3233.0], [3107.35, 3000.0], [3107.55, 4273.0], [3107.6, 4038.0], [3107.65, 17785.0], [3107.7, 4012.0], [3107.8, 15890.0]]}}}
