{"jsonrpc": "2.0", "id": 1, "result": ["book.ETH-PERPETUAL.none.20.100ms"], "usIn": 1756238949185495, "usOut": 1756238949185795, "usDiff": 300, "testnet": false}
{"jsonrpc": "2.0", "method": "subscription", "params": {"channel": "book.ETH-PERPETUAL.none.20.100ms", "data": {"timestamp": 1756238949176, "change_id": 83740025898, "instrument_name": "ETH-PERPETUAL", "bids": [[4594.95, 40000.0], [4594.4, 50000.0], [4594.25, 472.0], [4594.2, 111456.0], [4594.1, 200.0], [4594.05, 11182.0], [4594.0, 62501.0], [4593.95, 181440.0], [4593.9, 10000.0], [4593.75, 41181.0], [4593.7, 28537.0], [4593.65, 5634.0], [4593.6, 160.0], [4593.55, 11185.0], [4593.5, 59456.0], [4593.45, 10898.0], [4593.4, 24079.0], [4593.25, 21263.0], [4593.1, 6191.0], [4593.05, 11181.0]], "asks": [[4595.0, 64308.0], [4595.05, 191440.0], [4595.1, 61385.0], [4595.15, 111534.0], [4595.2, 30002.0], [4595.25, 13801.0], [4595.35, 16000.0], [4595.4, 10000.0], [4595.5, 9058.0], [4595.85, 8051.0], [4595.9, 17779.0], [4596.0, 31075.0], [4596.05, 24079.0], [4596.25, 54673.0], [4596.5, 30204.0], [4596.6, 70100.0], [4596.65, 9458.0], [4596.75, 11268.0], [4597.0, 26516.0], [4597.05, 70100.0]]}}}
{"jsonrpc": "2.0", "method": "subscription", "params": {"channel": "book.ETH-PERPETUAL.none.20.100ms", "data": {"timestamp": 1756238949327, "change_id": 83740026046, "instrument_name": "ETH-PERPETUAL", "bids": [[4594.95, 40000.0], [4594.4, 50000.0], [4594.25, 472.0], [4594.2, 111456.0], [4594.1, 200.0], [4594.05, 11182.0], [4594.0, 62501.0], [4593.95, 181440.0], [4593.75, 51181.0], [4593.7, 28537.0], [4593.65, 5634.0], [4593.6, 160.0], [4593.55, 11185.0], [4593.5, 59456.0], [4593.45, 10898.0], [4593.4, 24079.0], [4593.25, 21263.0], [4593.1, 6191.0], [4593.05, 11181.0], [4593.0, 32308.0]], "asks": [[4595.0, 64308.0], [4595.05, 191440.0], [4595.1, 61385.0], [4595.15, 111534.0], [4595.2, 30002.0], [4595.25, 13801.0], [4595.35, 16000.0], [4595.4, 10000.0], [4595.5, 9058.0], [4595.85, 8051.0], [4595.9, 17779.0], [4596.0, 31075.0], [4596.05, 24079.0], [4596.25, 54673.0], [4596.5, 30204.0], [4596.6, 70100.0], [4596.65, 9458.0], [4596.75, 11268.0], [4597.0, 26516.0], [4597.05, 70100.0]]}}}
{"jsonrpc": "2.0", "method": "subscription", "params": {"channel": "book.ETH-PERPETUAL.none.20.100ms", "data": {"timestamp": 1756238949777, "change_id": 83740027010, "instrument_name": "ETH-PERPETUAL", "bids": [[4594.95, 40000.0], [4594.4, 50000.0], [4594.25, 472.0], [4594.1, 8058.0], [4594.05, 11182.0], [4594.0, 62501.0], [4593.95, 258704.0], [4593.75, 41181.0], [4593.7, 13537.0], [4593.65, 5634.0], [4593.6, 160.0], [4593.55, 11185.0], [4593.5, 9456.0], [4593.45, 10898.0], [4593.4, 24079.0], [4593.25, 11263.0], [4593.1, 6191.0], [4593.05, 11181.0], [4593.0, 82308.0], [4592.95, 75000.0]], "asks": [[4595.0, 21355.0], [4595.05, 191440.0], [4595.1, 20002.0], [4595.15, 111534.0], [4595.2, 30002.0], [4595.25, 5717.0], [4595.4, 10000.0], [4595.5, 9058.0], [4595.85, 8051.0], [4595.9, 17779.0], [4596.0, 31075.0], [4596.05, 24079.0], [4596.1, 13500.0], [4596.25, 54673.0], [4596.5, 30204.0], [4596.6, 70100.0], [4596.65, 9458.0], [4596.75, 11268.0], [4597.0, 26516.0], [4597.05, 70100.0]]}}}
{"jsonrpc": "2.0", "method": "subscription", "params": {"channel": "book.ETH-PERPETUAL.none.20.100ms", "data": {"timestamp": 1756238950074, "change_id": 83740027697, "instrument_name": "ETH-PERPETUAL", "bids": [[4594.95, 40000.0], [4594.4, 50000.0], [4594.25, 472.0], [4594.1, 18058.0], [4594.05, 11182.0], [4594.0, 62501.0], [4593.95, 258704.0], [4593.75, 41181.0], [4593.7, 13537.0], [4593.65, 5634.0], [4593.6, 160.0], [4593.55, 11185.0], [4593.5, 9456.0], [4593.45, 10898.0], [4593.4, 24079.0], [4593.25, 11263.0], [4593.1, 20417.0], [4593.05, 11181.0], [4593.0, 82308.0], [4592.95, 65000.0]], "asks": [[4595.0, 29688.0], [4595.05, 191440.0], [4595.1, 42461.0], [4595.15, 111534.0], [4595.2, 10000.0], [4595.25, 16254.0], [4595.3, 20002.0], [4595.35, 20002.0], [4595.4, 10000.0], [4595.5, 9058.0], [4595.7, 4050.0], [4595.75, 13500.0], [4595.85, 8051.0], [4595.9, 17779.0], [4596.0, 31075.0], [4596.05, 24079.0], [4596.25, 54673.0], [4596.5, 30204.0], [4596.6, 70100.0], [4596.65, 9458.0]]}}}
{"jsonrpc": "2.0", "method": "subscription", "params": {"channel": "book.ETH-PERPETUAL.none.20.100ms", "data": {"timestamp": 1756238950438, "change_id": 83740028006, "instrument_name": "ETH-PERPETUAL", "bids": [[4594.95, 40000.0], [4594.4, 50000.0], [4594.25, 472.0], [4594.1, 8058.0], [4594.05, 21182.0], [4594.0, 62501.0], [4593.95, 258704.0], [4593.8, 10000.0], [4593.75, 41181.0], [4593.7, 13537.0], [4593.65, 5634.0], [4593.6, 160.0], [4593.55, 11185.0], [4593.5, 9456.0], [4593.45, 10898.0], [4593.4, 24079.0], [4593.25, 11263.0], [4593.2, 10000.0], [4593.1, 20417.0], [4593.05, 11181.0]], "asks": [[4595.0, 39751.0], [4595.05, 191440.0], [4595.1, 42461.0], [4595.15, 111534.0], [4595.2, 30002.0], [4595.25, 11003.0], [4595.35, 20002.0], [4595.4, 10000.0], [4595.5, 9058.0], [4595.7, 4050.0], [4595.75, 13500.0], [4595.85, 8051.0], [4595.9, 17779.0], [4596.0, 31075.0], [4596.05, 24079.0], [4596.25, 54673.0], [4596.5, 30204.0], [4596.6, 70100.0], [4596.65, 9458.0], [4596.75, 11268.0]]}}}
{"jsonrpc": "2.0", "method": "subscription", "params": {"channel": "book.ETH-PERPETUAL.none.20.100ms", "data": {"timestamp": 1756238950763, "change_id": 83740028673, "instrument_name": "ETH-PERPETUAL", "bids": [[4594.95, 40000.0], [4594.4, 50000.0], [4594.25, 472.0], [4594.1, 8058.0], [4594.05, 11182.0], [4594.0, 62501.0], [4593.95, 258704.0], [4593.75, 41181.0], [4593.7, 13537.0], [4593.65, 15634.0], [4593.6, 160.0], [4593.55, 11185.0], [4593.5, 9456.0], [4593.45, 10898.0], [4593.4, 24079.0], [4593.25, 11263.0], [4593.2, 10000.0], [4593.1, 20417.0], [4593.05, 11181.0], [4593.0, 82308.0]], "asks": [[4595.0, 55851.0], [4595.05, 191440.0], [4595.1, 42461.0], [4595.15, 131536.0], [4595.2, 30002.0], [4595.25, 5717.0], [4595.4, 10000.0], [4595.5, 9058.0], [4595.6, 4050.0], [4595.75, 21551.0], [4595.8, 18779.0], [4596.0, 31075.0], [4596.05, 24079.0], [4596.25, 54673.0], [4596.5, 30204.0], [4596.6, 70100.0], [4596.65, 9458.0], [4596.75, 11268.0], [4597.0, 26516.0], [4597.05, 70100.0]]}}}
{"jsonrpc": "2.0", "method": "subscription", "params": {"channel": "book.ETH-PERPETUAL.none.20.100ms", "data": {"timestamp": 1756238951098, "change_id": 83740029204, "instrument_name": "ETH-PERPETUAL", "bids": [[4594.95, 40000.0], [4594.4, 50000.0], [4594.25, 472.0], [4594.1, 8058.0], [4594.05, 11182.0], [4594.0, 62501.0], [4593.95, 258704.0], [4593.75, 41181.0], [4593.7, 13537.0], [4593.65, 5634.0], [4593.6, 160.0], [4593.55, 11185.0], [4593.5, 9456.0], [4593.45, 10898.0], [4593.4, 24079.0], [4593.25, 11263.0], [4593.2, 10000.0], [4593.1, 20417.0], [4593.05, 11181.0], [4593.0, 82308.0]], "asks": [[4595.0, 55851.0], [4595.05, 191440.0], [4595.1, 42461.0], [4595.15, 151538.0], [4595.2, 10000.0], [4595.25, 5717.0], [4595.4, 10000.0], [4595.5, 9058.0], [4595.6, 4050.0], [4595.75, 21551.0], [4595.8, 1000.0], [4595.95, 17779.0], [4596.0, 31075.0], [4596.05, 24079.0], [4596.25, 54673.0], [4596.5, 30204.0], [4596.6, 70100.0], [4596.65, 9458.0], [4596.75, 11268.0], [4597.0, 26516.0]]}}}
{"jsonrpc": "2.0", "method": "subscription", "params": {"channel": "book.ETH-PERPETUAL.none.20.100ms", "data": {"timestamp": 1756238951437, "change_id": 83740029496, "instrument_name": "ETH-PERPETUAL", "bids": [[4594.95, 40000.0], [4594.4, 50000.0], [4594.25, 472.0], [4594.1, 8058.0], [4594.05, 11182.0], [4594.0, 62501.0], [4593.95, 258704.0], [4593.75, 51181.0], [4593.7, 13537.0], [4593.65, 5634.0], [4593.6, 160.0], [4593.55, 11185.0], [4593.5, 9456.0], [4593.45, 10898.0], [4593.4, 24079.0], [4593.25, 11263.0], [4593.2, 10000.0], [4593.1, 20417.0], [4593.05, 11181.0], [4593.0, 82308.0]], "asks": [[4595.0, 39751.0], [4595.05, 191440.0], [4595.1, 42461.0], [4595.15, 111534.0], [4595.2, 50004.0], [4595.25, 5717.0], [4595.4, 10000.0], [4595.5, 9058.0], [4595.6, 4050.0], [4595.75, 21551.0], [4595.8, 1000.0], [4595.95, 17779.0], [4596.0, 31075.0], [4596.05, 24079.0], [4596.25, 54673.0], [4596.5, 30204.0], [4596.6, 70100.0], [4596.65, 9458.0], [4596.75, 11268.0], [4597.0, 26516.0]]}}}
{"jsonrpc": "2.0", "method": "subscription", "params": {"channel": "book.ETH-PERPETUAL.none.20.100ms", "data": {"timestamp": 1756238951778, "change_id": 83740030304, "instrument_name": "ETH-PERPETUAL", "bids": [[4594.95, 40000.0], [4594.4, 50000.0], [4594.25, 472.0], [4594.05, 93343.0], [4594.0, 47501.0], [4593.95, 181440.0], [4593.75, 11181.0], [4593.7, 13537.0], [4593.65, 5634.0], [4593.55, 11185.0], [4593.5, 9456.0], [4593.45, 10898.0], [4593.4, 24079.0], [4593.25, 11263.0], [4593.2, 10000.0], [4593.1, 20417.0], [4593.05, 11181.0], [4593.0, 82308.0], [4592.95, 65000.0], [4592.8, 30000.0]], "asks": [[4595.0, 78179.0], [4595.05, 191440.0], [4595.1, 42461.0], [4595.15, 131536.0], [4595.2, 10000.0], [4595.25, 5717.0], [4595.4, 10000.0], [4595.5, 9058.0], [4595.6, 8877.0], [4595.7, 17779.0], [4595.75, 13500.0], [4595.8, 1000.0], [4595.95, 2717.0], [4596.0, 31075.0], [4596.05, 24079.0], [4596.25, 54673.0], [4596.5, 30204.0], [4596.6, 70100.0], [4596.65, 9458.0], [4596.75, 11268.0]]}}}
{"jsonrpc": "2.0", "method": "subscription", "params": {"channel": "book.ETH-PERPETUAL.none.20.100ms", "data": {"timestamp": 1756238952099, "change_id": 83740030890, "instrument_name": "ETH-PERPETUAL", "bids": [[4594.95, 40000.0], [4594.4, 50000.0], [4594.25, 472.0], [4594.05, 93343.0], [4594.0, 47501.0], [4593.95, 181440.0], [4593.75, 11181.0], [4593.7, 13537.0], [4593.65, 5634.0], [4593.55, 11185.0], [4593.5, 9656.0], [4593.45, 18240.0], [4593.4, 54079.0], [4593.25, 11263.0], [4593.1, 20417.0], [4593.05, 11181.0], [4593.0, 82308.0], [4592.95, 65000.0], [4592.75, 12159.0], [4592.65, 3355.0]], "asks": [[4595.0, 59333.0], [4595.05, 191440.0], [4595.1, 62464.0], [4595.15, 111534.0], [4595.2, 10000.0], [4595.25, 11003.0], [4595.35, 20002.0], [4595.4, 10000.0], [4595.5, 9058.0], [4595.6, 4050.0], [4595.75, 13500.0], [4595.85, 8051.0], [4595.9, 17779.0], [4596.0, 31075.0], [4596.05, 24079.0], [4596.25, 54673.0], [4596.5, 30204.0], [4596.6, 70100.0], [4596.65, 9458.0], [4596.75, 11268.0]]}}}
{"jsonrpc": "2.0", "method": "subscription", "params": {"channel": "book.ETH-PERPETUAL.none.20.100ms", "data": {"timestamp": 1756238952436, "change_id": 83740031176, "instrument_name": "ETH-PERPETUAL", "bids": [[4594.95, 40000.0], [4594.4, 50000.0], [4594.25, 472.0], [4594.05, 93343.0], [4594.0, 47501.0], [4593.95, 181440.0], [4593.8, 200.0], [4593.75, 29745.0], [4593.7, 35606.0], [4593.65, 5634.0], [4593.55, 11185.0], [4593.5, 9456.0], [4593.45, 10898.0], [4593.4, 24079.0], [4593.25, 11263.0], [4593.1, 20417.0], [4593.05, 11181.0], [4593.0, 82308.0], [4592.95, 65000.0], [4592.75, 12159.0]], "asks": [[4595.0, 59333.0], [4595.05, 191440.0], [4595.1, 42461.0], [4595.15, 131536.0], [4595.2, 30002.0], [4595.25, 5717.0], [4595.4, 10000.0], [4595.5, 9058.0], [4595.6, 4050.0], [4595.75, 13500.0], [4595.85, 8051.0], [4595.9, 17779.0], [4596.0, 31075.0], [4596.05, 24079.0], [4596.25, 54673.0], [4596.5, 30204.0], [4596.6, 70100.0], [4596.65, 9458.0], [4596.75, 11268.0], [4597.0, 26516.0]]}}}
{"jsonrpc": "2.0", "method": "subscription", "params": {"channel": "book.ETH-PERPETUAL.none.20.100ms", "data": {"timestamp": 1756238952773, "change_id": 83740031887, "instrument_name": "ETH-PERPETUAL", "bids": [[4594.95, 40000.0], [4594.4, 50000.0], [4594.25, 472.0], [4594.05, 93343.0], [4594.0, 47501.0], [4593.95, 181440.0], [4593.9, 15000.0], [4593.8, 200.0], [4593.75, 29745.0], [4593.7, 35606.0], [4593.65, 5634.0], [4593.55, 11185.0], [4593.5, 9456.0], [4593.45, 10898.0], [4593.4, 24079.0], [4593.25, 11263.0], [4593.1, 20417.0], [4593.05, 11181.0], [4593.0, 82308.0], [4592.95, 65000.0]], "asks": [[4595.0, 72833.0], [4595.05, 191440.0], [4595.1, 62463.0], [4595.15, 111534.0], [4595.2, 30002.0], [4595.25, 5717.0], [4595.4, 10000.0], [4595.5, 9058.0], [4595.85, 8051.0], [4595.9, 17779.0], [4596.0, 31075.0], [4596.05, 24079.0], [4596.25, 54673.0], [4596.5, 30204.0], [4596.6, 70100.0], [4596.65, 9458.0], [4596.75, 11268.0], [4597.0, 26516.0], [4597.05, 70100.0], [4597.15, 20726.0]]}}}
{"jsonrpc": "2.0", "method": "subscription", "params": {"channel": "book.ETH-PERPETUAL.none.20.100ms", "data": {"timestamp": 1756238953096, "change_id": 83740032939, "instrument_name": "ETH-PERPETUAL", "bids": [[4594.95, 45007.0], [4594.45, 15142.0], [4594.4, 50000.0], [4594.35, 24079.0], [4594.3, 200.0], [4594.25, 472.0], [4594.2, 3358.0], [4594.05, 11182.0], [4594.0, 79416.0], [4593.95, 181440.0], [4593.9, 91855.0], [4593.75, 29745.0], [4593.7, 35606.0], [4593.65, 5634.0], [4593.55, 11185.0], [4593.5, 9456.0], [4593.25, 11263.0], [4593.1, 20417.0], [4593.05, 11181.0], [4593.0, 82308.0]], "asks": [[4595.0, 32960.0], [4595.05, 10000.0], [4595.1, 111229.0], [4595.2, 10000.0], [4595.3, 57053.0], [4595.4, 10000.0], [4595.45, 20002.0], [4595.5, 181440.0], [4595.75, 8719.0], [4595.8, 20004.0], [4596.0, 17350.0], [4596.2, 17779.0], [4596.25, 12388.0], [4596.5, 9951.0], [4596.65, 9458.0], [4596.75, 11268.0], [4596.95, 7224.0], [4597.0, 50595.0], [4597.05, 70100.0], [4597.15, 20726.0]]}}}
{"jsonrpc": "2.0", "method": "subscription", "params": {"channel": "book.ETH-PERPETUAL.none.20.100ms", "data": {"timestamp": 1756238953435, "change_id": 83740033690, "instrument_name": "ETH-PERPETUAL", "bids": [[4594.95, 45207.0], [4594.5, 57889.0], [4594.45, 118212.0], [4594.4, 50000.0], [4594.35, 39079.0], [4594.3, 30000.0], [4594.25, 472.0], [4594.2, 3358.0], [4594.05, 11182.0], [4594.0, 57796.0], [4593.95, 181440.0], [4593.75, 11181.0], [4593.7, 5606.0], [4593.65, 15634.0], [4593.55, 11185.0], [4593.5, 9456.0], [4593.25, 11263.0], [4593.1, 20417.0], [4593.05, 11181.0], [4593.0, 82308.0]], "asks": [[4595.0, 31012.0], [4595.05, 10000.0], [4595.2, 10000.0], [4595.3, 83669.0], [4595.35, 111229.0], [4595.5, 181440.0], [4595.55, 3000.0], [4595.7, 10000.0], [4595.85, 6001.0], [4595.95, 20002.0], [4596.0, 13431.0], [4596.05, 20003.0], [4596.15, 13500.0], [4596.25, 12388.0], [4596.45, 17779.0], [4596.5, 3733.0], [4596.65, 9458.0], [4596.75, 11268.0], [4597.0, 50595.0], [4597.05, 70100.0]]}}}
{"jsonrpc": "2.0", "method": "subscription", "params": {"channel": "book.ETH-PERPETUAL.none.20.100ms", "data": {"timestamp": 1756238953758, "change_id": 83740034330, "instrument_name": "ETH-PERPETUAL", "bids": [[4594.95, 61307.0], [4594.6, 9660.0], [4594.55, 16100.0], [4594.5, 73989.0], [4594.45, 118212.0], [4594.4, 50000.0], [4594.35, 39079.0], [4594.3, 30000.0], [4594.25, 472.0], [4594.2, 3358.0], [4594.05, 11182.0], [4594.0, 57796.0], [4593.95, 181440.0], [4593.75, 11181.0], [4593.7, 5606.0], [4593.65, 15634.0], [4593.55, 11185.0], [4593.5, 10442.0], [4593.25, 11263.0], [4593.1, 20417.0]], "asks": [[4595.0, 31012.0], [4595.05, 10000.0], [4595.2, 10000.0], [4595.3, 83669.0], [4595.35, 111229.0], [4595.45, 13500.0], [4595.5, 181440.0], [4595.55, 3000.0], [4595.7, 10000.0], [4595.75, 6001.0], [4595.85, 20002.0], [4596.1, 9381.0], [4596.15, 20002.0], [4596.25, 12388.0], [4596.45, 17779.0], [4596.5, 3733.0], [4596.65, 9458.0], [4596.75, 11268.0], [4597.0, 50595.0], [4597.05, 70100.0]]}}}
{"jsonrpc": "2.0", "method": "subscription", "params": {"channel": "book.ETH-PERPETUAL.none.20.100ms", "data": {"timestamp": 1756238954097, "change_id": 83740035825, "instrument_name": "ETH-PERPETUAL", "bids": [[4595.85, 63502.0], [4595.2, 12818.0], [4595.1, 95.0], [4595.05, 17301.0], [4595.0, 25276.0], [4594.95, 16100.0], [4594.9, 70532.0], [4594.85, 181440.0], [4594.6, 20974.0], [4594.55, 27385.0], [4594.5, 73989.0], [4594.45, 118212.0], [4594.4, 50000.0], [4594.35, 15000.0], [4594.3, 30000.0], [4594.25, 472.0], [4594.2, 3358.0], [4594.05, 11182.0], [4594.0, 3364.0], [4593.75, 11181.0]], "asks": [[4595.9, 33563.0], [4596.1, 54432.0], [4596.15, 181440.0], [4596.3, 100.0], [4596.4, 20002.0], [4596.5, 2.0], [4596.55, 8714.0], [4596.6, 20003.0], [4596.75, 11268.0], [4596.9, 12558.0], [4596.95, 17779.0], [4597.0, 24080.0], [4597.15, 20726.0], [4597.25, 938.0], [4597.45, 24411.0], [4597.5, 81369.0], [4597.55, 3728.0], [4597.75, 27796.0], [4597.8, 9568.0], [4597.95, 74993.0]]}}}
{"jsonrpc": "2.0", "method": "subscription", "params": {"channel": "book.ETH-PERPETUAL.none.20.100ms", "data": {"timestamp": 1756238954427, "change_id": 83740037252, "instrument_name": "ETH-PERPETUAL", "bids": [[4595.85, 63502.0], [4595.3, 10000.0], [4595.2, 24079.0], [4595.1, 46250.0], [4595.05, 17301.0], [4595.0, 136548.0], [4594.95, 16100.0], [4594.9, 70532.0], [4594.85, 181440.0], [4594.75, 15000.0], [4594.6, 50974.0], [4594.55, 27385.0], [4594.5, 16100.0], [4594.45, 9058.0], [4594.4, 50000.0], [4594.25, 472.0], [4594.2, 3358.0], [4594.05, 11182.0], [4594.0, 53364.0], [4593.75, 11181.0]], "asks": [[4595.9, 171183.0], [4596.1, 54432.0], [4596.15, 181440.0], [4596.25, 26003.0], [4596.45, 20002.0], [4596.5, 3382.0], [4596.75, 11268.0], [4596.8, 4050.0], [4596.85, 17779.0], [4597.0, 1.0], [4597.15, 20726.0], [4597.25, 20.0], [4597.5, 11269.0], [4597.55, 3728.0], [4597.7, 24079.0], [4597.75, 7731.0], [4597.8, 9568.0], [4597.95, 74993.0], [4598.0, 11268.0], [4598.2, 918.0]]}}}
{"jsonrpc": "2.0", "method": "subscription", "params": {"channel": "book.ETH-PERPETUAL.none.20.100ms", "data": {"timestamp": 1756238954751, "change_id": 83740038125, "instrument_name": "ETH-PERPETUAL", "bids": [[4595.85, 63502.0], [4595.2, 24079.0], [4595.1, 56250.0], [4595.05, 17301.0], [4595.0, 136548.0], [4594.95, 16100.0], [4594.9, 70532.0], [4594.85, 181440.0], [4594.75, 15000.0], [4594.6, 41314.0], [4594.55, 11285.0], [4594.5, 10000.0], [4594.45, 9058.0], [4594.4, 50000.0], [4594.25, 472.0], [4594.2, 3358.0], [4594.05, 11182.0], [4594.0, 53364.0], [4593.75, 11181.0], [4593.55, 12323.0]], "asks": [[4595.9, 171332.0], [4596.05, 26100.0], [4596.1, 54432.0], [4596.15, 181440.0], [4596.2, 20002.0], [4596.25, 6001.0], [4596.35, 20002.0], [4596.4, 9058.0], [4596.5, 8294.0], [4596.7, 17779.0], [4596.75, 11268.0], [4597.0, 1001.0], [4597.15, 20726.0], [4597.25, 20.0], [4597.5, 11269.0], [4597.55, 3728.0], [4597.7, 24079.0], [4597.75, 7731.0], [4597.8, 9568.0], [4597.95, 74993.0]]}}}
{"jsonrpc": "2.0", "method": "subscription", "params": {"channel": "book.ETH-PERPETUAL.none.20.100ms", "data": {"timestamp": 1756238955089, "change_id": 83740038899, "instrument_name": "ETH-PERPETUAL", "bids": [[4595.85, 40000.0], [4595.2, 24079.0], [4595.1, 46250.0], [4595.05, 17301.0], [4595.0, 136548.0], [4594.95, 16100.0], [4594.9, 70532.0], [4594.85, 181440.0], [4594.75, 15000.0], [4594.65, 18780.0], [4594.6, 41314.0], [4594.55, 11285.0], [4594.5, 10000.0], [4594.45, 9058.0], [4594.4, 50000.0], [4594.25, 472.0], [4594.2, 3358.0], [4594.05, 11182.0], [4594.0, 53364.0], [4593.75, 11181.0]], "asks": [[4595.9, 171417.0], [4596.05, 10000.0], [4596.1, 54432.0], [4596.15, 181440.0], [4596.25, 11719.0], [4596.3, 30002.0], [4596.4, 9058.0], [4596.45, 20003.0], [4596.5, 3382.0], [4596.75, 11268.0], [4597.0, 1.0], [4597.1, 17779.0], [4597.15, 20726.0], [4597.25, 20.0], [4597.5, 11269.0], [4597.55, 3728.0], [4597.7, 24079.0], [4597.75, 27796.0], [4597.8, 9568.0], [4597.95, 74993.0]]}}}
{"jsonrpc": "2.0", "method": "subscription", "params": {"channel": "book.ETH-PERPETUAL.none.20.100ms", "data": {"timestamp": 1756238955405, "change_id": 83740039244, "instrument_name": "ETH-PERPETUAL", "bids": [[4595.85, 40000.0], [4595.2, 24079.0], [4595.1, 46250.0], [4595.05, 17301.0], [4595.0, 136548.0], [4594.95, 16100.0], [4594.9, 70532.0], [4594.85, 181440.0], [4594.75, 25000.0], [4594.65, 18780.0], [4594.6, 41314.0], [4594.55, 11285.0], [4594.45, 9058.0], [4594.4, 50000.0], [4594.25, 472.0], [4594.2, 3358.0], [4594.05, 11182.0], [4594.0, 53364.0], [4593.75, 11181.0], [4593.55, 12323.0]], "asks": [[4595.9, 172540.0], [4596.05, 10000.0], [4596.1, 54432.0], [4596.15, 181440.0], [4596.25, 25720.0], [4596.3, 10000.0], [4596.4, 9058.0], [4596.5, 8961.0], [4596.7, 20002.0], [4596.75, 11268.0], [4597.0, 1.0], [4597.1, 17779.0], [4597.15, 20726.0], [4597.25, 20.0], [4597.5, 11269.0], [4597.55, 3728.0], [4597.7, 24079.0], [4597.75, 27796.0], [4597.8, 9568.0], [4597.95, 74993.0]]}}}
{"jsonrpc": "2.0", "method": "subscription", "params": {"channel": "book.ETH-PERPETUAL.none.20.100ms", "data": {"timestamp": 1756238955726, "change_id": 83740039849, "instrument_name": "ETH-PERPETUAL", "bids": [[4595.85, 40000.0], [4595.2, 24079.0], [4595.1, 46250.0], [4595.05, 17301.0], [4595.0, 120530.0], [4594.95, 16100.0], [4594.9, 70532.0], [4594.85, 181440.0], [4594.75, 15000.0], [4594.65, 18780.0], [4594.6, 41314.0], [4594.55, 11285.0], [4594.45, 19058.0], [4594.4, 50000.0], [4594.25, 472.0], [4594.2, 3358.0], [4594.05, 11182.0], [4594.0, 53364.0], [4593.75, 11181.0], [4593.55, 12323.0]], "asks": [[4595.9, 189115.0], [4596.05, 26100.0], [4596.1, 54432.0], [4596.15, 181440.0], [4596.25, 20002.0], [4596.3, 18379.0], [4596.4, 9058.0], [4596.45, 20002.0], [4596.5, 8294.0], [4596.7, 17779.0], [4596.75, 11268.0], [4597.0, 1.0], [4597.15, 20726.0], [4597.25, 20.0], [4597.5, 11269.0], [4597.55, 3728.0], [4597.7, 24079.0], [4597.75, 27796.0], [4597.8, 9568.0], [4597.95, 74993.0]]}}}
{"jsonrpc": "2.0", "method": "subscription", "params": {"channel": "book.ETH-PERPETUAL.none.20.100ms", "data": {"timestamp": 1756238956067, "change_id": 83740040513, "instrument_name": "ETH-PERPETUAL", "bids": [[4595.85, 40000.0], [4595.1, 46250.0], [4595.05, 17301.0], [4595.0, 111472.0], [4594.95, 16100.0], [4594.9, 70532.0], [4594.85, 181440.0], [4594.7, 10000.0], [4594.65, 24079.0], [4594.6, 11314.0], [4594.55, 11285.0], [4594.45, 9058.0], [4594.4, 50000.0], [4594.35, 15000.0], [4594.25, 27830.0], [4594.2, 30000.0], [4594.05, 11182.0], [4594.0, 53364.0], [4593.75, 11181.0], [4593.55, 12323.0]], "asks": [[4595.9, 189115.0], [4596.05, 26100.0], [4596.1, 74434.0], [4596.15, 181440.0], [4596.3, 18379.0], [4596.35, 20002.0], [4596.4, 9058.0], [4596.5, 8294.0], [4596.7, 17779.0], [4596.75, 11268.0], [4597.0, 1.0], [4597.15, 44805.0], [4597.25, 20.0], [4597.5, 11269.0], [4597.55, 3728.0], [4597.75, 27796.0], [4597.8, 9568.0], [4597.95, 74993.0], [4598.0, 11268.0], [4598.1, 1242.0]]}}}
{"jsonrpc": "2.0", "method": "subscription", "params": {"channel": "book.ETH-PERPETUAL.none.20.100ms", "data": {"timestamp": 1756238956399, "change_id": 83740040795, "instrument_name": "ETH-PERPETUAL", "bids": [[4595.85, 40000.0], [4595.1, 46250.0], [4595.05, 17301.0], [4595.0, 111472.0], [4594.95, 16100.0], [4594.9, 70532.0], [4594.85, 181440.0], [4594.7, 15000.0], [4594.65, 24079.0], [4594.6, 11314.0], [4594.55, 11285.0], [4594.5, 30000.0], [4594.45, 9058.0], [4594.4, 60000.0], [4594.25, 472.0], [4594.05, 11182.0], [4594.0, 53364.0], [4593.75, 11181.0], [4593.55, 12323.0], [4593.5, 10442.0]], "asks": [[4595.9, 172782.0], [4596.05, 26100.0], [4596.1, 54432.0], [4596.15, 181440.0], [4596.25, 20002.0], [4596.3, 18379.0], [4596.35, 20002.0], [4596.4, 9058.0], [4596.5, 3382.0], [4596.75, 11268.0], [4597.0, 1.0], [4597.1, 17779.0], [4597.15, 44805.0], [4597.25, 20.0], [4597.5, 11269.0], [4597.55, 3728.0], [4597.75, 27796.0], [4597.8, 9568.0], [4597.95, 74993.0], [4598.0, 11268.0]]}}}
{"jsonrpc": "2.0", "method": "subscription", "params": {"channel": "book.ETH-PERPETUAL.none.20.100ms", "data": {"timestamp": 1756238956708, "change_id": 83740041350, "instrument_name": "ETH-PERPETUAL", "bids": [[4595.85, 51400.0], [4595.1, 46250.0], [4595.05, 17301.0], [4595.0, 111472.0], [4594.95, 16100.0], [4594.9, 70532.0], [4594.85, 181440.0], [4594.7, 15000.0], [4594.65, 24079.0], [4594.6, 11314.0], [4594.55, 11285.0], [4594.5, 30000.0], [4594.45, 9058.0], [4594.4, 60000.0], [4594.25, 472.0], [4594.05, 11182.0], [4594.0, 53364.0], [4593.75, 11181.0], [4593.55, 12323.0], [4593.5, 10442.0]], "asks": [[4595.9, 177781.0], [4596.0, 16100.0], [4596.05, 26100.0], [4596.1, 54432.0], [4596.15, 181440.0], [4596.25, 20002.0], [4596.3, 18379.0], [4596.35, 20002.0], [4596.4, 9058.0], [4596.5, 8294.0], [4596.7, 17779.0], [4596.75, 11268.0], [4597.0, 1.0], [4597.15, 44805.0], [4597.25, 20.0], [4597.5, 11269.0], [4597.55, 3728.0], [4597.75, 27796.0], [4597.8, 9568.0], [4597.95, 74993.0]]}}}
{"jsonrpc": "2.0", "method": "subscription", "params": {"channel": "book.ETH-PERPETUAL.none.20.100ms", "data": {"timestamp": 1756238957028, "change_id": 83740041886, "instrument_name": "ETH-PERPETUAL", "bids": [[4595.85, 40000.0], [4595.1, 46250.0], [4595.05, 17301.0], [4595.0, 111472.0], [4594.95, 16100.0], [4594.9, 70532.0], [4594.85, 181440.0], [4594.8, 30000.0], [4594.7, 15000.0], [4594.65, 24079.0], [4594.6, 11314.0], [4594.55, 11285.0], [4594.45, 27200.0], [4594.4, 60000.0], [4594.25, 472.0], [4594.05, 11182.0], [4594.0, 53364.0], [4593.75, 11181.0], [4593.55, 12323.0], [4593.5, 10442.0]], "asks": [[4595.9, 177775.0], [4596.0, 16100.0], [4596.05, 26100.0], [4596.1, 54432.0], [4596.15, 181440.0], [4596.25, 20002.0], [4596.3, 18379.0], [4596.35, 20002.0], [4596.4, 9058.0], [4596.5, 8294.0], [4596.7, 17779.0], [4596.75, 11268.0], [4597.0, 1.0], [4597.1, 13448.0], [4597.15, 44805.0], [4597.25, 20.0], [4597.5, 11269.0], [4597.55, 3728.0], [4597.75, 27796.0], [4597.8, 9568.0]]}}}
{"jsonrpc": "2.0", "method": "subscription", "params": {"channel": "book.ETH-PERPETUAL.none.20.100ms", "data": {"timestamp": 1756238957385, "change_id": 83740042185, "instrument_name": "ETH-PERPETUAL", "bids": [[4595.85, 40000.0], [4595.1, 46250.0], [4595.05, 17301.0], [4595.0, 121472.0], [4594.95, 16100.0], [4594.9, 70532.0], [4594.85, 191440.0], [4594.8, 30000.0], [4594.7, 15000.0], [4594.65, 24079.0], [4594.6, 11314.0], [4594.55, 11285.0], [4594.45, 27200.0], [4594.4, 60000.0], [4594.25, 472.0], [4594.05, 11182.0], [4594.0, 53364.0], [4593.75, 11181.0], [4593.55, 12323.0], [4593.5, 10442.0]], "asks": [[4595.9, 177807.0], [4596.0, 16100.0], [4596.05, 26100.0], [4596.1, 54432.0], [4596.15, 181440.0], [4596.25, 20002.0], [4596.3, 18379.0], [4596.35, 20002.0], [4596.4, 9058.0], [4596.5, 8294.0], [4596.7, 17779.0], [4596.75, 11268.0], [4597.0, 1.0], [4597.1, 13448.0], [4597.15, 44805.0], [4597.25, 20.0], [4597.5, 11269.0], [4597.55, 3728.0], [4597.75, 27796.0], [4597.8, 9568.0]]}}}
{"jsonrpc": "2.0", "method": "subscription", "params": {"channel": "book.ETH-PERPETUAL.none.20.100ms", "data": {"timestamp": 1756238957731, "change_id": 83740042738, "instrument_name": "ETH-PERPETUAL", "bids": [[4595.85, 40000.0], [4595.15, 10000.0], [4595.1, 46250.0], [4595.05, 17301.0], [4595.0, 111472.0], [4594.95, 16100.0], [4594.9, 70532.0], [4594.85, 181440.0], [4594.8, 30000.0], [4594.7, 15000.0], [4594.65, 24079.0], [4594.6, 11314.0], [4594.55, 11285.0], [4594.45, 27200.0], [4594.4, 60000.0], [4594.25, 472.0], [4594.05, 11182.0], [4594.0, 53364.0], [4593.75, 11181.0], [4593.55, 12323.0]], "asks": [[4595.9, 193902.0], [4596.0, 16100.0], [4596.05, 26100.0], [4596.1, 54432.0], [4596.15, 181440.0], [4596.25, 20002.0], [4596.3, 18379.0], [4596.4, 9058.0], [4596.45, 20003.0], [4596.5, 8294.0], [4596.7, 17779.0], [4596.75, 11268.0], [4597.0, 1.0], [4597.1, 13448.0], [4597.15, 44805.0], [4597.25, 20.0], [4597.5, 11269.0], [4597.55, 3728.0], [4597.75, 27796.0], [4597.8, 9568.0]]}}}
{"jsonrpc": "2.0", "method": "subscription", "params": {"channel": "book.ETH-PERPETUAL.none.20.100ms", "data": {"timestamp": 1756238958033, "change_id": 83740043283, "instrument_name": "ETH-PERPETUAL", "bids": [[4595.85, 40000.0], [4595.1, 46250.0], [4595.05, 17301.0], [4595.0, 111472.0], [4594.95, 16100.0], [4594.9, 70532.0], [4594.85, 181440.0], [4594.8, 30000.0], [4594.7, 15000.0], [4594.65, 24079.0], [4594.6, 11314.0], [4594.55, 11285.0], [4594.45, 27200.0], [4594.4, 60000.0], [4594.25, 472.0], [4594.05, 26185.0], [4594.0, 53364.0], [4593.75, 11181.0], [4593.55, 12323.0], [4593.5, 10442.0]], "asks": [[4595.9, 193901.0], [4596.0, 16100.0], [4596.05, 26100.0], [4596.1, 54432.0], [4596.15, 181440.0], [4596.25, 31006.0], [4596.3, 10000.0], [4596.4, 9058.0], [4596.45, 20002.0], [4596.5, 3382.0], [4596.75, 11268.0], [4597.0, 1.0], [4597.05, 17779.0], [4597.1, 13448.0], [4597.15, 44805.0], [4597.25, 20.0], [4597.45, 3381.0], [4597.5, 11269.0], [4597.55, 3728.0], [4597.75, 27796.0]]}}}
{"jsonrpc": "2.0", "method": "subscription", "params": {"channel": "book.ETH-PERPETUAL.none.20.100ms", "data": {"timestamp": 1756238958390, "change_id": 83740043665, "instrument_name": "ETH-PERPETUAL", "bids": [[4595.85, 40000.0], [4595.1, 95.0], [4595.05, 17301.0], [4595.0, 111272.0], [4594.85, 181440.0], [4594.65, 24079.0], [4594.6, 11314.0], [4594.55, 11285.0], [4594.45, 9058.0], [4594.4, 60000.0], [4594.25, 472.0], [4594.05, 26185.0], [4594.0, 53364.0], [4593.75, 11181.0], [4593.7, 200.0], [4593.6, 6830.0], [4593.55, 12323.0], [4593.5, 10442.0], [4593.45, 1228.0], [4593.25, 11263.0]], "asks": [[4595.9, 177798.0], [4596.0, 16100.0], [4596.05, 46102.0], [4596.1, 54432.0], [4596.15, 181440.0], [4596.25, 11004.0], [4596.3, 10000.0], [4596.4, 9058.0], [4596.45, 20002.0], [4596.5, 8294.0], [4596.7, 17779.0], [4596.75, 11268.0], [4597.0, 1.0], [4597.1, 13448.0], [4597.15, 44805.0], [4597.25, 20.0], [4597.45, 3381.0], [4597.5, 11269.0], [4597.55, 3728.0], [4597.75, 27796.0]]}}}
{"jsonrpc": "2.0", "method": "subscription", "params": {"channel": "book.ETH-PERPETUAL.none.20.100ms", "data": {"timestamp": 1756238958719, "change_id": 83740045790, "instrument_name": "ETH-PERPETUAL", "bids": [[4594.4, 62853.0], [4594.25, 472.0], [4594.05, 16100.0], [4594.0, 10.0], [4593.85, 181440.0], [4593.75, 11181.0], [4593.65, 49931.0], [4593.6, 111199.0], [4593.55, 11185.0], [4593.5, 60442.0], [4593.4, 200.0], [4593.3, 11720.0], [4593.25, 41008.0], [4593.1, 11828.0], [4593.05, 11181.0], [4593.0, 32308.0], [4592.95, 65000.0], [4592.75, 11173.0], [4592.65, 3355.0], [4592.55, 15000.0]], "asks": [[4594.45, 48456.0], [4594.65, 38190.0], [4594.7, 111199.0], [4594.75, 26100.0], [4594.8, 6659.0], [4594.85, 12200.0], [4594.9, 9997.0], [4595.2, 11251.0], [4595.25, 40004.0], [4595.3, 56875.0], [4595.35, 181440.0], [4595.45, 9305.0], [4595.7, 17779.0], [4595.75, 11333.0], [4595.9, 2815.0], [4596.15, 11333.0], [4596.25, 3730.0], [4596.4, 9058.0], [4596.5, 3382.0], [4596.75, 11268.0]]}}}
{"jsonrpc": "2.0", "method": "subscription", "params": {"channel": "book.ETH-PERPETUAL.none.20.100ms", "data": {"timestamp": 1756238959047, "change_id": 83740046740, "instrument_name": "ETH-PERPETUAL", "bids": [[4594.4, 64054.0], [4594.25, 472.0], [4594.05, 16100.0], [4594.0, 10.0], [4593.9, 46476.0], [4593.85, 181440.0], [4593.75, 11181.0], [4593.7, 200.0], [4593.65, 49931.0], [4593.6, 111199.0], [4593.55, 11185.0], [4593.5, 59456.0], [4593.4, 15000.0], [4593.35, 24302.0], [4593.3, 40000.0], [4593.25, 41008.0], [4593.1, 11828.0], [4593.05, 11181.0], [4593.0, 32308.0], [4592.95, 65000.0]], "asks": [[4594.45, 48453.0], [4594.5, 10000.0], [4594.65, 38190.0], [4594.7, 111199.0], [4594.75, 10000.0], [4594.8, 3660.0], [4594.85, 12200.0], [4595.05, 15001.0], [4595.1, 20002.0], [4595.2, 20002.0], [4595.25, 10000.0], [4595.3, 56875.0], [4595.35, 181440.0], [4595.45, 9305.0], [4595.7, 17779.0], [4595.75, 11333.0], [4595.9, 258.0], [4596.15, 11333.0], [4596.25, 8623.0], [4596.3, 15404.0]]}}}
{"jsonrpc": "2.0", "method": "subscription", "params": {"channel": "book.ETH-PERPETUAL.none.20.100ms", "data": {"timestamp": 1756238959340, "change_id": 83740046976, "instrument_name": "ETH-PERPETUAL", "bids": [[4594.4, 64054.0], [4594.25, 472.0], [4594.05, 16100.0], [4594.0, 10.0], [4593.9, 56476.0], [4593.85, 181440.0], [4593.75, 26181.0], [4593.7, 200.0], [4593.65, 49931.0], [4593.6, 111199.0], [4593.55, 11185.0], [4593.5, 59456.0], [4593.35, 24302.0], [4593.3, 40000.0], [4593.25, 41008.0], [4593.1, 11828.0], [4593.05, 11181.0], [4593.0, 32308.0], [4592.95, 65000.0], [4592.75, 11173.0]], "asks": [[4594.45, 48453.0], [4594.5, 10000.0], [4594.65, 48190.0], [4594.7, 111199.0], [4594.8, 9203.0], [4594.85, 12200.0], [4595.0, 20002.0], [4595.05, 9001.0], [4595.2, 20002.0], [4595.25, 10000.0], [4595.3, 56875.0], [4595.35, 181440.0], [4595.45, 9305.0], [4595.7, 17779.0], [4595.75, 11333.0], [4595.9, 32.0], [4596.15, 11333.0], [4596.25, 8623.0], [4596.3, 15404.0], [4596.35, 42286.0]]}}}
{"jsonrpc": "2.0", "method": "subscription", "params": {"channel": "book.ETH-PERPETUAL.none.20.100ms", "data": {"timestamp": 1756238959717, "change_id": 83740047763, "instrument_name": "ETH-PERPETUAL", "bids": [[4594.4, 64054.0], [4594.25, 472.0], [4594.05, 16100.0], [4594.0, 10.0], [4593.95, 16300.0], [4593.9, 46476.0], [4593.85, 181440.0], [4593.75, 26181.0], [4593.65, 49931.0], [4593.6, 141199.0], [4593.55, 21185.0], [4593.5, 9456.0], [4593.35, 12302.0], [4593.25, 41008.0], [4593.1, 26054.0], [4593.05, 11181.0], [4593.0, 82308.0], [4592.95, 65000.0], [4592.75, 11173.0], [4592.65, 3355.0]], "asks": [[4594.45, 48453.0], [4594.5, 10000.0], [4594.65, 38190.0], [4594.7, 111199.0], [4594.8, 8543.0], [4594.95, 10000.0], [4595.0, 20002.0], [4595.05, 4875.0], [4595.25, 20002.0], [4595.3, 56875.0], [4595.35, 181440.0], [4595.45, 9305.0], [4595.7, 17779.0], [4595.75, 11333.0], [4595.9, 32.0], [4596.15, 11333.0], [4596.25, 8623.0], [4596.3, 15404.0], [4596.35, 42286.0], [4596.4, 9058.0]]}}}
{"jsonrpc": "2.0", "method": "subscription", "params": {"channel": "book.ETH-PERPETUAL.none.20.100ms", "data": {"timestamp": 1756238960047, "change_id": 83740048615, "instrument_name": "ETH-PERPETUAL", "bids": [[4594.4, 64054.0], [4594.25, 472.0], [4594.05, 16100.0], [4594.0, 10.0], [4593.95, 16300.0], [4593.9, 46476.0], [4593.85, 181440.0], [4593.75, 26181.0], [4593.65, 18192.0], [4593.6, 30000.0], [4593.55, 11185.0], [4593.5, 9456.0], [4593.35, 12302.0], [4593.3, 10000.0], [4593.25, 41008.0], [4593.1, 26054.0], [4593.05, 11181.0], [4593.0, 82308.0], [4592.95, 65000.0], [4592.75, 11173.0]], "asks": [[4594.45, 118108.0], [4594.5, 10000.0], [4594.6, 10000.0], [4594.65, 38190.0], [4594.7, 111199.0], [4594.8, 7043.0], [4594.85, 15000.0], [4594.95, 10000.0], [4595.1, 11251.0], [4595.15, 20002.0], [4595.3, 56875.0], [4595.35, 181440.0], [4595.45, 9305.0], [4595.65, 8734.0], [4595.7, 17779.0], [4595.75, 11333.0], [4595.9, 32.0], [4596.15, 11333.0], [4596.25, 8623.0], [4596.3, 15404.0]]}}}
{"jsonrpc": "2.0", "method": "subscription", "params": {"channel": "book.ETH-PERPETUAL.none.20.100ms", "data": {"timestamp": 1756238960378, "change_id": 83740048995, "instrument_name": "ETH-PERPETUAL", "bids": [[4594.4, 47954.0], [4594.25, 472.0], [4594.05, 16100.0], [4594.0, 10.0], [4593.95, 16300.0], [4593.9, 46476.0], [4593.85, 181440.0], [4593.8, 111155.0], [4593.75, 26181.0], [4593.7, 10000.0], [4593.55, 11185.0], [4593.5, 9456.0], [4593.35, 12302.0], [4593.3, 10000.0], [4593.25, 72890.0], [4593.2, 30000.0], [4593.1, 5637.0], [4593.05, 11181.0], [4593.0, 82308.0], [4592.95, 65000.0]], "asks": [[4594.45, 132523.0], [4594.5, 10000.0], [4594.6, 10000.0], [4594.65, 38190.0], [4594.7, 111199.0], [4594.8, 3660.0], [4594.9, 20002.0], [4594.95, 10000.0], [4595.2, 6001.0], [4595.25, 20002.0], [4595.3, 56875.0], [4595.35, 181440.0], [4595.45, 9305.0], [4595.7, 17779.0], [4595.75, 11333.0], [4595.9, 32.0], [4596.15, 11333.0], [4596.25, 8623.0], [4596.3, 15404.0], [4596.35, 42286.0]]}}}
{"jsonrpc": "2.0", "method": "subscription", "params": {"channel": "book.ETH-PERPETUAL.none.20.100ms", "data": {"timestamp": 1756238960693, "change_id": 83740049529, "instrument_name": "ETH-PERPETUAL", "bids": [[4594.4, 64054.0], [4594.25, 472.0], [4594.05, 26100.0], [4594.0, 16110.0], [4593.95, 16300.0], [4593.9, 46476.0], [4593.85, 181440.0], [4593.8, 111155.0], [4593.75, 26181.0], [4593.55, 11185.0], [4593.5, 9456.0], [4593.35, 12302.0], [4593.3, 10000.0], [4593.25, 72890.0], [4593.2, 30000.0], [4593.1, 5637.0], [4593.05, 11181.0], [4593.0, 82308.0], [4592.95, 65000.0], [4592.75, 11173.0]], "asks": [[4594.45, 132523.0], [4594.5, 10000.0], [4594.6, 26100.0], [4594.65, 38190.0], [4594.7, 111199.0], [4594.8, 3660.0], [4594.9, 20002.0], [4594.95, 10000.0], [4595.1, 6001.0], [4595.25, 20002.0], [4595.3, 56875.0], [4595.35, 181440.0], [4595.45, 9305.0], [4595.7, 17779.0], [4595.75, 11333.0], [4595.9, 32.0], [4596.15, 11333.0], [4596.25, 8623.0], [4596.3, 15404.0], [4596.35, 42286.0]]}}}
{"jsonrpc": "2.0", "method": "subscription", "params": {"channel": "book.ETH-PERPETUAL.none.20.100ms", "data": {"timestamp": 1756238961023, "change_id": 83740050768, "instrument_name": "ETH-PERPETUAL", "bids": [[4594.4, 46753.0], [4594.25, 472.0], [4594.0, 10.0], [4593.55, 11185.0], [4593.45, 102244.0], [4593.4, 181440.0], [4593.3, 200.0], [4593.25, 63890.0], [4593.1, 5637.0], [4593.05, 11181.0], [4593.0, 82308.0], [4592.95, 80000.0], [4592.85, 30000.0], [4592.75, 11173.0], [4592.65, 3355.0], [4592.6, 986.0], [4592.5, 11182.0], [4592.45, 2719.0], [4592.35, 120.0], [4592.3, 9062.0]], "asks": [[4594.45, 243678.0], [4594.5, 10000.0], [4594.6, 26100.0], [4594.7, 54432.0], [4594.75, 199233.0], [4594.8, 20002.0], [4594.9, 20002.0], [4594.95, 19305.0], [4595.25, 8125.0], [4595.3, 17779.0], [4595.45, 9305.0], [4595.75, 11333.0], [4595.9, 32.0], [4596.15, 11333.0], [4596.25, 8623.0], [4596.3, 15404.0], [4596.35, 42286.0], [4596.4, 9058.0], [4596.5, 3382.0], [4596.6, 70100.0]]}}}
{"jsonrpc": "2.0", "method": "subscription", "params": {"channel": "book.ETH-PERPETUAL.none.20.100ms", "data": {"timestamp": 1756238961337, "change_id": 83740051074, "instrument_name": "ETH-PERPETUAL", "bids": [[4594.4, 46753.0], [4594.25, 472.0], [4594.0, 10.0], [4593.65, 3416.0], [4593.55, 11385.0], [4593.45, 102244.0], [4593.4, 181440.0], [4593.3, 15000.0], [4593.25, 63890.0], [4593.15, 30000.0], [4593.1, 5637.0], [4593.05, 11181.0], [4593.0, 82308.0], [4592.95, 65000.0], [4592.75, 11173.0], [4592.65, 3355.0], [4592.6, 986.0], [4592.5, 11182.0], [4592.45, 2719.0], [4592.35, 120.0]], "asks": [[4594.45, 254195.0], [4594.5, 10000.0], [4594.6, 10000.0], [4594.7, 54432.0], [4594.75, 197759.0], [4594.9, 40004.0], [4594.95, 19305.0], [4595.25, 8125.0], [4595.4, 17779.0], [4595.45, 9305.0], [4595.75, 11333.0], [4595.9, 32.0], [4596.15, 11333.0], [4596.25, 8623.0], [4596.4, 10299.0], [4596.5, 23990.0], [4596.6, 70100.0], [4596.75, 11268.0], [4597.0, 34851.0], [4597.05, 70100.0]]}}}
{"jsonrpc": "2.0", "method": "subscription", "params": {"channel": "book.ETH-PERPETUAL.none.20.100ms", "data": {"timestamp": 1756238961699, "change_id": 83740051647, "instrument_name": "ETH-PERPETUAL", "bids": [[4594.4, 46753.0], [4594.25, 472.0], [4594.05, 16100.0], [4594.0, 10.0], [4593.65, 3416.0], [4593.55, 11385.0], [4593.45, 102244.0], [4593.4, 181440.0], [4593.3, 15000.0], [4593.25, 73030.0], [4593.15, 30000.0], [4593.1, 15637.0], [4593.05, 11181.0], [4593.0, 82308.0], [4592.95, 65000.0], [4592.75, 11173.0], [4592.65, 3355.0], [4592.6, 986.0], [4592.5, 11182.0], [4592.45, 2719.0]], "asks": [[4594.45, 254136.0], [4594.5, 10000.0], [4594.6, 10000.0], [4594.7, 54432.0], [4594.75, 193232.0], [4594.85, 20002.0], [4594.9, 20002.0], [4594.95, 10000.0], [4595.25, 8125.0], [4595.4, 17779.0], [4595.45, 9305.0], [4595.75, 11333.0], [4595.8, 30233.0], [4595.9, 32.0], [4596.15, 11333.0], [4596.25, 8623.0], [4596.4, 10299.0], [4596.5, 23990.0], [4596.6, 70100.0], [4596.75, 11268.0]]}}}
{"jsonrpc": "2.0", "method": "subscription", "params": {"channel": "book.ETH-PERPETUAL.none.20.100ms", "data": {"timestamp": 1756238962001, "change_id": 83740052405, "instrument_name": "ETH-PERPETUAL", "bids": [[4594.4, 46753.0], [4594.25, 472.0], [4594.0, 10.0], [4593.65, 3416.0], [4593.55, 11385.0], [4593.45, 102244.0], [4593.4, 181440.0], [4593.3, 15000.0], [4593.25, 73030.0], [4593.1, 15637.0], [4593.05, 11181.0], [4593.0, 82308.0], [4592.95, 65000.0], [4592.8, 30000.0], [4592.75, 11173.0], [4592.65, 3355.0], [4592.6, 986.0], [4592.5, 11182.0], [4592.45, 2719.0], [4592.35, 120.0]], "asks": [[4594.45, 254136.0], [4594.5, 10000.0], [4594.6, 10000.0], [4594.65, 20002.0], [4594.7, 74434.0], [4594.75, 187232.0], [4594.95, 19305.0], [4595.25, 8125.0], [4595.4, 17779.0], [4595.45, 9305.0], [4595.75, 11333.0], [4595.8, 30233.0], [4595.9, 32.0], [4596.15, 11333.0], [4596.25, 8623.0], [4596.4, 10299.0], [4596.5, 23990.0], [4596.6, 70100.0], [4596.75, 11268.0], [4597.0, 34851.0]]}}}
{"jsonrpc": "2.0", "method": "subscription", "params": {"channel": "book.ETH-PERPETUAL.none.20.100ms", "data": {"timestamp": 1756238962346, "change_id": 83740052844, "instrument_name": "ETH-PERPETUAL", "bids": [[4594.4, 46753.0], [4594.25, 472.0], [4594.0, 10.0], [4593.55, 200.0], [4593.45, 50076.0], [4593.4, 181440.0], [4593.3, 45001.0], [4593.25, 39811.0], [4593.1, 5637.0], [4593.05, 11181.0], [4593.0, 82308.0], [4592.95, 65000.0], [4592.8, 30000.0], [4592.75, 19323.0], [4592.7, 39079.0], [4592.6, 986.0], [4592.5, 11182.0], [4592.45, 2719.0], [4592.35, 120.0], [4592.3, 9062.0]], "asks": [[4594.45, 254129.0], [4594.5, 10000.0], [4594.55, 20002.0], [4594.6, 30002.0], [4594.7, 54432.0], [4594.75, 187232.0], [4594.95, 19305.0], [4595.25, 8125.0], [4595.4, 17779.0], [4595.45, 9305.0], [4595.75, 20413.0], [4595.8, 30233.0], [4595.9, 32.0], [4596.15, 81433.0], [4596.25, 8623.0], [4596.4, 10299.0], [4596.5, 23990.0], [4596.6, 70100.0], [4596.75, 11268.0], [4597.0, 34851.0]]}}}
{"jsonrpc": "2.0", "method": "subscription", "params": {"channel": "book.ETH-PERPETUAL.none.20.100ms", "data": {"timestamp": 1756238962681, "change_id": 83740053492, "instrument_name": "ETH-PERPETUAL", "bids": [[4594.4, 62853.0], [4594.25, 472.0], [4594.05, 26100.0], [4594.0, 10.0], [4593.85, 10000.0], [4593.55, 200.0], [4593.45, 73975.0], [4593.4, 196440.0], [4593.3, 45001.0], [4593.25, 63890.0], [4593.1, 35637.0], [4593.05, 11181.0], [4593.0, 82308.0], [4592.95, 65000.0], [4592.75, 11173.0], [4592.6, 986.0], [4592.5, 11182.0], [4592.45, 2719.0], [4592.35, 120.0], [4592.3, 9062.0]], "asks": [[4594.45, 253641.0], [4594.5, 10000.0], [4594.6, 10000.0], [4594.7, 74434.0], [4594.75, 193232.0], [4594.9, 20002.0], [4594.95, 10000.0], [4595.25, 8125.0], [4595.4, 17779.0], [4595.45, 9305.0], [4595.75, 11333.0], [4595.9, 32.0], [4596.15, 81433.0], [4596.25, 8623.0], [4596.4, 11450.0], [4596.5, 23990.0], [4596.6, 70100.0], [4596.75, 11268.0], [4597.0, 34851.0], [4597.05, 70100.0]]}}}
{"jsonrpc": "2.0", "method": "subscription", "params": {"channel": "book.ETH-PERPETUAL.none.20.100ms", "data": {"timestamp": 1756238963018, "change_id": 83740054144, "instrument_name": "ETH-PERPETUAL", "bids": [[4594.4, 62853.0], [4594.25, 472.0], [4594.05, 16100.0], [4594.0, 10.0], [4593.8, 200.0], [4593.45, 73975.0], [4593.4, 226440.0], [4593.3, 55001.0], [4593.25, 63890.0], [4593.1, 5637.0], [4593.05, 11181.0], [4593.0, 82308.0], [4592.95, 65000.0], [4592.75, 11173.0], [4592.6, 986.0], [4592.5, 11182.0], [4592.45, 2719.0], [4592.35, 120.0], [4592.3, 9062.0], [4592.25, 7.0]], "asks": [[4594.45, 254582.0], [4594.5, 10000.0], [4594.6, 10000.0], [4594.7, 54432.0], [4594.75, 195316.0], [4594.85, 20002.0], [4594.9, 20002.0], [4594.95, 10000.0], [4595.25, 19793.0], [4595.4, 17779.0], [4595.45, 9305.0], [4595.5, 42278.0], [4595.75, 11333.0], [4595.9, 32.0], [4596.15, 81433.0], [4596.25, 8623.0], [4596.4, 11450.0], [4596.5, 23990.0], [4596.6, 70100.0], [4596.75, 11268.0]]}}}
{"jsonrpc": "2.0", "method": "subscription", "params": {"channel": "book.ETH-PERPETUAL.none.20.100ms", "data": {"timestamp": 1756238963343, "change_id": 83740054488, "instrument_name": "ETH-PERPETUAL", "bids": [[4594.4, 46753.0], [4594.25, 472.0], [4594.05, 16100.0], [4594.0, 10.0], [4593.8, 10200.0], [4593.45, 73975.0], [4593.4, 226440.0], [4593.3, 55001.0], [4593.25, 63890.0], [4593.1, 5637.0], [4593.05, 11181.0], [4593.0, 82308.0], [4592.95, 65000.0], [4592.75, 11173.0], [4592.6, 986.0], [4592.5, 11182.0], [4592.45, 2719.0], [4592.35, 120.0], [4592.3, 9062.0], [4592.25, 7.0]], "asks": [[4594.45, 254582.0], [4594.5, 10000.0], [4594.6, 10000.0], [4594.7, 74434.0], [4594.75, 190441.0], [4594.9, 20002.0], [4594.95, 10000.0], [4595.25, 19793.0], [4595.4, 17779.0], [4595.45, 9305.0], [4595.5, 42278.0], [4595.75, 11333.0], [4595.9, 32.0], [4596.1, 27017.0], [4596.15, 81433.0], [4596.25, 8623.0], [4596.4, 11450.0], [4596.5, 23990.0], [4596.6, 70100.0], [4596.75, 11268.0]]}}}
{"jsonrpc": "2.0", "method": "subscription", "params": {"channel": "book.ETH-PERPETUAL.none.20.100ms", "data": {"timestamp": 1756238963684, "change_id": 83740056086, "instrument_name": "ETH-PERPETUAL", "bids": [[4594.4, 77365.0], [4594.25, 472.0], [4594.2, 10000.0], [4594.1, 9059.0], [4594.05, 16100.0], [4594.0, 16110.0], [4593.95, 16300.0], [4593.9, 9305.0], [4593.85, 25000.0], [4593.8, 24079.0], [4593.75, 9000.0], [4593.7, 30000.0], [4593.45, 73975.0], [4593.4, 181440.0], [4593.3, 45001.0], [4593.25, 39811.0], [4593.1, 5637.0], [4593.05, 11181.0], [4593.0, 82308.0], [4592.95, 65000.0]], "asks": [[4594.45, 125429.0], [4595.15, 160.0], [4595.3, 59682.0], [4595.35, 181440.0], [4595.55, 31603.0], [4595.7, 20002.0], [4595.75, 11333.0], [4595.9, 32.0], [4596.05, 10572.0], [4596.1, 17779.0], [4596.15, 11333.0], [4596.25, 4893.0], [4596.4, 9058.0], [4596.5, 23990.0], [4596.6, 70100.0], [4596.75, 11268.0], [4596.95, 40.0], [4597.0, 34851.0], [4597.05, 70100.0], [4597.1, 46941.0]]}}}
{"jsonrpc": "2.0", "method": "subscription", "params": {"channel": "book.ETH-PERPETUAL.none.20.100ms", "data": {"timestamp": 1756238963978, "change_id": 83740058252, "instrument_name": "ETH-PERPETUAL", "bids": [[4595.6, 39059.0], [4594.9, 71753.0], [4594.85, 9305.0], [4594.8, 222708.0], [4594.75, 15000.0], [4594.7, 12000.0], [4594.65, 30000.0], [4594.5, 10000.0], [4594.4, 72320.0], [4594.35, 11345.0], [4594.3, 11309.0], [4594.25, 16572.0], [4594.2, 16100.0], [4594.05, 16300.0], [4594.0, 10.0], [4593.95, 16300.0], [4593.9, 20650.0], [4593.8, 24079.0], [4593.25, 34145.0], [4593.15, 42257.0]], "asks": [[4595.65, 6401.0], [4595.8, 31454.0], [4595.85, 88714.0], [4595.9, 32.0], [4596.0, 16100.0], [4596.05, 61227.0], [4596.25, 229338.0], [4596.3, 10000.0], [4596.5, 10789.0], [4596.6, 15000.0], [4596.65, 9305.0], [4596.7, 17779.0], [4596.75, 11268.0], [4597.0, 1.0], [4597.1, 46941.0], [4597.15, 20573.0], [4597.25, 20.0], [4597.3, 4648.0], [4597.45, 23988.0], [4597.5, 81369.0]]}}}
{"jsonrpc": "2.0", "method": "subscription", "params": {"channel": "book.ETH-PERPETUAL.none.20.100ms", "data": {"timestamp": 1756238964342, "change_id": 83740059484, "instrument_name": "ETH-PERPETUAL", "bids": [[4595.2, 23502.0], [4595.15, 2000.0], [4594.85, 76117.0], [4594.8, 222708.0], [4594.55, 15000.0], [4594.45, 21898.0], [4594.4, 72320.0], [4594.35, 30000.0], [4594.3, 200.0], [4594.25, 472.0], [4594.1, 19833.0], [4594.05, 16100.0], [4594.0, 50010.0], [4593.95, 16300.0], [4593.9, 31959.0], [4593.8, 24079.0], [4593.6, 11345.0], [4593.45, 986.0], [4593.4, 2366.0], [4593.25, 11263.0]], "asks": [[4595.25, 4136.0], [4595.3, 5348.0], [4595.35, 16100.0], [4595.55, 22991.0], [4595.6, 16195.0], [4595.65, 41012.0], [4595.7, 10000.0], [4595.8, 31454.0], [4595.85, 88714.0], [4595.9, 32.0], [4595.95, 20002.0], [4596.05, 61227.0], [4596.15, 20002.0], [4596.25, 189334.0], [4596.3, 10000.0], [4596.5, 10789.0], [4596.65, 9305.0], [4596.7, 17779.0], [4596.75, 11268.0], [4597.0, 1.0]]}}}
{"jsonrpc": "2.0", "method": "subscription", "params": {"channel": "book.ETH-PERPETUAL.none.20.100ms", "data": {"timestamp": 1756238964678, "change_id": 83740060367, "instrument_name": "ETH-PERPETUAL", "bids": [[4595.2, 42308.0], [4595.15, 2000.0], [4595.0, 10000.0], [4594.85, 76117.0], [4594.8, 181440.0], [4594.75, 10000.0], [4594.65, 30000.0], [4594.45, 21898.0], [4594.4, 56220.0], [4594.3, 200.0], [4594.25, 3475.0], [4594.2, 10000.0], [4594.0, 10.0], [4593.95, 16300.0], [4593.9, 31959.0], [4593.8, 24079.0], [4593.6, 11345.0], [4593.5, 50000.0], [4593.45, 986.0], [4593.4, 2366.0]], "asks": [[4595.25, 11313.0], [4595.35, 3000.0], [4595.4, 10000.0], [4595.55, 43829.0], [4595.6, 16195.0], [4595.65, 126289.0], [4595.7, 10000.0], [4595.9, 32.0], [4596.05, 61227.0], [4596.15, 20002.0], [4596.2, 20002.0], [4596.25, 189334.0], [4596.3, 10000.0], [4596.5, 10789.0], [4596.65, 9305.0], [4596.7, 17779.0], [4596.75, 11268.0], [4596.85, 29161.0], [4597.0, 1.0], [4597.05, 20260.0]]}}}
{"jsonrpc": "2.0", "method": "subscription", "params": {"channel": "book.ETH-PERPETUAL.none.20.100ms", "data": {"timestamp": 1756238964972, "change_id": 83740060923, "instrument_name": "ETH-PERPETUAL", "bids": [[4595.2, 42308.0], [4595.15, 2000.0], [4594.85, 76117.0], [4594.8, 292713.0], [4594.75, 10000.0], [4594.65, 30000.0], [4594.45, 21898.0], [4594.4, 56270.0], [4594.3, 200.0], [4594.25, 18100.0], [4594.2, 10000.0], [4594.0, 50010.0], [4593.95, 16300.0], [4593.9, 31959.0], [4593.8, 24079.0], [4593.6, 11345.0], [4593.45, 986.0], [4593.4, 2366.0], [4593.25, 11263.0], [4593.05, 11181.0]], "asks": [[4595.25, 21313.0], [4595.55, 43829.0], [4595.6, 16195.0], [4595.65, 126289.0], [4595.9, 32.0], [4596.05, 71227.0], [4596.15, 20002.0], [4596.2, 20002.0], [4596.25, 186333.0], [4596.5, 10789.0], [4596.65, 9305.0], [4596.7, 17779.0], [4596.75, 11268.0], [4596.85, 29161.0], [4597.0, 1.0], [4597.05, 20260.0], [4597.1, 46941.0], [4597.15, 20573.0], [4597.25, 20.0], [4597.3, 3730.0]]}}}
{"jsonrpc": "2.0", "method": "subscription", "params": {"channel": "book.ETH-PERPETUAL.none.20.100ms", "data": {"timestamp": 1756238965333, "change_id": 83740061440, "instrument_name": "ETH-PERPETUAL", "bids": [[4595.2, 42308.0], [4595.15, 2000.0], [4594.85, 76117.0], [4594.8, 292713.0], [4594.7, 9060.0], [4594.65, 30000.0], [4594.55, 200.0], [4594.45, 21898.0], [4594.4, 56270.0], [4594.25, 18100.0], [4594.2, 10000.0], [4594.0, 50010.0], [4593.95, 16300.0], [4593.9, 31959.0], [4593.8, 24079.0], [4593.6, 11345.0], [4593.45, 986.0], [4593.4, 1138.0], [4593.25, 11263.0], [4593.1, 6191.0]], "asks": [[4595.25, 15000.0], [4595.55, 43829.0], [4595.6, 16195.0], [4595.65, 111289.0], [4595.9, 172.0], [4596.05, 61227.0], [4596.15, 20002.0], [4596.2, 20002.0], [4596.25, 186333.0], [4596.5, 10789.0], [4596.65, 9305.0], [4596.7, 32779.0], [4596.75, 11268.0], [4596.8, 8749.0], [4596.85, 29161.0], [4597.0, 1.0], [4597.05, 20260.0], [4597.1, 46941.0], [4597.15, 20573.0], [4597.25, 20.0]]}}}
{"jsonrpc": "2.0", "method": "subscription", "params": {"channel": "book.ETH-PERPETUAL.none.20.100ms", "data": {"timestamp": 1756238965641, "change_id": 83740062154, "instrument_name": "ETH-PERPETUAL", "bids": [[4595.2, 43408.0], [4595.15, 2000.0], [4594.85, 76117.0], [4594.8, 181440.0], [4594.75, 111227.0], [4594.7, 15000.0], [4594.55, 200.0], [4594.5, 30000.0], [4594.45, 21898.0], [4594.4, 56270.0], [4594.25, 3475.0], [4594.2, 10000.0], [4594.0, 10.0], [4593.95, 16300.0], [4593.9, 31959.0], [4593.8, 24079.0], [4593.6, 11345.0], [4593.5, 50000.0], [4593.45, 986.0], [4593.4, 1138.0]], "asks": [[4595.25, 15180.0], [4595.5, 16100.0], [4595.55, 55029.0], [4595.6, 95.0], [4595.65, 111289.0], [4595.8, 10000.0], [4595.9, 32.0], [4596.0, 15000.0], [4596.05, 61227.0], [4596.1, 20002.0], [4596.2, 20002.0], [4596.25, 186333.0], [4596.5, 10789.0], [4596.65, 9305.0], [4596.7, 17779.0], [4596.75, 11268.0], [4596.8, 8749.0], [4596.85, 29161.0], [4597.0, 1.0], [4597.05, 20260.0]]}}}
{"jsonrpc": "2.0", "method": "subscription", "params": {"channel": "book.ETH-PERPETUAL.none.20.100ms", "data": {"timestamp": 1756238966000, "change_id": 83740063375, "instrument_name": "ETH-PERPETUAL", "bids": [[4594.8, 185246.0], [4594.75, 111227.0], [4594.45, 21898.0], [4594.4, 56150.0], [4594.25, 472.0], [4594.2, 200.0], [4594.15, 4503.0], [4594.1, 15000.0], [4594.0, 10.0], [4593.95, 26774.0], [4593.9, 41959.0], [4593.8, 24079.0], [4593.75, 30000.0], [4593.6, 11345.0], [4593.5, 50000.0], [4593.45, 986.0], [4593.25, 11263.0], [4593.1, 6191.0], [4593.05, 11181.0], [4593.0, 32308.0]], "asks": [[4594.85, 17236.0], [4595.15, 16100.0], [4595.2, 1296.0], [4595.35, 111227.0], [4595.4, 10000.0], [4595.75, 20002.0], [4595.9, 20034.0], [4596.0, 15000.0], [4596.05, 61227.0], [4596.15, 11355.0], [4596.25, 186333.0], [4596.45, 17779.0], [4596.5, 11357.0], [4596.65, 33384.0], [4596.75, 11268.0], [4596.8, 8749.0], [4596.85, 29161.0], [4597.0, 1.0], [4597.05, 20260.0], [4597.1, 46941.0]]}}}
{"jsonrpc": "2.0", "method": "subscription", "params": {"channel": "book.ETH-PERPETUAL.none.20.100ms", "data": {"timestamp": 1756238966328, "change_id": 83740064139, "instrument_name": "ETH-PERPETUAL", "bids": [[4594.55, 5806.0], [4594.4, 46845.0], [4594.35, 292665.0], [4594.25, 472.0], [4594.2, 200.0], [4594.15, 3003.0], [4594.1, 10000.0], [4594.0, 10.0], [4593.95, 10015.0], [4593.9, 9305.0], [4593.8, 39079.0], [4593.6, 35345.0], [4593.55, 30000.0], [4593.5, 50000.0], [4593.45, 986.0], [4593.25, 22581.0], [4593.1, 6191.0], [4593.05, 11181.0], [4593.0, 32308.0], [4592.95, 65000.0]], "asks": [[4594.6, 15180.0], [4594.65, 3389.0], [4594.7, 10000.0], [4594.8, 1296.0], [4595.3, 48368.0], [4595.35, 111227.0], [4595.55, 86435.0], [4595.6, 181440.0], [4595.8, 20002.0], [4595.85, 9305.0], [4595.9, 11387.0], [4596.05, 5392.0], [4596.15, 11355.0], [4596.2, 17779.0], [4596.25, 4893.0], [4596.5, 11357.0], [4596.6, 13396.0], [4596.65, 33384.0], [4596.75, 11268.0], [4596.8, 8749.0]]}}}
{"jsonrpc": "2.0", "method": "subscription", "params": {"channel": "book.ETH-PERPETUAL.none.20.100ms", "data": {"timestamp": 1756238966658, "change_id": 83740064964, "instrument_name": "ETH-PERPETUAL", "bids": [[4594.55, 46445.0], [4594.4, 100631.0], [4594.35, 292665.0], [4594.25, 472.0], [4594.0, 10.0], [4593.95, 22263.0], [4593.9, 9305.0], [4593.85, 30000.0], [4593.8, 24079.0], [4593.6, 26345.0], [4593.5, 50000.0], [4593.45, 986.0], [4593.3, 4510.0], [4593.25, 22581.0], [4593.1, 6191.0], [4593.05, 11181.0], [4593.0, 32308.0], [4592.95, 65000.0], [4592.75, 11173.0], [4592.5, 13548.0]], "asks": [[4594.6, 15040.0], [4594.8, 95.0], [4594.9, 140.0], [4595.05, 33368.0], [4595.1, 111225.0], [4595.25, 2438.0], [4595.3, 10000.0], [4595.55, 66433.0], [4595.6, 181440.0], [4595.7, 15000.0], [4595.75, 29419.0], [4595.85, 20002.0], [4595.9, 11387.0], [4596.05, 5392.0], [4596.15, 11355.0], [4596.25, 4893.0], [4596.45, 17778.0], [4596.5, 11357.0], [4596.6, 13396.0], [4596.65, 33384.0]]}}}
{"jsonrpc": "2.0", "method": "subscription", "params": {"channel": "book.ETH-PERPETUAL.none.20.100ms", "data": {"timestamp": 1756238966973, "change_id": 83740065628, "instrument_name": "ETH-PERPETUAL", "bids": [[4594.55, 76565.0], [4594.5, 10000.0], [4594.4, 131063.0], [4594.35, 302665.0], [4594.25, 472.0], [4594.0, 10.0], [4593.95, 10015.0], [4593.9, 9305.0], [4593.8, 34079.0], [4593.6, 26345.0], [4593.5, 50000.0], [4593.45, 986.0], [4593.3, 4510.0], [4593.25, 22581.0], [4593.1, 6191.0], [4593.05, 11181.0], [4593.0, 32308.0], [4592.95, 65000.0], [4592.75, 11173.0], [4592.5, 13548.0]], "asks": [[4594.6, 40.0], [4594.9, 140.0], [4595.25, 5146.0], [4595.3, 10000.0], [4595.4, 8170.0], [4595.55, 66433.0], [4595.6, 181440.0], [4595.7, 15000.0], [4595.75, 14294.0], [4595.85, 40004.0], [4595.9, 11387.0], [4596.05, 5392.0], [4596.15, 11355.0], [4596.25, 4893.0], [4596.45, 17778.0], [4596.5, 11357.0], [4596.6, 13396.0], [4596.65, 33384.0], [4596.75, 11268.0], [4596.8, 8749.0]]}}}
{"jsonrpc": "2.0", "method": "subscription", "params": {"channel": "book.ETH-PERPETUAL.none.20.100ms", "data": {"timestamp": 1756238967321, "change_id": 83740066243, "instrument_name": "ETH-PERPETUAL", "bids": [[4595.3, 27508.0], [4594.95, 11405.0], [4594.85, 120.0], [4594.8, 15000.0], [4594.75, 37418.0], [4594.7, 55439.0], [4594.6, 13500.0], [4594.4, 131063.0], [4594.35, 292665.0], [4594.25, 472.0], [4594.0, 10.0], [4593.95, 10015.0], [4593.9, 9305.0], [4593.8, 24079.0], [4593.6, 26345.0], [4593.5, 50000.0], [4593.45, 986.0], [4593.3, 4510.0], [4593.25, 11263.0], [4593.1, 6191.0]], "asks": [[4595.35, 137361.0], [4595.5, 16195.0], [4595.55, 75033.0], [4595.6, 191440.0], [4595.75, 11408.0], [4595.9, 32.0], [4595.95, 20002.0], [4596.0, 20002.0], [4596.05, 1468.0], [4596.25, 4893.0], [4596.4, 8741.0], [4596.45, 17778.0], [4596.5, 11357.0], [4596.65, 9305.0], [4596.7, 20978.0], [4596.75, 11268.0], [4597.0, 1.0], [4597.15, 20573.0], [4597.25, 20.0], [4597.3, 3730.0]]}}}
{"jsonrpc": "2.0", "method": "subscription", "params": {"channel": "book.ETH-PERPETUAL.none.20.100ms", "data": {"timestamp": 1756238967649, "change_id": 83740067372, "instrument_name": "ETH-PERPETUAL", "bids": [[4594.75, 23502.0], [4594.45, 20978.0], [4594.4, 47045.0], [4594.35, 181440.0], [4594.25, 472.0], [4594.0, 10.0], [4593.95, 2792.0], [4593.9, 9305.0], [4593.6, 26345.0], [4593.5, 50000.0], [4593.45, 27303.0], [4593.3, 34089.0], [4593.25, 13629.0], [4593.1, 6191.0], [4593.05, 11181.0], [4593.0, 32308.0], [4592.95, 65000.0], [4592.75, 11173.0], [4592.5, 11182.0], [4592.45, 2719.0]], "asks": [[4594.8, 8986.0], [4594.85, 1296.0], [4595.25, 15000.0], [4595.3, 66341.0], [4595.35, 111180.0], [4595.45, 16100.0], [4595.5, 16100.0], [4595.55, 86435.0], [4595.6, 181440.0], [4595.8, 20002.0], [4595.85, 2802.0], [4595.9, 9339.0], [4596.05, 9380.0], [4596.15, 11354.0], [4596.2, 17778.0], [4596.25, 4893.0], [4596.45, 3407.0], [4596.5, 11357.0], [4596.65, 9305.0], [4596.7, 20978.0]]}}}
{"jsonrpc": "2.0", "method": "subscription", "params": {"channel": "book.ETH-PERPETUAL.none.20.100ms", "data": {"timestamp": 1756238967984, "change_id": 83740068024, "instrument_name": "ETH-PERPETUAL", "bids": [[4594.75, 27508.0], [4594.5, 60208.0], [4594.45, 132143.0], [4594.4, 46845.0], [4594.35, 181440.0], [4594.25, 4975.0], [4594.2, 15000.0], [4594.0, 11802.0], [4593.95, 30000.0], [4593.9, 9305.0], [4593.6, 11345.0], [4593.55, 15000.0], [4593.5, 50000.0], [4593.45, 12303.0], [4593.3, 4089.0], [4593.25, 13629.0], [4593.1, 6191.0], [4593.05, 11181.0], [4593.0, 32308.0], [4592.95, 65000.0]], "asks": [[4594.8, 18986.0], [4594.85, 1296.0], [4595.3, 66341.0], [4595.35, 111180.0], [4595.45, 16100.0], [4595.5, 31100.0], [4595.55, 66433.0], [4595.6, 181440.0], [4595.8, 40004.0], [4595.85, 2802.0], [4595.9, 9339.0], [4596.15, 11354.0], [4596.25, 4893.0], [4596.4, 17778.0], [4596.45, 3407.0], [4596.5, 11357.0], [4596.65, 51594.0], [4596.7, 20978.0], [4596.75, 11268.0], [4597.0, 1.0]]}}}
{"jsonrpc": "2.0", "method": "subscription", "params": {"channel": "book.ETH-PERPETUAL.none.20.100ms", "data": {"timestamp": 1756238968285, "change_id": 83740068304, "instrument_name": "ETH-PERPETUAL", "bids": [[4594.75, 23502.0], [4594.5, 60208.0], [4594.45, 132143.0], [4594.4, 47045.0], [4594.35, 181440.0], [4594.25, 4975.0], [4594.2, 15000.0], [4594.0, 11802.0], [4593.95, 30000.0], [4593.9, 9305.0], [4593.75, 10000.0], [4593.6, 11345.0], [4593.55, 15000.0], [4593.5, 57780.0], [4593.45, 12303.0], [4593.25, 13629.0], [4593.1, 6191.0], [4593.05, 11181.0], [4593.0, 32308.0], [4592.95, 65000.0]], "asks": [[4594.8, 18986.0], [4594.85, 1296.0], [4594.95, 10000.0], [4595.2, 15000.0], [4595.3, 66341.0], [4595.35, 111180.0], [4595.45, 16100.0], [4595.5, 16100.0], [4595.55, 66433.0], [4595.6, 181440.0], [4595.75, 20002.0], [4595.8, 20002.0], [4595.85, 2802.0], [4595.9, 9339.0], [4596.15, 11354.0], [4596.25, 4893.0], [4596.4, 17778.0], [4596.45, 3407.0], [4596.5, 11357.0], [4596.6, 25152.0]]}}}
{"jsonrpc": "2.0", "method": "subscription", "params": {"channel": "book.ETH-PERPETUAL.none.20.100ms", "data": {"timestamp": 1756238968645, "change_id": 83740069073, "instrument_name": "ETH-PERPETUAL", "bids": [[4594.75, 58608.0], [4594.6, 10000.0], [4594.55, 16100.0], [4594.5, 16100.0], [4594.45, 132143.0], [4594.4, 56845.0], [4594.35, 181440.0], [4594.25, 30472.0], [4594.05, 3003.0], [4594.0, 12802.0], [4593.9, 9305.0], [4593.6, 11345.0], [4593.55, 15000.0], [4593.5, 57780.0], [4593.45, 12303.0], [4593.25, 13629.0], [4593.1, 6191.0], [4593.05, 11181.0], [4593.0, 32308.0], [4592.95, 65000.0]], "asks": [[4594.8, 15000.0], [4594.9, 3000.0], [4594.95, 10000.0], [4595.3, 36386.0], [4595.35, 121180.0], [4595.55, 66433.0], [4595.6, 196440.0], [4595.75, 26003.0], [4595.8, 20002.0], [4595.85, 140.0], [4596.1, 4874.0], [4596.15, 11354.0], [4596.2, 17778.0], [4596.25, 4893.0], [4596.45, 3407.0], [4596.5, 11357.0], [4596.6, 25152.0], [4596.65, 51594.0], [4596.7, 20978.0], [4596.75, 11268.0]]}}}
{"jsonrpc": "2.0", "method": "subscription", "params": {"channel": "book.ETH-PERPETUAL.none.20.100ms", "data": {"timestamp": 1756238968971, "change_id": 83740069651, "instrument_name": "ETH-PERPETUAL", "bids": [[4594.75, 58608.0], [4594.6, 9660.0], [4594.55, 16100.0], [4594.5, 110157.0], [4594.45, 132082.0], [4594.4, 56845.0], [4594.35, 181440.0], [4594.25, 30472.0], [4594.05, 3003.0], [4594.0, 12802.0], [4593.9, 9305.0], [4593.6, 11345.0], [4593.55, 15000.0], [4593.5, 57780.0], [4593.45, 12303.0], [4593.25, 13629.0], [4593.1, 6191.0], [4593.05, 11181.0], [4593.0, 32308.0], [4592.95, 65000.0]], "asks": [[4594.8, 30307.0], [4594.9, 3000.0], [4594.95, 10000.0], [4595.3, 36386.0], [4595.35, 121180.0], [4595.55, 66433.0], [4595.6, 201442.0], [4596.05, 20002.0], [4596.1, 4874.0], [4596.15, 11354.0], [4596.2, 17778.0], [4596.25, 4893.0], [4596.45, 3407.0], [4596.5, 11357.0], [4596.6, 25152.0], [4596.65, 51594.0], [4596.7, 20978.0], [4596.75, 11268.0], [4597.0, 1.0], [4597.15, 20573.0]]}}}
{"jsonrpc": "2.0", "method": "subscription", "params": {"channel": "book.ETH-PERPETUAL.none.20.100ms", "data": {"timestamp": 1756238969279, "change_id": 83740070051, "instrument_name": "ETH-PERPETUAL", "bids": [[4594.55, 22106.0], [4594.5, 120157.0], [4594.45, 132082.0], [4594.4, 46845.0], [4594.35, 181440.0], [4594.25, 472.0], [4594.0, 2802.0], [4593.9, 9305.0], [4593.85, 15000.0], [4593.75, 27000.0], [4593.7, 10000.0], [4593.6, 11345.0], [4593.55, 15000.0], [4593.5, 57780.0], [4593.45, 12303.0], [4593.25, 11263.0], [4593.1, 6191.0], [4593.05, 11181.0], [4593.0, 32308.0], [4592.95, 65000.0]], "asks": [[4594.6, 10180.0], [4594.7, 7889.0], [4594.75, 95.0], [4594.8, 26201.0], [4595.3, 36386.0], [4595.35, 121180.0], [4595.5, 20002.0], [4595.55, 66433.0], [4595.6, 181440.0], [4595.75, 22804.0], [4595.8, 9339.0], [4595.9, 11353.0], [4596.1, 9598.0], [4596.15, 11354.0], [4596.2, 17778.0], [4596.25, 4893.0], [4596.45, 3407.0], [4596.5, 11357.0], [4596.6, 25152.0], [4596.65, 51594.0]]}}}
{"jsonrpc": "2.0", "method": "subscription", "params": {"channel": "book.ETH-PERPETUAL.none.20.100ms", "data": {"timestamp": 1756238969583, "change_id": 83740070582, "instrument_name": "ETH-PERPETUAL", "bids": [[4594.55, 22106.0], [4594.5, 110157.0], [4594.45, 132082.0], [4594.4, 46845.0], [4594.35, 181440.0], [4594.25, 472.0], [4594.1, 15000.0], [4594.0, 2802.0], [4593.9, 9305.0], [4593.75, 27000.0], [4593.7, 10000.0], [4593.6, 11345.0], [4593.55, 15000.0], [4593.5, 57780.0], [4593.45, 12303.0], [4593.25, 21065.0], [4593.1, 6191.0], [4593.05, 11181.0], [4593.0, 32308.0], [4592.95, 65000.0]], "asks": [[4594.6, 10180.0], [4594.7, 7889.0], [4594.75, 95.0], [4594.8, 26201.0], [4595.3, 36386.0], [4595.35, 121180.0], [4595.5, 20002.0], [4595.55, 66433.0], [4595.6, 181440.0], [4595.7, 20002.0], [4595.75, 2802.0], [4595.8, 9339.0], [4595.9, 11353.0], [4596.1, 4874.0], [4596.15, 11354.0], [4596.25, 4893.0], [4596.4, 17778.0], [4596.45, 3407.0], [4596.5, 11357.0], [4596.6, 25152.0]]}}}
{"jsonrpc": "2.0", "method": "subscription", "params": {"channel": "book.ETH-PERPETUAL.none.20.100ms", "data": {"timestamp": 1756238969931, "change_id": 83740071288, "instrument_name": "ETH-PERPETUAL", "bids": [[4594.55, 46445.0], [4594.5, 120157.0], [4594.45, 132082.0], [4594.4, 46845.0], [4594.35, 181440.0], [4594.25, 472.0], [4594.1, 8103.0], [4594.05, 27000.0], [4594.0, 5802.0], [4593.95, 10000.0], [4593.9, 9305.0], [4593.6, 11345.0], [4593.55, 15000.0], [4593.5, 57780.0], [4593.45, 12303.0], [4593.25, 21065.0], [4593.1, 6191.0], [4593.05, 11181.0], [4593.0, 32308.0], [4592.95, 65000.0]], "asks": [[4594.6, 180.0], [4595.3, 36386.0], [4595.35, 121180.0], [4595.4, 15000.0], [4595.55, 66433.0], [4595.6, 181440.0], [4595.7, 20002.0], [4595.75, 9407.0], [4595.8, 20002.0], [4595.9, 11353.0], [4596.1, 4874.0], [4596.15, 11354.0], [4596.25, 4893.0], [4596.4, 17778.0], [4596.45, 3407.0], [4596.5, 11357.0], [4596.6, 25152.0], [4596.65, 51594.0], [4596.7, 20978.0], [4596.75, 11268.0]]}}}
{"jsonrpc": "2.0", "method": "subscription", "params": {"channel": "book.ETH-PERPETUAL.none.20.100ms", "data": {"timestamp": 1756238970283, "change_id": 83740071533, "instrument_name": "ETH-PERPETUAL", "bids": [[4594.55, 73445.0], [4594.5, 120157.0], [4594.45, 132082.0], [4594.4, 46845.0], [4594.35, 191440.0], [4594.25, 472.0], [4594.0, 5802.0], [4593.95, 10000.0], [4593.9, 9305.0], [4593.6, 11345.0], [4593.55, 15000.0], [4593.5, 57780.0], [4593.45, 12303.0], [4593.25, 21065.0], [4593.1, 6191.0], [4593.05, 11181.0], [4593.0, 32308.0], [4592.95, 65000.0], [4592.75, 11173.0], [4592.65, 2366.0]], "asks": [[4594.6, 180.0], [4595.3, 36386.0], [4595.35, 121180.0], [4595.4, 15000.0], [4595.55, 66433.0], [4595.6, 181440.0], [4595.75, 29409.0], [4595.8, 20002.0], [4595.9, 11353.0], [4596.1, 4874.0], [4596.15, 11354.0], [4596.25, 4893.0], [4596.35, 8741.0], [4596.4, 17778.0], [4596.5, 11357.0], [4596.6, 25152.0], [4596.65, 51594.0], [4596.7, 20978.0], [4596.75, 11268.0], [4597.0, 1.0]]}}}
{"jsonrpc": "2.0", "method": "subscription", "params": {"channel": "book.ETH-PERPETUAL.none.20.100ms", "data": {"timestamp": 1756238970628, "change_id": 83740072121, "instrument_name": "ETH-PERPETUAL", "bids": [[4594.55, 37106.0], [4594.5, 110157.0], [4594.45, 132082.0], [4594.4, 46845.0], [4594.35, 181440.0], [4594.25, 472.0], [4594.0, 2802.0], [4593.9, 9305.0], [4593.65, 10000.0], [4593.6, 11345.0], [4593.55, 15000.0], [4593.5, 57780.0], [4593.45, 12303.0], [4593.25, 11263.0], [4593.1, 6191.0], [4593.05, 11181.0], [4593.0, 32308.0], [4592.95, 65000.0], [4592.75, 11173.0], [4592.65, 2366.0]], "asks": [[4594.6, 5040.0], [4594.65, 10000.0], [4594.75, 3042.0], [4594.8, 10000.0], [4594.9, 140.0], [4595.05, 3000.0], [4595.1, 10000.0], [4595.3, 36386.0], [4595.35, 111180.0], [4595.4, 15000.0], [4595.55, 66433.0], [4595.6, 181440.0], [4595.7, 40004.0], [4595.75, 3406.0], [4595.9, 11353.0], [4596.1, 14213.0], [4596.15, 11354.0], [4596.25, 4893.0], [4596.35, 8741.0], [4596.4, 17778.0]]}}}
{"jsonrpc": "2.0", "method": "subscription", "params": {"channel": "book.ETH-PERPETUAL.none.20.100ms", "data": {"timestamp": 1756238970938, "change_id": 83740072669, "instrument_name": "ETH-PERPETUAL", "bids": [[4594.55, 37106.0], [4594.5, 110157.0], [4594.45, 20978.0], [4594.4, 157846.0], [4594.35, 181440.0], [4594.3, 10000.0], [4594.25, 472.0], [4594.05, 10000.0], [4594.0, 10553.0], [4593.95, 27000.0], [4593.9, 9305.0], [4593.65, 10000.0], [4593.6, 11345.0], [4593.55, 15000.0], [4593.5, 57780.0], [4593.45, 12303.0], [4593.25, 26242.0], [4593.1, 6191.0], [4593.05, 11181.0], [4593.0, 32308.0]], "asks": [[4594.6, 5180.0], [4594.65, 10000.0], [4594.75, 3042.0], [4594.8, 10000.0], [4595.05, 3000.0], [4595.1, 10000.0], [4595.3, 36386.0], [4595.35, 111180.0], [4595.4, 15000.0], [4595.55, 66433.0], [4595.6, 181440.0], [4595.65, 20002.0], [4595.7, 20002.0], [4595.75, 3406.0], [4595.9, 11353.0], [4596.1, 14213.0], [4596.15, 11354.0], [4596.25, 4893.0], [4596.45, 17778.0], [4596.5, 11357.0]]}}}
{"jsonrpc": "2.0", "method": "subscription", "params": {"channel": "book.ETH-PERPETUAL.none.20.100ms", "data": {"timestamp": 1756238971278, "change_id": 83740072885, "instrument_name": "ETH-PERPETUAL", "bids": [[4594.55, 37106.0], [4594.5, 110157.0], [4594.45, 37078.0], [4594.4, 157846.0], [4594.35, 181440.0], [4594.25, 472.0], [4594.15, 8103.0], [4594.1, 27000.0], [4594.0, 2802.0], [4593.9, 9305.0], [4593.65, 10000.0], [4593.6, 11345.0], [4593.55, 15000.0], [4593.5, 57780.0], [4593.45, 12303.0], [4593.25, 26242.0], [4593.1, 6191.0], [4593.05, 11181.0], [4593.0, 32308.0], [4592.95, 65000.0]], "asks": [[4594.6, 5180.0], [4594.65, 10000.0], [4594.8, 10000.0], [4595.05, 3000.0], [4595.1, 10000.0], [4595.3, 36386.0], [4595.35, 111180.0], [4595.4, 15000.0], [4595.55, 66433.0], [4595.6, 181440.0], [4595.7, 40004.0], [4595.75, 3406.0], [4595.9, 11353.0], [4596.1, 18937.0], [4596.15, 11354.0], [4596.2, 17778.0], [4596.25, 4893.0], [4596.5, 11357.0], [4596.6, 25152.0], [4596.65, 51594.0]]}}}
{"jsonrpc": "2.0", "method": "subscription", "params": {"channel": "book.ETH-PERPETUAL.none.20.100ms", "data": {"timestamp": 1756238971617, "change_id": 83740073613, "instrument_name": "ETH-PERPETUAL", "bids": [[4594.55, 2000.0], [4594.45, 20978.0], [4594.4, 157846.0], [4594.35, 181440.0], [4594.25, 672.0], [4594.0, 2802.0], [4593.9, 9305.0], [4593.7, 25904.0], [4593.65, 15000.0], [4593.6, 11345.0], [4593.5, 64197.0], [4593.45, 12303.0], [4593.4, 27000.0], [4593.35, 10000.0], [4593.25, 11263.0], [4593.1, 6191.0], [4593.05, 11181.0], [4593.0, 32308.0], [4592.95, 65000.0], [4592.75, 11173.0]], "asks": [[4594.6, 6789.0], [4594.65, 10000.0], [4594.75, 3000.0], [4594.8, 10000.0], [4595.0, 7830.0], [4595.05, 16100.0], [4595.1, 10000.0], [4595.3, 36386.0], [4595.35, 111180.0], [4595.4, 15000.0], [4595.5, 20002.0], [4595.55, 86435.0], [4595.6, 190779.0], [4595.75, 3406.0], [4595.9, 11353.0], [4596.05, 17778.0], [4596.1, 14213.0], [4596.15, 11354.0], [4596.25, 4893.0], [4596.5, 11357.0]]}}}
{"jsonrpc": "2.0", "method": "subscription", "params": {"channel": "book.ETH-PERPETUAL.none.20.100ms", "data": {"timestamp": 1756238971947, "change_id": 83740074168, "instrument_name": "ETH-PERPETUAL", "bids": [[4594.55, 2000.0], [4594.45, 20978.0], [4594.4, 157846.0], [4594.35, 181440.0], [4594.25, 672.0], [4594.05, 4503.0], [4594.0, 28221.0], [4593.9, 9305.0], [4593.85, 10000.0], [4593.75, 27000.0], [4593.6, 11345.0], [4593.55, 15000.0], [4593.5, 57780.0], [4593.45, 12303.0], [4593.35, 10000.0], [4593.25, 19264.0], [4593.1, 6191.0], [4593.05, 11181.0], [4593.0, 32308.0], [4592.95, 65000.0]], "asks": [[4594.6, 21789.0], [4594.65, 10000.0], [4594.75, 3000.0], [4594.8, 10000.0], [4595.0, 7830.0], [4595.05, 16100.0], [4595.1, 10000.0], [4595.3, 36386.0], [4595.35, 111180.0], [4595.55, 86435.0], [4595.6, 190779.0], [4595.7, 20002.0], [4595.75, 3406.0], [4595.9, 11353.0], [4596.1, 14213.0], [4596.15, 11354.0], [4596.2, 17778.0], [4596.25, 4893.0], [4596.5, 11357.0], [4596.6, 25152.0]]}}}
{"jsonrpc": "2.0", "method": "subscription", "params": {"channel": "book.ETH-PERPETUAL.none.20.100ms", "data": {"timestamp": 1756238972278, "change_id": 83740075580, "instrument_name": "ETH-PERPETUAL", "bids": [[4595.3, 3806.0], [4595.25, 111088.0], [4595.15, 1201.0], [4594.95, 41147.0], [4594.9, 181440.0], [4594.65, 14589.0], [4594.55, 200.0], [4594.5, 41419.0], [4594.45, 37078.0], [4594.4, 46845.0], [4594.25, 472.0], [4594.05, 4503.0], [4594.0, 28221.0], [4593.9, 9305.0], [4593.8, 11320.0], [4593.75, 27000.0], [4593.6, 11345.0], [4593.55, 15000.0], [4593.5, 57780.0], [4593.45, 12303.0]], "asks": [[4595.8, 135.0], [4596.2, 1468.0], [4596.25, 4893.0], [4596.4, 6001.0], [4596.45, 20002.0], [4596.5, 2.0], [4596.55, 6182.0], [4596.6, 9339.0], [4596.75, 66000.0], [4596.8, 181440.0], [4597.0, 1.0], [4597.05, 6188.0], [4597.1, 27117.0], [4597.15, 11268.0], [4597.25, 20.0], [4597.3, 4730.0], [4597.45, 3381.0], [4597.5, 11269.0], [4597.55, 6832.0], [4597.6, 10257.0]]}}}
{"jsonrpc": "2.0", "method": "subscription", "params": {"channel": "book.ETH-PERPETUAL.none.20.100ms", "data": {"timestamp": 1756238972612, "change_id": 83740077423, "instrument_name": "ETH-PERPETUAL", "bids": [[4595.75, 1201.0], [4595.35, 200.0], [4595.3, 33326.0], [4595.25, 111088.0], [4595.05, 4500.0], [4595.0, 15000.0], [4594.95, 57389.0], [4594.9, 181440.0], [4594.85, 27000.0], [4594.65, 9339.0], [4594.5, 36673.0], [4594.45, 32298.0], [4594.4, 46845.0], [4594.25, 472.0], [4594.05, 4503.0], [4594.0, 61364.0], [4593.9, 9305.0], [4593.75, 1228.0], [4593.6, 11345.0], [4593.5, 1138.0]], "asks": [[4595.8, 11673.0], [4595.85, 10000.0], [4596.1, 6298.0], [4596.15, 16100.0], [4596.25, 21382.0], [4596.4, 39952.0], [4596.45, 20002.0], [4596.5, 21259.0], [4596.55, 20002.0], [4596.6, 9339.0], [4596.75, 81000.0], [4596.8, 181440.0], [4597.0, 17779.0], [4597.05, 6188.0], [4597.1, 30317.0], [4597.15, 11268.0], [4597.25, 20.0], [4597.3, 3730.0], [4597.45, 3381.0], [4597.5, 11269.0]]}}}
{"jsonrpc": "2.0", "method": "subscription", "params": {"channel": "book.ETH-PERPETUAL.none.20.100ms", "data": {"timestamp": 1756238972943, "change_id": 83740078338, "instrument_name": "ETH-PERPETUAL", "bids": [[4595.75, 5207.0], [4595.3, 33326.0], [4595.25, 111088.0], [4595.05, 4500.0], [4595.0, 15000.0], [4594.95, 57389.0], [4594.9, 181440.0], [4594.85, 37000.0], [4594.75, 6208.0], [4594.65, 9339.0], [4594.5, 36673.0], [4594.45, 32298.0], [4594.4, 46845.0], [4594.25, 472.0], [4594.05, 4503.0], [4594.0, 61364.0], [4593.9, 9305.0], [4593.75, 1228.0], [4593.6, 11345.0], [4593.5, 1138.0]], "asks": [[4595.8, 10086.0], [4595.85, 10000.0], [4596.05, 4468.0], [4596.1, 10000.0], [4596.25, 4893.0], [4596.5, 16850.0], [4596.7, 20002.0], [4596.75, 86002.0], [4596.8, 181440.0], [4596.9, 15000.0], [4597.0, 17779.0], [4597.05, 6188.0], [4597.1, 30317.0], [4597.15, 11268.0], [4597.25, 20.0], [4597.3, 3730.0], [4597.45, 3381.0], [4597.5, 11269.0], [4597.55, 6832.0], [4597.6, 9339.0]]}}}
{"jsonrpc": "2.0", "method": "subscription", "params": {"channel": "book.ETH-PERPETUAL.none.20.100ms", "data": {"timestamp": 1756238973273, "change_id": 83740079631, "instrument_name": "ETH-PERPETUAL", "bids": [[4596.2, 24903.0], [4595.65, 33319.0], [4595.6, 111063.0], [4595.4, 7302.0], [4595.35, 15000.0], [4595.25, 9339.0], [4595.2, 8100.0], [4595.15, 27000.0], [4594.95, 68743.0], [4594.9, 192760.0], [4594.75, 20432.0], [4594.65, 9339.0], [4594.5, 86673.0], [4594.45, 20978.0], [4594.4, 46845.0], [4594.25, 1610.0], [4594.2, 986.0], [4594.05, 4503.0], [4594.0, 11364.0], [4593.95, 3160.0]], "asks": [[4596.25, 8193.0], [4596.5, 33321.0], [4596.55, 111063.0], [4596.75, 74734.0], [4596.8, 181440.0], [4597.0, 23721.0], [4597.1, 20002.0], [4597.15, 11268.0], [4597.25, 17798.0], [4597.3, 3381.0], [4597.5, 11269.0], [4597.55, 11651.0], [4597.6, 30317.0], [4597.7, 11354.0], [4597.75, 12.0], [4597.8, 110.0], [4597.95, 3380.0], [4598.0, 11268.0], [4598.25, 29064.0], [4598.3, 20726.0]]}}}
{"jsonrpc": "2.0", "method": "subscription", "params": {"channel": "book.ETH-PERPETUAL.none.20.100ms", "data": {"timestamp": 1756238973595, "change_id": 83740080485, "instrument_name": "ETH-PERPETUAL", "bids": [[4596.2, 1201.0], [4595.75, 16100.0], [4595.65, 33319.0], [4595.6, 111063.0], [4595.5, 192342.0], [4595.25, 24339.0], [4595.1, 10725.0], [4595.05, 10000.0], [4595.0, 33862.0], [4594.95, 11354.0], [4594.9, 11320.0], [4594.85, 200.0], [4594.75, 20432.0], [4594.65, 9339.0], [4594.5, 86673.0], [4594.45, 20978.0], [4594.4, 46845.0], [4594.3, 11354.0], [4594.25, 1610.0], [4594.2, 986.0]], "asks": [[4596.25, 55687.0], [4596.4, 16100.0], [4596.45, 10000.0], [4596.5, 33321.0], [4596.55, 111063.0], [4596.75, 64071.0], [4596.8, 191440.0], [4597.0, 40005.0], [4597.05, 8720.0], [4597.15, 11268.0], [4597.25, 17798.0], [4597.3, 3381.0], [4597.5, 11269.0], [4597.55, 11651.0], [4597.6, 30317.0], [4597.7, 11354.0], [4597.75, 12.0], [4597.8, 110.0], [4597.95, 3520.0], [4598.0, 12740.0]]}}}
{"jsonrpc": "2.0", "method": "subscription", "params": {"channel": "book.ETH-PERPETUAL.none.20.100ms", "data": {"timestamp": 1756238973934, "change_id": 83740081290, "instrument_name": "ETH-PERPETUAL", "bids": [[4596.2, 28509.0], [4595.8, 4830.0], [4595.75, 16100.0], [4595.65, 83586.0], [4595.6, 126063.0], [4595.5, 192342.0], [4595.3, 27000.0], [4595.25, 9339.0], [4595.0, 6862.0], [4594.95, 11354.0], [4594.9, 11320.0], [4594.85, 200.0], [4594.75, 20432.0], [4594.65, 9339.0], [4594.5, 86673.0], [4594.45, 20978.0], [4594.4, 46845.0], [4594.3, 11354.0], [4594.25, 1610.0], [4594.2, 986.0]], "asks": [[4596.25, 11201.0], [4596.45, 10000.0], [4596.5, 33321.0], [4596.55, 111063.0], [4596.75, 54732.0], [4596.8, 191440.0], [4597.0, 40005.0], [4597.05, 3386.0], [4597.15, 11268.0], [4597.25, 20.0], [4597.3, 8291.0], [4597.45, 17778.0], [4597.5, 11269.0], [4597.55, 11651.0], [4597.6, 30317.0], [4597.7, 11354.0], [4597.75, 12.0], [4597.8, 110.0], [4597.95, 3380.0], [4598.0, 12880.0]]}}}
{"jsonrpc": "2.0", "method": "subscription", "params": {"channel": "book.ETH-PERPETUAL.none.20.100ms", "data": {"timestamp": 1756238974257, "change_id": 83740081650, "instrument_name": "ETH-PERPETUAL", "bids": [[4596.2, 1201.0], [4596.0, 10000.0], [4595.85, 4830.0], [4595.75, 16100.0], [4595.65, 83586.0], [4595.6, 126063.0], [4595.5, 192342.0], [4595.35, 200.0], [4595.3, 37000.0], [4595.25, 9339.0], [4595.0, 6862.0], [4594.95, 11354.0], [4594.9, 11320.0], [4594.75, 20432.0], [4594.65, 9339.0], [4594.5, 86673.0], [4594.45, 20978.0], [4594.4, 46845.0], [4594.3, 11354.0], [4594.25, 1610.0]], "asks": [[4596.25, 14696.0], [4596.4, 3001.0], [4596.45, 10000.0], [4596.5, 33321.0], [4596.55, 111063.0], [4596.75, 54732.0], [4596.8, 191440.0], [4596.85, 15000.0], [4596.95, 20002.0], [4597.0, 20003.0], [4597.05, 3386.0], [4597.15, 11268.0], [4597.25, 20.0], [4597.3, 8291.0], [4597.45, 17778.0], [4597.5, 11269.0], [4597.55, 16610.0], [4597.6, 48855.0], [4597.7, 11494.0], [4597.75, 12.0]]}}}
{"jsonrpc": "2.0", "method": "subscription", "params": {"channel": "book.ETH-PERPETUAL.none.20.100ms", "data": {"timestamp": 1756238974578, "change_id": 83740082281, "instrument_name": "ETH-PERPETUAL", "bids": [[4596.2, 17301.0], [4596.0, 16100.0], [4595.85, 7830.0], [4595.8, 16100.0], [4595.75, 10000.0], [4595.7, 111106.0], [4595.65, 54767.0], [4595.6, 15000.0], [4595.5, 192342.0], [4595.35, 200.0], [4595.3, 37000.0], [4595.25, 9339.0], [4595.0, 6862.0], [4594.95, 11354.0], [4594.9, 11320.0], [4594.75, 20432.0], [4594.65, 9339.0], [4594.5, 86673.0], [4594.45, 20978.0], [4594.4, 46845.0]], "asks": [[4596.25, 14696.0], [4596.35, 3001.0], [4596.45, 10000.0], [4596.5, 33321.0], [4596.55, 111063.0], [4596.7, 13500.0], [4596.75, 54732.0], [4596.8, 191440.0], [4596.85, 20002.0], [4597.0, 20003.0], [4597.05, 3386.0], [4597.1, 140.0], [4597.15, 11268.0], [4597.25, 20.0], [4597.3, 8291.0], [4597.45, 17778.0], [4597.5, 11269.0], [4597.55, 16610.0], [4597.6, 48855.0], [4597.7, 11354.0]]}}}
{"jsonrpc": "2.0", "method": "subscription", "params": {"channel": "book.ETH-PERPETUAL.none.20.100ms", "data": {"timestamp": 1756238974925, "change_id": 83740082887, "instrument_name": "ETH-PERPETUAL", "bids": [[4596.2, 17301.0], [4596.05, 10000.0], [4596.0, 16100.0], [4595.9, 7830.0], [4595.85, 10000.0], [4595.8, 16100.0], [4595.7, 111106.0], [4595.65, 54767.0], [4595.6, 15200.0], [4595.5, 192342.0], [4595.3, 37000.0], [4595.25, 9339.0], [4595.05, 15000.0], [4595.0, 56862.0], [4594.95, 11354.0], [4594.9, 11320.0], [4594.75, 6208.0], [4594.65, 9339.0], [4594.5, 36673.0], [4594.45, 20978.0]], "asks": [[4596.25, 20007.0], [4596.35, 3001.0], [4596.45, 10000.0], [4596.5, 33321.0], [4596.55, 111063.0], [4596.65, 13500.0], [4596.75, 54732.0], [4596.8, 191440.0], [4596.95, 20002.0], [4597.0, 20003.0], [4597.05, 3386.0], [4597.1, 140.0], [4597.15, 11268.0], [4597.25, 20.0], [4597.3, 8291.0], [4597.45, 17778.0], [4597.5, 11269.0], [4597.55, 16610.0], [4597.6, 48855.0], [4597.7, 11354.0]]}}}
{"jsonrpc": "2.0", "method": "subscription", "params": {"channel": "book.ETH-PERPETUAL.none.20.100ms", "data": {"timestamp": 1756238975255, "change_id": 83740083525, "instrument_name": "ETH-PERPETUAL", "bids": [[4596.2, 1201.0], [4596.05, 4830.0], [4596.0, 16100.0], [4595.9, 4830.0], [4595.8, 16100.0], [4595.7, 111106.0], [4595.65, 54767.0], [4595.6, 15200.0], [4595.5, 192342.0], [4595.25, 9339.0], [4595.1, 23100.0], [4595.05, 27000.0], [4595.0, 56862.0], [4594.95, 11354.0], [4594.9, 11320.0], [4594.75, 6208.0], [4594.65, 9339.0], [4594.5, 36673.0], [4594.45, 20978.0], [4594.4, 46845.0]], "asks": [[4596.25, 9528.0], [4596.5, 2.0], [4596.7, 33296.0], [4596.75, 165718.0], [4596.8, 181440.0], [4597.0, 29432.0], [4597.1, 20142.0], [4597.15, 11268.0], [4597.25, 20.0], [4597.3, 11728.0], [4597.35, 13500.0], [4597.45, 17778.0], [4597.5, 11269.0], [4597.55, 16610.0], [4597.6, 48855.0], [4597.7, 11354.0], [4597.75, 12.0], [4597.8, 110.0], [4597.95, 3380.0], [4598.0, 12740.0]]}}}
{"jsonrpc": "2.0", "method": "subscription", "params": {"channel": "book.ETH-PERPETUAL.none.20.100ms", "data": {"timestamp": 1756238975494, "change_id": 83740083846, "instrument_name": "ETH-PERPETUAL", "bids": [[4596.2, 1201.0], [4596.1, 16100.0], [4595.7, 90.0], [4595.65, 54767.0], [4595.6, 15200.0], [4595.5, 192342.0], [4595.35, 27000.0], [4595.25, 9339.0], [4595.1, 15000.0], [4595.0, 56862.0], [4594.95, 11354.0], [4594.9, 11320.0], [4594.75, 6208.0], [4594.65, 9339.0], [4594.5, 36673.0], [4594.45, 20978.0], [4594.4, 46845.0], [4594.3, 11354.0], [4594.25, 1610.0], [4594.2, 986.0]], "asks": [[4596.25, 21767.0], [4596.3, 10000.0], [4596.35, 3001.0], [4596.4, 10000.0], [4596.5, 2.0], [4596.65, 16100.0], [4596.7, 49396.0], [4596.75, 165718.0], [4596.8, 181440.0], [4597.0, 28962.0], [4597.1, 20002.0], [4597.15, 11268.0], [4597.25, 20.0], [4597.3, 8714.0], [4597.45, 17778.0], [4597.5, 11269.0], [4597.55, 16610.0], [4597.6, 48855.0], [4597.7, 11354.0], [4597.75, 12.0]]}}}
{"jsonrpc": "2.0", "method": "subscription", "params": {"channel": "book.ETH-PERPETUAL.none.20.100ms", "data": {"timestamp": 1756238975879, "change_id": 83740084655, "instrument_name": "ETH-PERPETUAL", "bids": [[4596.2, 1201.0], [4596.1, 16100.0], [4595.9, 200.0], [4595.85, 33290.0], [4595.8, 110967.0], [4595.7, 90.0], [4595.65, 64767.0], [4595.6, 15000.0], [4595.5, 192342.0], [4595.35, 37000.0], [4595.25, 9339.0], [4595.1, 15000.0], [4595.0, 56862.0], [4594.95, 11354.0], [4594.9, 11320.0], [4594.75, 6208.0], [4594.65, 9339.0], [4594.5, 36673.0], [4594.45, 20978.0], [4594.4, 46845.0]], "asks": [[4596.25, 21767.0], [4596.3, 10000.0], [4596.35, 3001.0], [4596.4, 10000.0], [4596.5, 2.0], [4596.65, 16100.0], [4596.7, 49396.0], [4596.75, 165718.0], [4596.8, 181440.0], [4596.85, 10000.0], [4596.95, 20002.0], [4597.0, 23431.0], [4597.15, 11268.0], [4597.25, 20.0], [4597.3, 8714.0], [4597.45, 17778.0], [4597.5, 11269.0], [4597.55, 16610.0], [4597.6, 48855.0], [4597.7, 11354.0]]}}}
{"jsonrpc": "2.0", "method": "subscription", "params": {"channel": "book.ETH-PERPETUAL.none.20.100ms", "data": {"timestamp": 1756238976248, "change_id": 83740085112, "instrument_name": "ETH-PERPETUAL", "bids": [[4596.2, 1201.0], [4595.9, 200.0], [4595.85, 33290.0], [4595.8, 110967.0], [4595.7, 90.0], [4595.65, 54767.0], [4595.5, 207342.0], [4595.25, 9339.0], [4595.1, 24225.0], [4595.05, 10000.0], [4595.0, 83862.0], [4594.95, 11354.0], [4594.9, 11320.0], [4594.75, 6208.0], [4594.65, 9339.0], [4594.5, 36673.0], [4594.45, 20978.0], [4594.4, 46845.0], [4594.3, 11354.0], [4594.25, 1610.0]], "asks": [[4596.25, 21767.0], [4596.3, 10000.0], [4596.35, 3001.0], [4596.4, 10000.0], [4596.5, 2.0], [4596.65, 16100.0], [4596.7, 49396.0], [4596.75, 175057.0], [4596.8, 181440.0], [4596.85, 10000.0], [4596.95, 20002.0], [4597.0, 23431.0], [4597.15, 11268.0], [4597.25, 20.0], [4597.3, 8714.0], [4597.45, 17778.0], [4597.5, 11269.0], [4597.55, 16610.0], [4597.6, 48855.0], [4597.7, 11354.0]]}}}
{"jsonrpc": "2.0", "method": "subscription", "params": {"channel": "book.ETH-PERPETUAL.none.20.100ms", "data": {"timestamp": 1756238976569, "change_id": 83740086035, "instrument_name": "ETH-PERPETUAL", "bids": [[4595.7, 16190.0], [4595.55, 16100.0], [4595.5, 192342.0], [4595.45, 110967.0], [4595.35, 200.0], [4595.0, 10444.0], [4594.95, 11354.0], [4594.9, 26320.0], [4594.75, 20432.0], [4594.65, 9339.0], [4594.55, 27000.0], [4594.5, 86673.0], [4594.45, 20978.0], [4594.4, 46845.0], [4594.3, 11354.0], [4594.25, 472.0], [4594.2, 986.0], [4594.05, 4503.0], [4594.0, 11364.0], [4593.95, 3160.0]], "asks": [[4595.75, 7679.0], [4595.8, 95.0], [4595.9, 10000.0], [4596.3, 35916.0], [4596.35, 120967.0], [4596.5, 42306.0], [4596.7, 20002.0], [4596.75, 64071.0], [4596.8, 181440.0], [4597.0, 3429.0], [4597.05, 17778.0], [4597.15, 11268.0], [4597.25, 20.0], [4597.5, 11269.0], [4597.55, 16610.0], [4597.6, 48855.0], [4597.7, 11354.0], [4597.75, 12.0], [4597.8, 110.0], [4597.95, 3380.0]]}}}
{"jsonrpc": "2.0", "method": "subscription", "params": {"channel": "book.ETH-PERPETUAL.none.20.100ms", "data": {"timestamp": 1756238976911, "change_id": 83740086974, "instrument_name": "ETH-PERPETUAL", "bids": [[4595.7, 36397.0], [4595.55, 58758.0], [4595.5, 192342.0], [4595.45, 110967.0], [4595.25, 10555.0], [4595.2, 9353.0], [4595.15, 27000.0], [4595.0, 9802.0], [4594.95, 21354.0], [4594.9, 11320.0], [4594.75, 20432.0], [4594.65, 9339.0], [4594.5, 86673.0], [4594.45, 20978.0], [4594.4, 46845.0], [4594.3, 11354.0], [4594.25, 472.0], [4594.2, 986.0], [4594.05, 4503.0], [4594.0, 11364.0]], "asks": [[4595.75, 6201.0], [4595.8, 95.0], [4596.0, 7050.0], [4596.05, 10040.0], [4596.15, 13500.0], [4596.3, 35916.0], [4596.35, 110967.0], [4596.5, 5652.0], [4596.75, 74734.0], [4596.8, 181440.0], [4596.95, 20002.0], [4597.0, 3429.0], [4597.15, 11268.0], [4597.25, 20.0], [4597.45, 17778.0], [4597.5, 11269.0], [4597.55, 16610.0], [4597.6, 48855.0], [4597.7, 11354.0], [4597.75, 12.0]]}}}
{"jsonrpc": "2.0", "method": "subscription", "params": {"channel": "book.ETH-PERPETUAL.none.20.100ms", "data": {"timestamp": 1756238977241, "change_id": 83740087550, "instrument_name": "ETH-PERPETUAL", "bids": [[4595.7, 45750.0], [4595.65, 12000.0], [4595.55, 68758.0], [4595.5, 213367.0], [4595.45, 110967.0], [4595.25, 10906.0], [4595.2, 19353.0], [4595.15, 27000.0], [4595.0, 6802.0], [4594.95, 11354.0], [4594.9, 11320.0], [4594.75, 20432.0], [4594.65, 9339.0], [4594.5, 86673.0], [4594.45, 20978.0], [4594.4, 46845.0], [4594.3, 11354.0], [4594.25, 472.0], [4594.2, 986.0], [4594.05, 4503.0]], "asks": [[4595.75, 5000.0], [4596.0, 10000.0], [4596.2, 3000.0], [4596.25, 10000.0], [4596.45, 6385.0], [4596.5, 24283.0], [4596.65, 10000.0], [4596.75, 54732.0], [4596.8, 181440.0], [4596.95, 20002.0], [4597.0, 9388.0], [4597.1, 20002.0], [4597.15, 11268.0], [4597.25, 20.0], [4597.45, 17778.0], [4597.5, 11269.0], [4597.55, 16610.0], [4597.6, 48855.0], [4597.7, 11354.0], [4597.75, 12.0]]}}}
{"jsonrpc": "2.0", "method": "subscription", "params": {"channel": "book.ETH-PERPETUAL.none.20.100ms", "data": {"timestamp": 1756238977527, "change_id": 83740087866, "instrument_name": "ETH-PERPETUAL", "bids": [[4595.7, 45750.0], [4595.65, 12000.0], [4595.6, 16100.0], [4595.55, 68758.0], [4595.5, 213367.0], [4595.45, 110967.0], [4595.3, 27000.0], [4595.25, 20080.0], [4595.2, 19353.0], [4595.0, 56802.0], [4594.95, 11354.0], [4594.9, 11320.0], [4594.75, 6208.0], [4594.65, 9339.0], [4594.5, 36673.0], [4594.45, 20978.0], [4594.4, 46845.0], [4594.3, 12492.0], [4594.25, 472.0], [4594.2, 986.0]], "asks": [[4595.75, 5000.0], [4596.4, 10000.0], [4596.45, 6385.0], [4596.5, 24283.0], [4596.7, 13500.0], [4596.75, 54732.0], [4596.8, 181440.0], [4596.9, 20002.0], [4596.95, 20002.0], [4597.0, 1.0], [4597.1, 3386.0], [4597.15, 11268.0], [4597.25, 20.0], [4597.4, 8714.0], [4597.45, 17778.0], [4597.5, 11269.0], [4597.55, 16610.0], [4597.6, 30317.0], [4597.7, 11354.0], [4597.75, 12.0]]}}}
{"jsonrpc": "2.0", "method": "subscription", "params": {"channel": "book.ETH-PERPETUAL.none.20.100ms", "data": {"timestamp": 1756238977900, "change_id": 83740088848, "instrument_name": "ETH-PERPETUAL", "bids": [[4595.7, 36397.0], [4595.65, 12000.0], [4595.6, 16100.0], [4595.55, 58758.0], [4595.5, 213367.0], [4595.45, 110967.0], [4595.4, 10000.0], [4595.3, 27000.0], [4595.25, 20080.0], [4595.2, 9353.0], [4595.0, 56802.0], [4594.95, 11354.0], [4594.9, 21320.0], [4594.75, 6208.0], [4594.65, 9339.0], [4594.5, 36673.0], [4594.45, 20978.0], [4594.4, 46845.0], [4594.35, 42268.0], [4594.3, 12492.0]], "asks": [[4595.75, 5072.0], [4595.8, 10000.0], [4596.3, 10423.0], [4596.35, 13500.0], [4596.5, 36084.0], [4596.7, 20002.0], [4596.75, 74734.0], [4596.8, 181440.0], [4597.0, 3387.0], [4597.1, 17778.0], [4597.15, 11268.0], [4597.25, 20.0], [4597.5, 11269.0], [4597.55, 16610.0], [4597.6, 30317.0], [4597.7, 11354.0], [4597.75, 12.0], [4597.8, 110.0], [4597.95, 3380.0], [4598.0, 12740.0]]}}}
{"jsonrpc": "2.0", "method": "subscription", "params": {"channel": "book.ETH-PERPETUAL.none.20.100ms", "data": {"timestamp": 1756238978234, "change_id": 83740089379, "instrument_name": "ETH-PERPETUAL", "bids": [[4595.7, 1491.0], [4595.5, 181440.0], [4595.45, 110967.0], [4595.25, 10000.0], [4595.05, 15000.0], [4595.0, 56802.0], [4594.95, 11354.0], [4594.9, 21320.0], [4594.75, 6208.0], [4594.65, 9339.0], [4594.5, 36673.0], [4594.45, 20978.0], [4594.4, 46845.0], [4594.3, 12492.0], [4594.25, 472.0], [4594.2, 27986.0], [4594.05, 4503.0], [4594.0, 11364.0], [4593.95, 3160.0], [4593.9, 9305.0]], "asks": [[4595.75, 23147.0], [4595.8, 10000.0], [4595.85, 3000.0], [4595.9, 10000.0], [4596.2, 2806.0], [4596.25, 21726.0], [4596.3, 26374.0], [4596.5, 32494.0], [4596.75, 84087.0], [4596.8, 181440.0], [4597.0, 3387.0], [4597.1, 17778.0], [4597.15, 11268.0], [4597.25, 20.0], [4597.5, 11269.0], [4597.55, 16610.0], [4597.6, 30317.0], [4597.7, 11354.0], [4597.75, 12.0], [4597.8, 110.0]]}}}
{"jsonrpc": "2.0", "method": "subscription", "params": {"channel": "book.ETH-PERPETUAL.none.20.100ms", "data": {"timestamp": 1756238978559, "change_id": 83740089999, "instrument_name": "ETH-PERPETUAL", "bids": [[4595.7, 1291.0], [4595.55, 16100.0], [4595.5, 16100.0], [4595.45, 110966.0], [4595.3, 200.0], [4595.05, 54432.0], [4595.0, 191892.0], [4594.95, 11354.0], [4594.9, 11320.0], [4594.85, 15000.0], [4594.75, 33750.0], [4594.65, 9339.0], [4594.55, 10000.0], [4594.5, 113673.0], [4594.45, 20978.0], [4594.4, 46845.0], [4594.3, 11354.0], [4594.25, 472.0], [4594.2, 986.0], [4594.0, 11364.0]], "asks": [[4595.75, 21692.0], [4595.8, 10000.0], [4595.85, 3000.0], [4595.9, 10000.0], [4596.1, 2806.0], [4596.25, 20930.0], [4596.4, 20002.0], [4596.5, 29699.0], [4596.7, 20002.0], [4596.75, 9353.0], [4597.0, 9417.0], [4597.1, 17778.0], [4597.15, 11268.0], [4597.25, 3753.0], [4597.5, 11269.0], [4597.55, 16610.0], [4597.6, 30317.0], [4597.7, 11354.0], [4597.75, 12.0], [4597.8, 110.0]]}}}
{"jsonrpc": "2.0", "method": "subscription", "params": {"channel": "book.ETH-PERPETUAL.none.20.100ms", "data": {"timestamp": 1756238978881, "change_id": 83740090723, "instrument_name": "ETH-PERPETUAL", "bids": [[4595.7, 1291.0], [4595.55, 16100.0], [4595.5, 16100.0], [4595.45, 110966.0], [4595.3, 200.0], [4595.05, 54432.0], [4595.0, 191892.0], [4594.95, 11354.0], [4594.9, 11320.0], [4594.85, 15000.0], [4594.8, 37000.0], [4594.75, 24466.0], [4594.65, 9339.0], [4594.5, 86673.0], [4594.45, 20978.0], [4594.4, 46845.0], [4594.3, 11354.0], [4594.25, 472.0], [4594.2, 986.0], [4594.0, 11364.0]], "asks": [[4595.75, 21692.0], [4595.8, 10000.0], [4595.85, 3000.0], [4595.9, 10000.0], [4596.1, 56887.0], [4596.15, 10000.0], [4596.25, 207720.0], [4596.4, 20002.0], [4596.45, 20002.0], [4596.5, 24049.0], [4596.75, 9353.0], [4597.0, 9417.0], [4597.1, 17778.0], [4597.15, 11268.0], [4597.25, 3753.0], [4597.5, 11269.0], [4597.55, 16610.0], [4597.6, 30317.0], [4597.7, 11354.0], [4597.75, 12.0]]}}}
{"jsonrpc": "2.0", "method": "subscription", "params": {"channel": "book.ETH-PERPETUAL.none.20.100ms", "data": {"timestamp": 1756238979221, "change_id": 83740091080, "instrument_name": "ETH-PERPETUAL", "bids": [[4595.7, 5297.0], [4595.55, 16100.0], [4595.5, 16100.0], [4595.45, 110966.0], [4595.05, 54432.0], [4595.0, 181440.0], [4594.95, 30350.0], [4594.9, 11320.0], [4594.85, 15000.0], [4594.8, 37000.0], [4594.75, 24466.0], [4594.65, 9339.0], [4594.5, 86673.0], [4594.45, 20978.0], [4594.4, 46845.0], [4594.3, 11354.0], [4594.25, 472.0], [4594.2, 986.0], [4594.0, 11364.0], [4593.95, 3160.0]], "asks": [[4595.75, 6273.0], [4595.8, 10000.0], [4595.85, 3000.0], [4595.9, 10000.0], [4596.1, 56887.0], [4596.15, 23500.0], [4596.25, 193017.0], [4596.4, 20002.0], [4596.5, 29699.0], [4596.7, 20002.0], [4596.75, 9353.0], [4597.0, 3387.0], [4597.1, 17778.0], [4597.15, 11268.0], [4597.25, 3753.0], [4597.5, 11269.0], [4597.55, 16610.0], [4597.6, 30317.0], [4597.7, 11354.0], [4597.75, 12.0]]}}}
{"jsonrpc": "2.0", "method": "subscription", "params": {"channel": "book.ETH-PERPETUAL.none.20.100ms", "data": {"timestamp": 1756238979558, "change_id": 83740091776, "instrument_name": "ETH-PERPETUAL", "bids": [[4595.7, 38734.0], [4595.65, 10000.0], [4595.6, 9660.0], [4595.55, 16100.0], [4595.5, 49390.0], [4595.45, 110966.0], [4595.25, 16100.0], [4595.2, 9353.0], [4595.1, 27000.0], [4595.05, 54432.0], [4595.0, 191242.0], [4594.95, 11354.0], [4594.9, 11320.0], [4594.8, 10000.0], [4594.75, 24466.0], [4594.65, 9339.0], [4594.5, 86673.0], [4594.45, 20978.0], [4594.4, 46845.0], [4594.3, 11354.0]], "asks": [[4595.75, 6233.0], [4595.8, 10000.0], [4595.9, 10000.0], [4596.1, 56887.0], [4596.15, 10000.0], [4596.2, 15640.0], [4596.25, 181440.0], [4596.45, 33290.0], [4596.5, 122463.0], [4596.8, 14858.0], [4596.85, 33502.0], [4596.95, 20002.0], [4597.0, 3387.0], [4597.1, 17778.0], [4597.15, 11268.0], [4597.25, 3753.0], [4597.5, 11269.0], [4597.55, 16610.0], [4597.6, 30317.0], [4597.7, 11354.0]]}}}
{"jsonrpc": "2.0", "method": "subscription", "params": {"channel": "book.ETH-PERPETUAL.none.20.100ms", "data": {"timestamp": 1756238979871, "change_id": 83740092539, "instrument_name": "ETH-PERPETUAL", "bids": [[4595.7, 23734.0], [4595.65, 10000.0], [4595.6, 9660.0], [4595.55, 16100.0], [4595.5, 49390.0], [4595.45, 110966.0], [4595.25, 16100.0], [4595.2, 24353.0], [4595.1, 37000.0], [4595.05, 54432.0], [4595.0, 188242.0], [4594.95, 11354.0], [4594.9, 11320.0], [4594.75, 24466.0], [4594.65, 9339.0], [4594.5, 86673.0], [4594.45, 20978.0], [4594.4, 46845.0], [4594.3, 11354.0], [4594.25, 472.0]], "asks": [[4595.75, 6273.0], [4595.8, 10000.0], [4595.85, 3000.0], [4595.9, 10000.0], [4596.1, 56887.0], [4596.2, 15600.0], [4596.25, 181440.0], [4596.45, 66792.0], [4596.5, 122463.0], [4596.65, 20002.0], [4596.75, 9353.0], [4597.0, 3387.0], [4597.1, 17778.0], [4597.15, 11268.0], [4597.25, 3753.0], [4597.5, 11269.0], [4597.55, 16610.0], [4597.6, 30317.0], [4597.7, 11354.0], [4597.75, 12.0]]}}}
{"jsonrpc": "2.0", "method": "subscription", "params": {"channel": "book.ETH-PERPETUAL.none.20.100ms", "data": {"timestamp": 1756238980213, "change_id": 83740093571, "instrument_name": "ETH-PERPETUAL", "bids": [[4595.7, 104229.0], [4595.65, 10000.0], [4595.6, 62885.0], [4595.55, 207540.0], [4595.5, 49390.0], [4595.45, 110966.0], [4595.25, 21906.0], [4595.2, 9353.0], [4595.1, 10000.0], [4595.0, 6802.0], [4594.95, 11354.0], [4594.9, 11320.0], [4594.75, 24466.0], [4594.65, 9339.0], [4594.5, 86673.0], [4594.45, 20978.0], [4594.4, 46845.0], [4594.3, 11354.0], [4594.25, 472.0], [4594.2, 986.0]], "asks": [[4595.75, 100032.0], [4596.35, 40.0], [4596.5, 2.0], [4596.75, 66434.0], [4596.8, 181440.0], [4596.9, 119808.0], [4596.95, 20002.0], [4597.0, 3387.0], [4597.15, 11268.0], [4597.25, 20.0], [4597.4, 34659.0], [4597.5, 11269.0], [4597.6, 9339.0], [4597.7, 11354.0], [4597.75, 20990.0], [4597.8, 110.0], [4598.0, 12740.0], [4598.05, 4893.0], [4598.25, 14154.0], [4598.3, 20726.0]]}}}
{"jsonrpc": "2.0", "method": "subscription", "params": {"channel": "book.ETH-PERPETUAL.none.20.100ms", "data": {"timestamp": 1756238980549, "change_id": 83740094691, "instrument_name": "ETH-PERPETUAL", "bids": [[4595.7, 90.0], [4594.8, 200.0], [4594.7, 181440.0], [4594.55, 1228.0], [4594.5, 16663.0], [4594.4, 47983.0], [4594.25, 472.0], [4594.2, 986.0], [4594.1, 17009.0], [4594.05, 20258.0], [4594.0, 50010.0], [4593.65, 3404.0], [4593.6, 11345.0], [4593.3, 3539.0], [4593.25, 11263.0], [4593.1, 6191.0], [4593.05, 11181.0], [4593.0, 32308.0], [4592.95, 65000.0], [4592.75, 11173.0]], "asks": [[4595.75, 123472.0], [4595.8, 10000.0], [4595.9, 3000.0], [4595.95, 10000.0], [4596.0, 86016.0], [4596.05, 110965.0], [4596.15, 181440.0], [4596.25, 9353.0], [4596.5, 2.0], [4596.55, 2806.0], [4596.75, 14687.0], [4596.8, 17778.0], [4597.0, 7437.0], [4597.05, 13500.0], [4597.15, 11268.0], [4597.25, 3754.0], [4597.4, 3381.0], [4597.5, 11269.0], [4597.6, 9339.0], [4597.7, 11354.0]]}}}
{"jsonrpc": "2.0", "method": "subscription", "params": {"channel": "book.ETH-PERPETUAL.none.20.100ms", "data": {"timestamp": 1756238980879, "change_id": 83740096782, "instrument_name": "ETH-PERPETUAL", "bids": [[4594.55, 4006.0], [4594.4, 46930.0], [4594.25, 472.0], [4594.2, 48544.0], [4594.15, 181440.0], [4594.0, 10.0], [4593.95, 9692.0], [4593.9, 20978.0], [4593.8, 11327.0], [4593.7, 15000.0], [4593.65, 17978.0], [4593.6, 11345.0], [4593.55, 9353.0], [4593.5, 50000.0], [4593.45, 27000.0], [4593.3, 3539.0], [4593.25, 11263.0], [4593.2, 14291.0], [4593.05, 11181.0], [4593.0, 42051.0]], "asks": [[4594.6, 11296.0], [4594.65, 40.0], [4594.7, 3000.0], [4594.75, 10000.0], [4595.0, 9300.0], [4595.2, 20002.0], [4595.25, 13500.0], [4595.5, 132384.0], [4595.55, 130967.0], [4595.6, 190793.0], [4595.7, 16100.0], [4595.75, 129783.0], [4595.9, 50118.0], [4596.0, 2806.0], [4596.25, 12762.0], [4596.3, 11362.0], [4596.5, 2.0], [4596.55, 5864.0], [4596.75, 20715.0], [4597.0, 1.0]]}}}
{"jsonrpc": "2.0", "method": "subscription", "params": {"channel": "book.ETH-PERPETUAL.none.20.100ms", "data": {"timestamp": 1756238981209, "change_id": 83740097551, "instrument_name": "ETH-PERPETUAL", "bids": [[4594.55, 5207.0], [4594.4, 56930.0], [4594.25, 10472.0], [4594.2, 48544.0], [4594.15, 181440.0], [4594.05, 15000.0], [4594.0, 10.0], [4593.95, 16580.0], [4593.9, 30978.0], [4593.8, 11327.0], [4593.75, 27000.0], [4593.65, 17978.0], [4593.6, 11345.0], [4593.55, 9353.0], [4593.5, 50000.0], [4593.3, 3539.0], [4593.25, 11263.0], [4593.1, 6191.0], [4593.05, 11181.0], [4593.0, 32308.0]], "asks": [[4594.6, 11339.0], [4594.65, 40.0], [4594.7, 3000.0], [4594.75, 10000.0], [4595.0, 9638.0], [4595.2, 30002.0], [4595.25, 13500.0], [4595.5, 132384.0], [4595.55, 130967.0], [4595.6, 190793.0], [4595.7, 16100.0], [4595.75, 128705.0], [4595.9, 32340.0], [4595.95, 17778.0], [4596.0, 2806.0], [4596.25, 12762.0], [4596.3, 11362.0], [4596.4, 4893.0], [4596.5, 18903.0], [4596.55, 42287.0]]}}}
{"jsonrpc": "2.0", "method": "subscription", "params": {"channel": "book.ETH-PERPETUAL.none.20.100ms", "data": {"timestamp": 1756238981537, "change_id": 83740099195, "instrument_name": "ETH-PERPETUAL", "bids": [[4594.4, 51852.0], [4594.25, 472.0], [4594.05, 16100.0], [4594.0, 10.0], [4593.6, 200.0], [4593.4, 44960.0], [4593.3, 57389.0], [4593.25, 192703.0], [4593.15, 16178.0], [4593.1, 32304.0], [4593.05, 12167.0], [4593.0, 16889.0], [4592.8, 15000.0], [4592.75, 11173.0], [4592.7, 26607.0], [4592.65, 28138.0], [4592.5, 63903.0], [4592.3, 9062.0], [4592.25, 7.0], [4592.2, 3402.0]], "asks": [[4594.45, 43760.0], [4594.5, 8661.0], [4594.6, 10137.0], [4594.7, 20001.0], [4594.9, 33290.0], [4594.95, 110965.0], [4595.0, 63407.0], [4595.05, 201442.0], [4595.1, 9353.0], [4595.5, 42560.0], [4595.55, 17778.0], [4595.6, 9353.0], [4595.75, 112367.0], [4595.9, 32340.0], [4596.0, 3875.0], [4596.1, 3734.0], [4596.25, 12762.0], [4596.3, 11362.0], [4596.4, 4893.0], [4596.5, 6217.0]]}}}
{"jsonrpc": "2.0", "method": "subscription", "params": {"channel": "book.ETH-PERPETUAL.none.20.100ms", "data": {"timestamp": 1756238981870, "change_id": 83740100214, "instrument_name": "ETH-PERPETUAL", "bids": [[4594.4, 48046.0], [4594.25, 472.0], [4594.05, 16100.0], [4594.0, 10.0], [4593.9, 10000.0], [4593.85, 200.0], [4593.75, 3000.0], [4593.6, 15000.0], [4593.4, 44960.0], [4593.3, 57389.0], [4593.25, 229703.0], [4593.15, 16178.0], [4593.1, 32304.0], [4593.05, 12167.0], [4593.0, 12808.0], [4592.75, 11173.0], [4592.7, 18696.0], [4592.5, 63903.0], [4592.3, 9062.0], [4592.25, 7.0]], "asks": [[4594.45, 43744.0], [4594.5, 3041.0], [4594.6, 10137.0], [4594.85, 20002.0], [4594.9, 53292.0], [4594.95, 110965.0], [4595.0, 63407.0], [4595.05, 191440.0], [4595.1, 9353.0], [4595.25, 5333.0], [4595.45, 17778.0], [4595.5, 42560.0], [4595.6, 9353.0], [4595.75, 112367.0], [4595.9, 32340.0], [4596.0, 3875.0], [4596.1, 3734.0], [4596.25, 12762.0], [4596.3, 11362.0], [4596.4, 4893.0]]}}}
