{"jsonrpc": "2.0", "id": 1, "result": ["book.ETH-PERPETUAL.none.20.100ms"], "usIn": 1767799531290277, "usOut": 1767799531290450, "usDiff": 173, "testnet": false}
{"jsonrpc": "2.0", "method": "subscription", "params": {"channel": "book.ETH-PERPETUAL.none.20.100ms", "data": {"timestamp": 1767799531281, "change_id": 104081179570, "instrument_name": "ETH-PERPETUAL", "bids": [[3150.75, 910.0], [3150.55, 30599.0], [3150.5, 16000.0], [3150.45, 4776.0], [3150.3, 16000.0], [3150.25, 6411.0], [3150.15, 17734.0], [3150.1, 16200.0], [3150.05, 8000.0], [3150.0, 8140.0], [3149.95, 5882.0], [3149.9, 16002.0], [3149.85, 8482.0], [3149.75, 8.0], [3149.7, 16000.0], [3149.65, 5072.0], [3149.6, 7503.0], [3149.55, 9137.0], [3149.5, 4777.0], [3149.45, 3712.0]], "asks": [[3150.8, 7061.0], [3151.0, 1097.0], [3151.05, 3205.0], [3151.1, 3674.0], [3151.3, 20500.0], [3151.55, 4819.0], [3151.6, 19710.0], [3151.65, 10287.0], [3151.8, 16000.0], [3151.85, 16032.0], [3151.9, 50000.0], [3151.95, 8495.0], [3152.0, 16000.0], [3152.05, 1450.0], [3152.1, 1107.0], [3152.15, 3700.0], [3152.25, 5015.0], [3152.3, 16000.0], [3152.35, 800.0], [3152.4, 1104.0]]}}}
{"jsonrpc": "2.0", "method": "subscription", "params": {"channel": "book.ETH-PERPETUAL.none.20.100ms", "data": {"timestamp": 1767799531526, "change_id": 104081180474, "instrument_name": "ETH-PERPETUAL", "bids": [[3150.55, 29820.0], [3150.45, 5970.0], [3150.35, 20000.0], [3150.15, 7265.0], [3150.1, 16200.0], [3150.05, 8000.0], [3150.0, 14576.0], [3149.9, 17858.0], [3149.85, 13176.0], [3149.8, 17771.0], [3149.75, 8.0], [3149.7, 16000.0], [3149.65, 5072.0], [3149.6, 4504.0], [3149.55, 9137.0], [3149.5, 4777.0], [3149.45, 3712.0], [3149.4, 16000.0], [3149.35, 14927.0], [3149.3, 52999.0]], "asks": [[3150.6, 7061.0], [3150.75, 7957.0], [3150.8, 20500.0], [3151.0, 1881.0], [3151.05, 7397.0], [3151.3, 122.0], [3151.35, 4961.0], [3151.4, 19710.0], [3151.45, 1078.0], [3151.5, 24570.0], [3151.55, 50000.0], [3151.6, 19710.0], [3151.65, 173.0], [3151.7, 1855.0], [3151.75, 7411.0], [3151.8, 26873.0], [3151.85, 1107.0], [3151.95, 8495.0], [3152.0, 16000.0], [3152.1, 1107.0]]}}}
{"jsonrpc": "2.0", "method": "subscription", "params": {"channel": "book.ETH-PERPETUAL.none.20.100ms", "data": {"timestamp": 1767799531857, "change_id": 104081181450, "instrument_name": "ETH-PERPETUAL", "bids": [[3150.75, 556.0], [3150.55, 1768.0], [3150.25, 5000.0], [3150.15, 10707.0], [3150.1, 20200.0], [3150.05, 8000.0], [3150.0, 16433.0], [3149.9, 16002.0], [3149.85, 8482.0], [3149.75, 8.0], [3149.7, 16000.0], [3149.65, 5072.0], [3149.6, 4504.0], [3149.55, 9137.0], [3149.5, 4777.0], [3149.45, 3712.0], [3149.4, 16000.0], [3149.25, 6443.0], [3149.2, 19704.0], [3149.0, 3003.0]], "asks": [[3150.8, 75875.0], [3151.05, 10131.0], [3151.15, 16000.0], [3151.2, 20500.0], [3151.35, 20728.0], [3151.4, 19710.0], [3151.5, 1855.0], [3151.55, 5895.0], [3151.6, 19710.0], [3151.65, 40.0], [3151.75, 11121.0], [3151.8, 26873.0], [3151.85, 1107.0], [3151.9, 3001.0], [3151.95, 8495.0], [3152.0, 16000.0], [3152.1, 1107.0], [3152.15, 3700.0], [3152.25, 5015.0], [3152.3, 16000.0]]}}}
{"jsonrpc": "2.0", "method": "subscription", "params": {"channel": "book.ETH-PERPETUAL.none.20.100ms", "data": {"timestamp": 1767799532181, "change_id": 104081182560, "instrument_name": "ETH-PERPETUAL", "bids": [[3150.25, 4279.0], [3150.1, 25700.0], [3150.0, 20452.0], [3149.95, 20000.0], [3149.9, 16002.0], [3149.85, 12778.0], [3149.75, 8.0], [3149.7, 16000.0], [3149.65, 5072.0], [3149.6, 4504.0], [3149.55, 15021.0], [3149.45, 3712.0], [3149.4, 17857.0], [3149.35, 6202.0], [3149.3, 17771.0], [3149.25, 6443.0], [3149.2, 19704.0], [3149.05, 2999.0], [3149.0, 4.0], [3148.95, 5882.0]], "asks": [[3150.3, 7061.0], [3150.55, 20500.0], [3150.75, 7061.0], [3150.8, 230.0], [3150.95, 16104.0], [3151.05, 21618.0], [3151.1, 3710.0], [3151.15, 66000.0], [3151.35, 4961.0], [3151.4, 19710.0], [3151.55, 5895.0], [3151.6, 19710.0], [3151.65, 10.0], [3151.75, 14122.0], [3151.8, 26873.0], [3151.9, 1107.0], [3151.95, 8495.0], [3152.0, 16000.0], [3152.1, 1107.0], [3152.15, 3700.0]]}}}
{"jsonrpc": "2.0", "method": "subscription", "params": {"channel": "book.ETH-PERPETUAL.none.20.100ms", "data": {"timestamp": 1767799532519, "change_id": 104081183287, "instrument_name": "ETH-PERPETUAL", "bids": [[3150.25, 6058.0], [3150.15, 11300.0], [3150.1, 20700.0], [3150.0, 14576.0], [3149.9, 16002.0], [3149.85, 18138.0], [3149.8, 20000.0], [3149.75, 8.0], [3149.7, 16000.0], [3149.65, 5072.0], [3149.6, 4514.0], [3149.55, 15021.0], [3149.45, 3712.0], [3149.4, 17857.0], [3149.35, 6202.0], [3149.3, 17771.0], [3149.25, 6443.0], [3149.2, 19704.0], [3149.0, 3003.0], [3148.95, 20055.0]], "asks": [[3150.3, 27561.0], [3150.5, 6300.0], [3150.75, 7061.0], [3150.8, 230.0], [3150.95, 16104.0], [3151.05, 21618.0], [3151.1, 3710.0], [3151.15, 66000.0], [3151.35, 4961.0], [3151.4, 19710.0], [3151.55, 5895.0], [3151.6, 19710.0], [3151.65, 10.0], [3151.75, 11487.0], [3151.8, 16000.0], [3151.9, 1107.0], [3151.95, 8495.0], [3152.0, 16000.0], [3152.1, 1107.0], [3152.15, 3700.0]]}}}
{"jsonrpc": "2.0", "method": "subscription", "params": {"channel": "book.ETH-PERPETUAL.none.20.100ms", "data": {"timestamp": 1767799532843, "change_id": 104081184058, "instrument_name": "ETH-PERPETUAL", "bids": [[3150.25, 1782.0], [3150.1, 200.0], [3150.0, 8140.0], [3149.9, 2.0], [3149.85, 8000.0], [3149.75, 8.0], [3149.65, 7212.0], [3149.6, 810.0], [3149.55, 7420.0], [3149.5, 20000.0], [3149.45, 3712.0], [3149.4, 6857.0], [3149.25, 6443.0], [3149.2, 19704.0], [3149.1, 8928.0], [3149.0, 4.0], [3148.95, 32790.0], [3148.9, 3706.0], [3148.85, 16000.0], [3148.8, 1049.0]], "asks": [[3150.3, 27761.0], [3150.65, 6884.0], [3150.7, 16000.0], [3150.75, 7061.0], [3150.8, 30.0], [3150.9, 5200.0], [3150.95, 16000.0], [3151.05, 6196.0], [3151.1, 3710.0], [3151.15, 16000.0], [3151.35, 7977.0], [3151.4, 19710.0], [3151.45, 9137.0], [3151.5, 3001.0], [3151.55, 5895.0], [3151.6, 19710.0], [3151.75, 8486.0], [3151.8, 17107.0], [3151.95, 8495.0], [3152.0, 16000.0]]}}}
{"jsonrpc": "2.0", "method": "subscription", "params": {"channel": "book.ETH-PERPETUAL.none.20.100ms", "data": {"timestamp": 1767799533179, "change_id": 104081184992, "instrument_name": "ETH-PERPETUAL", "bids": [[3150.1, 200.0], [3150.0, 8140.0], [3149.9, 2.0], [3149.75, 8.0], [3149.65, 1000.0], [3149.6, 810.0], [3149.45, 2051.0], [3149.4, 18166.0], [3149.35, 20500.0], [3149.3, 20000.0], [3149.25, 6443.0], [3149.2, 19704.0], [3149.0, 2731.0], [3148.95, 15019.0], [3148.9, 3706.0], [3148.85, 16000.0], [3148.8, 6219.0], [3148.75, 3014.0], [3148.7, 17771.0], [3148.65, 3499.0]], "asks": [[3150.15, 56828.0], [3150.2, 16000.0], [3150.3, 100.0], [3150.45, 19090.0], [3150.5, 16000.0], [3150.55, 50000.0], [3150.65, 6884.0], [3150.7, 16000.0], [3150.75, 7061.0], [3150.9, 5200.0], [3150.95, 16000.0], [3151.05, 4776.0], [3151.1, 3710.0], [3151.15, 16000.0], [3151.35, 7977.0], [3151.4, 22711.0], [3151.45, 9137.0], [3151.55, 5895.0], [3151.6, 19710.0], [3151.75, 8486.0]]}}}
{"jsonrpc": "2.0", "method": "subscription", "params": {"channel": "book.ETH-PERPETUAL.none.20.100ms", "data": {"timestamp": 1767799533502, "change_id": 104081185760, "instrument_name": "ETH-PERPETUAL", "bids": [[3150.1, 200.0], [3150.0, 8140.0], [3149.9, 2.0], [3149.75, 20508.0], [3149.7, 2421.0], [3149.65, 7300.0], [3149.6, 20810.0], [3149.55, 6824.0], [3149.45, 4.0], [3149.4, 22857.0], [3149.25, 6443.0], [3149.2, 19704.0], [3149.1, 8000.0], [3149.0, 2731.0], [3148.95, 19572.0], [3148.9, 21477.0], [3148.85, 16000.0], [3148.75, 1955.0], [3148.7, 2999.0], [3148.65, 23200.0]], "asks": [[3150.15, 50398.0], [3150.2, 16000.0], [3150.3, 1881.0], [3150.4, 6300.0], [3150.45, 4776.0], [3150.5, 16000.0], [3150.65, 6884.0], [3150.7, 16000.0], [3150.75, 7086.0], [3150.8, 14925.0], [3150.85, 50000.0], [3150.9, 5200.0], [3150.95, 16000.0], [3151.05, 4776.0], [3151.1, 3710.0], [3151.15, 16000.0], [3151.35, 7977.0], [3151.4, 19710.0], [3151.45, 9137.0], [3151.5, 3001.0]]}}}
{"jsonrpc": "2.0", "method": "subscription", "params": {"channel": "book.ETH-PERPETUAL.none.20.100ms", "data": {"timestamp": 1767799533784, "change_id": 104081186191, "instrument_name": "ETH-PERPETUAL", "bids": [[3150.1, 24069.0], [3150.0, 8140.0], [3149.9, 12.0], [3149.85, 5000.0], [3149.8, 5972.0], [3149.75, 20008.0], [3149.7, 2421.0], [3149.65, 7300.0], [3149.6, 800.0], [3149.55, 6824.0], [3149.45, 4.0], [3149.4, 17857.0], [3149.25, 6443.0], [3149.2, 19704.0], [3149.1, 16928.0], [3149.05, 17771.0], [3149.0, 3003.0], [3148.95, 15019.0], [3148.9, 3706.0], [3148.85, 16000.0]], "asks": [[3150.15, 3487.0], [3150.3, 7759.0], [3150.35, 20500.0], [3150.4, 6300.0], [3150.45, 4776.0], [3150.5, 16000.0], [3150.65, 8304.0], [3150.7, 16000.0], [3150.75, 7086.0], [3150.9, 19036.0], [3150.95, 16000.0], [3151.05, 54776.0], [3151.1, 3710.0], [3151.15, 16000.0], [3151.35, 7977.0], [3151.4, 19710.0], [3151.45, 9137.0], [3151.55, 5895.0], [3151.6, 19710.0], [3151.65, 11970.0]]}}}
{"jsonrpc": "2.0", "method": "subscription", "params": {"channel": "book.ETH-PERPETUAL.none.20.100ms", "data": {"timestamp": 1767799534158, "change_id": 104081187714, "instrument_name": "ETH-PERPETUAL", "bids": [[3150.1, 200.0], [3150.0, 8140.0], [3149.9, 12.0], [3149.75, 8.0], [3149.65, 1000.0], [3149.6, 800.0], [3149.45, 4.0], [3149.4, 5000.0], [3149.3, 1859.0], [3149.25, 8.0], [3149.2, 17113.0], [3149.15, 40500.0], [3149.1, 8000.0], [3149.0, 4.0], [3148.95, 5741.0], [3148.9, 19706.0], [3148.75, 5702.0], [3148.7, 16000.0], [3148.65, 8804.0], [3148.5, 23458.0]], "asks": [[3150.15, 48086.0], [3150.2, 7776.0], [3150.25, 16000.0], [3150.3, 16565.0], [3150.4, 56300.0], [3150.45, 4776.0], [3150.5, 16000.0], [3150.65, 8304.0], [3150.7, 16000.0], [3150.75, 7061.0], [3150.9, 5200.0], [3150.95, 16000.0], [3151.0, 3001.0], [3151.05, 4776.0], [3151.1, 3710.0], [3151.15, 16000.0], [3151.35, 7977.0], [3151.4, 19710.0], [3151.45, 9137.0], [3151.55, 5895.0]]}}}
{"jsonrpc": "2.0", "method": "subscription", "params": {"channel": "book.ETH-PERPETUAL.none.20.100ms", "data": {"timestamp": 1767799534481, "change_id": 104081188355, "instrument_name": "ETH-PERPETUAL", "bids": [[3150.1, 200.0], [3150.0, 8140.0], [3149.9, 12.0], [3149.75, 8.0], [3149.65, 7300.0], [3149.6, 800.0], [3149.45, 4.0], [3149.4, 5000.0], [3149.35, 11793.0], [3149.3, 22359.0], [3149.25, 23502.0], [3149.2, 3704.0], [3149.1, 8000.0], [3149.0, 4.0], [3148.95, 5741.0], [3148.9, 19706.0], [3148.75, 5702.0], [3148.7, 16000.0], [3148.65, 8804.0], [3148.5, 23458.0]], "asks": [[3150.15, 54286.0], [3150.2, 14076.0], [3150.25, 16000.0], [3150.3, 1881.0], [3150.4, 6300.0], [3150.45, 19098.0], [3150.5, 66000.0], [3150.6, 10552.0], [3150.65, 12289.0], [3150.7, 16000.0], [3150.75, 7061.0], [3150.9, 5200.0], [3150.95, 16000.0], [3151.05, 4776.0], [3151.1, 6722.0], [3151.15, 16000.0], [3151.35, 7977.0], [3151.4, 19710.0], [3151.45, 9137.0], [3151.55, 5895.0]]}}}
{"jsonrpc": "2.0", "method": "subscription", "params": {"channel": "book.ETH-PERPETUAL.none.20.100ms", "data": {"timestamp": 1767799534830, "change_id": 104081188950, "instrument_name": "ETH-PERPETUAL", "bids": [[3150.1, 211.0], [3150.0, 8140.0], [3149.9, 2.0], [3149.75, 8.0], [3149.65, 1000.0], [3149.6, 800.0], [3149.45, 4.0], [3149.4, 5000.0], [3149.3, 1860.0], [3149.25, 8.0], [3149.15, 11307.0], [3149.1, 40500.0], [3149.0, 4.0], [3148.95, 5741.0], [3148.9, 19706.0], [3148.75, 13702.0], [3148.7, 16000.0], [3148.65, 3499.0], [3148.5, 10399.0], [3148.45, 3495.0]], "asks": [[3150.15, 57929.0], [3150.2, 11076.0], [3150.25, 16000.0], [3150.3, 16565.0], [3150.35, 50000.0], [3150.4, 6300.0], [3150.45, 4776.0], [3150.5, 16000.0], [3150.6, 10552.0], [3150.65, 10869.0], [3150.7, 16000.0], [3150.75, 7061.0], [3150.85, 3001.0], [3150.9, 5200.0], [3150.95, 16000.0], [3151.05, 4776.0], [3151.1, 3720.0], [3151.15, 16000.0], [3151.3, 5107.0], [3151.35, 25085.0]]}}}
{"jsonrpc": "2.0", "method": "subscription", "params": {"channel": "book.ETH-PERPETUAL.none.20.100ms", "data": {"timestamp": 1767799535152, "change_id": 104081189796, "instrument_name": "ETH-PERPETUAL", "bids": [[3150.1, 211.0], [3150.0, 8140.0], [3149.9, 2.0], [3149.75, 8.0], [3149.7, 6657.0], [3149.65, 21500.0], [3149.6, 800.0], [3149.55, 7464.0], [3149.45, 20004.0], [3149.4, 11443.0], [3149.35, 16000.0], [3149.3, 1860.0], [3149.25, 9693.0], [3149.1, 16000.0], [3149.0, 4.0], [3148.95, 10453.0], [3148.9, 19706.0], [3148.8, 25984.0], [3148.75, 8015.0], [3148.7, 16000.0]], "asks": [[3150.15, 30361.0], [3150.2, 4776.0], [3150.25, 16000.0], [3150.3, 3301.0], [3150.4, 6300.0], [3150.45, 4776.0], [3150.5, 16000.0], [3150.55, 25.0], [3150.6, 6884.0], [3150.65, 7981.0], [3150.7, 16000.0], [3150.75, 7061.0], [3150.8, 14925.0], [3150.85, 50000.0], [3150.9, 5200.0], [3150.95, 16000.0], [3151.05, 4776.0], [3151.1, 3720.0], [3151.15, 16000.0], [3151.35, 10978.0]]}}}
{"jsonrpc": "2.0", "method": "subscription", "params": {"channel": "book.ETH-PERPETUAL.none.20.100ms", "data": {"timestamp": 1767799535472, "change_id": 104081190443, "instrument_name": "ETH-PERPETUAL", "bids": [[3150.1, 201.0], [3150.0, 8140.0], [3149.9, 2.0], [3149.75, 8.0], [3149.65, 7300.0], [3149.6, 800.0], [3149.5, 7613.0], [3149.45, 20504.0], [3149.4, 11443.0], [3149.35, 16000.0], [3149.3, 1860.0], [3149.25, 9693.0], [3149.1, 16000.0], [3149.05, 5971.0], [3149.0, 20002.0], [3148.95, 5882.0], [3148.9, 19706.0], [3148.8, 8213.0], [3148.75, 8015.0], [3148.7, 16000.0]], "asks": [[3150.15, 36886.0], [3150.2, 11076.0], [3150.25, 16000.0], [3150.3, 3301.0], [3150.4, 6300.0], [3150.45, 19098.0], [3150.5, 16000.0], [3150.55, 50000.0], [3150.6, 6884.0], [3150.65, 7981.0], [3150.7, 16000.0], [3150.75, 7061.0], [3150.9, 5200.0], [3150.95, 16000.0], [3151.05, 4776.0], [3151.1, 6721.0], [3151.15, 16000.0], [3151.35, 7977.0], [3151.4, 19710.0], [3151.45, 9137.0]]}}}
{"jsonrpc": "2.0", "method": "subscription", "params": {"channel": "book.ETH-PERPETUAL.none.20.100ms", "data": {"timestamp": 1767799535825, "change_id": 104081190916, "instrument_name": "ETH-PERPETUAL", "bids": [[3150.1, 201.0], [3150.0, 8140.0], [3149.9, 2.0], [3149.75, 8.0], [3149.65, 7300.0], [3149.6, 800.0], [3149.5, 7613.0], [3149.45, 20504.0], [3149.4, 11443.0], [3149.35, 16000.0], [3149.3, 1860.0], [3149.25, 13705.0], [3149.1, 35998.0], [3149.0, 4.0], [3148.95, 5882.0], [3148.9, 19706.0], [3148.8, 12468.0], [3148.75, 8015.0], [3148.7, 33771.0], [3148.65, 3499.0]], "asks": [[3150.15, 34161.0], [3150.2, 4776.0], [3150.25, 16000.0], [3150.3, 3301.0], [3150.4, 6300.0], [3150.45, 19090.0], [3150.5, 16000.0], [3150.55, 50000.0], [3150.6, 6884.0], [3150.65, 8006.0], [3150.7, 16000.0], [3150.75, 7061.0], [3150.9, 5200.0], [3150.95, 16000.0], [3151.05, 4776.0], [3151.1, 3710.0], [3151.15, 16000.0], [3151.3, 3001.0], [3151.35, 7977.0], [3151.4, 19710.0]]}}}
{"jsonrpc": "2.0", "method": "subscription", "params": {"channel": "book.ETH-PERPETUAL.none.20.100ms", "data": {"timestamp": 1767799536155, "change_id": 104081191717, "instrument_name": "ETH-PERPETUAL", "bids": [[3149.9, 2.0], [3149.75, 8.0], [3149.65, 1000.0], [3149.6, 800.0], [3149.45, 4.0], [3149.25, 8.0], [3149.0, 4.0], [3148.75, 8015.0], [3148.7, 21860.0], [3148.55, 16000.0], [3148.45, 9357.0], [3148.35, 51991.0], [3148.3, 50000.0], [3148.25, 2999.0], [3148.2, 10300.0], [3148.15, 16000.0], [3148.1, 200.0], [3148.05, 8392.0], [3148.0, 90.0], [3147.95, 16000.0]], "asks": [[3149.95, 84250.0], [3150.05, 25.0], [3150.1, 26641.0], [3150.15, 40819.0], [3150.2, 4776.0], [3150.25, 16000.0], [3150.3, 3301.0], [3150.4, 6300.0], [3150.45, 19090.0], [3150.5, 16000.0], [3150.55, 50000.0], [3150.6, 6884.0], [3150.65, 7981.0], [3150.7, 16000.0], [3150.75, 10782.0], [3150.85, 3001.0], [3150.9, 5200.0], [3150.95, 16000.0], [3151.05, 4776.0], [3151.1, 3710.0]]}}}
{"jsonrpc": "2.0", "method": "subscription", "params": {"channel": "book.ETH-PERPETUAL.none.20.100ms", "data": {"timestamp": 1767799536486, "change_id": 104081193372, "instrument_name": "ETH-PERPETUAL", "bids": [[3149.75, 8.0], [3149.65, 1000.0], [3149.6, 800.0], [3149.45, 4.0], [3149.25, 8.0], [3149.0, 4.0], [3148.9, 6119.0], [3148.85, 20500.0], [3148.8, 9652.0], [3148.75, 17877.0], [3148.7, 19998.0], [3148.65, 3721.0], [3148.6, 4776.0], [3148.55, 16000.0], [3148.45, 5673.0], [3148.4, 17771.0], [3148.35, 16006.0], [3148.3, 1044.0], [3148.2, 10300.0], [3148.15, 16000.0]], "asks": [[3149.8, 10061.0], [3149.85, 6657.0], [3149.95, 26984.0], [3150.0, 21471.0], [3150.05, 51236.0], [3150.1, 3600.0], [3150.15, 8312.0], [3150.2, 4776.0], [3150.25, 16000.0], [3150.45, 4776.0], [3150.5, 16000.0], [3150.6, 6884.0], [3150.7, 16000.0], [3150.75, 10782.0], [3150.8, 3002.0], [3150.85, 1111.0], [3150.9, 8921.0], [3150.95, 16000.0], [3151.05, 4776.0], [3151.1, 3710.0]]}}}
{"jsonrpc": "2.0", "method": "subscription", "params": {"channel": "book.ETH-PERPETUAL.none.20.100ms", "data": {"timestamp": 1767799536815, "change_id": 104081194062, "instrument_name": "ETH-PERPETUAL", "bids": [[3149.75, 8.0], [3149.65, 1000.0], [3149.6, 800.0], [3149.45, 4.0], [3149.25, 8.0], [3149.2, 5000.0], [3149.1, 12389.0], [3149.05, 20500.0], [3149.0, 4.0], [3148.95, 21970.0], [3148.8, 26069.0], [3148.75, 17877.0], [3148.65, 3721.0], [3148.55, 16000.0], [3148.5, 17771.0], [3148.45, 9394.0], [3148.35, 16006.0], [3148.3, 1044.0], [3148.25, 8000.0], [3148.2, 10300.0]], "asks": [[3149.8, 66750.0], [3150.0, 6060.0], [3150.05, 16000.0], [3150.1, 1420.0], [3150.2, 4776.0], [3150.25, 16000.0], [3150.4, 14925.0], [3150.45, 54776.0], [3150.5, 16000.0], [3150.6, 6884.0], [3150.7, 16000.0], [3150.75, 10782.0], [3150.8, 3001.0], [3150.85, 1111.0], [3150.9, 8921.0], [3150.95, 16000.0], [3151.05, 4776.0], [3151.1, 3710.0], [3151.15, 16000.0], [3151.25, 17048.0]]}}}
{"jsonrpc": "2.0", "method": "subscription", "params": {"channel": "book.ETH-PERPETUAL.none.20.100ms", "data": {"timestamp": 1767799537133, "change_id": 104081194684, "instrument_name": "ETH-PERPETUAL", "bids": [[3149.75, 8.0], [3149.65, 1000.0], [3149.6, 800.0], [3149.45, 4.0], [3149.25, 8.0], [3149.05, 5000.0], [3149.0, 4.0], [3148.95, 16000.0], [3148.9, 11307.0], [3148.85, 20500.0], [3148.8, 25335.0], [3148.75, 17877.0], [3148.7, 3721.0], [3148.6, 4776.0], [3148.55, 16000.0], [3148.45, 9394.0], [3148.35, 16006.0], [3148.3, 1044.0], [3148.25, 25771.0], [3148.2, 10300.0]], "asks": [[3149.8, 34386.0], [3150.0, 19350.0], [3150.05, 16000.0], [3150.1, 1420.0], [3150.15, 50000.0], [3150.2, 4776.0], [3150.25, 16000.0], [3150.3, 3244.0], [3150.35, 10868.0], [3150.45, 4776.0], [3150.5, 16000.0], [3150.6, 6884.0], [3150.65, 3001.0], [3150.7, 16000.0], [3150.75, 10782.0], [3150.85, 1111.0], [3150.9, 8931.0], [3150.95, 16000.0], [3151.05, 4776.0], [3151.1, 3710.0]]}}}
{"jsonrpc": "2.0", "method": "subscription", "params": {"channel": "book.ETH-PERPETUAL.none.20.100ms", "data": {"timestamp": 1767799537477, "change_id": 104081195159, "instrument_name": "ETH-PERPETUAL", "bids": [[3149.75, 8.0], [3149.65, 1000.0], [3149.6, 800.0], [3149.45, 4.0], [3149.3, 6300.0], [3149.25, 5008.0], [3149.05, 10896.0], [3149.0, 20504.0], [3148.95, 16000.0], [3148.9, 6119.0], [3148.8, 25335.0], [3148.75, 17877.0], [3148.7, 3721.0], [3148.6, 4776.0], [3148.55, 16000.0], [3148.45, 9394.0], [3148.35, 16006.0], [3148.3, 1044.0], [3148.25, 25771.0], [3148.2, 10300.0]], "asks": [[3149.8, 34486.0], [3149.9, 1881.0], [3149.95, 6300.0], [3150.0, 19350.0], [3150.05, 16000.0], [3150.1, 1420.0], [3150.15, 50000.0], [3150.2, 4776.0], [3150.25, 16000.0], [3150.3, 3244.0], [3150.35, 10868.0], [3150.45, 4776.0], [3150.5, 16000.0], [3150.6, 6884.0], [3150.7, 16000.0], [3150.75, 10782.0], [3150.8, 3002.0], [3150.85, 1111.0], [3150.9, 8931.0], [3150.95, 16000.0]]}}}
{"jsonrpc": "2.0", "method": "subscription", "params": {"channel": "book.ETH-PERPETUAL.none.20.100ms", "data": {"timestamp": 1767799537775, "change_id": 104081195333, "instrument_name": "ETH-PERPETUAL", "bids": [[3149.75, 8.0], [3149.65, 1000.0], [3149.6, 800.0], [3149.45, 4.0], [3149.3, 6300.0], [3149.25, 5008.0], [3149.05, 10896.0], [3149.0, 20504.0], [3148.95, 16000.0], [3148.9, 6119.0], [3148.8, 25335.0], [3148.75, 17877.0], [3148.7, 3721.0], [3148.6, 4776.0], [3148.55, 16000.0], [3148.45, 9394.0], [3148.35, 16006.0], [3148.3, 1044.0], [3148.25, 25771.0], [3148.2, 10300.0]], "asks": [[3149.8, 34486.0], [3149.9, 1881.0], [3149.95, 6300.0], [3150.0, 6060.0], [3150.05, 16000.0], [3150.1, 1420.0], [3150.2, 19090.0], [3150.25, 66000.0], [3150.3, 3244.0], [3150.35, 10868.0], [3150.45, 4776.0], [3150.5, 16000.0], [3150.6, 6884.0], [3150.7, 16000.0], [3150.75, 10782.0], [3150.8, 3002.0], [3150.85, 1111.0], [3150.9, 8931.0], [3150.95, 16000.0], [3151.05, 4776.0]]}}}
{"jsonrpc": "2.0", "method": "subscription", "params": {"channel": "book.ETH-PERPETUAL.none.20.100ms", "data": {"timestamp": 1767799538120, "change_id": 104081195906, "instrument_name": "ETH-PERPETUAL", "bids": [[3149.75, 808.0], [3149.7, 2.0], [3149.65, 1000.0], [3149.6, 800.0], [3149.5, 2.0], [3149.3, 6300.0], [3149.25, 10.0], [3149.05, 15896.0], [3149.0, 20500.0], [3148.95, 16000.0], [3148.9, 5970.0], [3148.8, 25339.0], [3148.75, 17877.0], [3148.7, 3721.0], [3148.6, 4776.0], [3148.55, 16000.0], [3148.45, 9394.0], [3148.35, 16004.0], [3148.3, 1044.0], [3148.25, 25771.0]], "asks": [[3149.8, 35306.0], [3149.9, 3301.0], [3149.95, 6300.0], [3150.0, 6060.0], [3150.05, 16000.0], [3150.2, 19090.0], [3150.25, 66000.0], [3150.3, 3244.0], [3150.35, 10868.0], [3150.45, 4776.0], [3150.5, 16000.0], [3150.6, 6884.0], [3150.7, 16000.0], [3150.75, 10782.0], [3150.8, 3001.0], [3150.85, 1111.0], [3150.9, 8931.0], [3150.95, 16000.0], [3151.05, 4776.0], [3151.1, 3710.0]]}}}
{"jsonrpc": "2.0", "method": "subscription", "params": {"channel": "book.ETH-PERPETUAL.none.20.100ms", "data": {"timestamp": 1767799538467, "change_id": 104081196392, "instrument_name": "ETH-PERPETUAL", "bids": [[3149.75, 808.0], [3149.7, 2.0], [3149.65, 1000.0], [3149.6, 800.0], [3149.5, 2.0], [3149.3, 6300.0], [3149.25, 10.0], [3149.05, 15896.0], [3149.0, 20500.0], [3148.95, 16000.0], [3148.85, 5971.0], [3148.8, 25339.0], [3148.75, 17877.0], [3148.7, 3721.0], [3148.6, 4776.0], [3148.55, 16000.0], [3148.45, 9394.0], [3148.35, 16004.0], [3148.3, 1044.0], [3148.25, 25771.0]], "asks": [[3149.8, 41606.0], [3149.85, 6300.0], [3149.9, 3301.0], [3149.95, 6300.0], [3150.0, 6060.0], [3150.05, 16000.0], [3150.2, 19090.0], [3150.25, 66000.0], [3150.3, 3244.0], [3150.35, 10868.0], [3150.45, 4776.0], [3150.5, 16000.0], [3150.6, 6884.0], [3150.7, 19001.0], [3150.75, 10782.0], [3150.85, 1111.0], [3150.9, 8931.0], [3150.95, 16000.0], [3151.05, 4776.0], [3151.1, 3710.0]]}}}
{"jsonrpc": "2.0", "method": "subscription", "params": {"channel": "book.ETH-PERPETUAL.none.20.100ms", "data": {"timestamp": 1767799538763, "change_id": 104081196609, "instrument_name": "ETH-PERPETUAL", "bids": [[3149.75, 808.0], [3149.7, 2.0], [3149.65, 1000.0], [3149.6, 800.0], [3149.5, 2.0], [3149.3, 6300.0], [3149.25, 10.0], [3149.05, 5000.0], [3149.0, 20500.0], [3148.85, 5971.0], [3148.8, 29063.0], [3148.75, 17877.0], [3148.6, 4776.0], [3148.55, 16000.0], [3148.45, 9394.0], [3148.35, 16004.0], [3148.3, 9044.0], [3148.25, 17771.0], [3148.2, 10300.0], [3148.15, 16000.0]], "asks": [[3149.8, 41606.0], [3149.85, 6300.0], [3149.9, 3301.0], [3149.95, 6300.0], [3150.0, 6060.0], [3150.05, 16000.0], [3150.2, 19090.0], [3150.25, 66000.0], [3150.3, 3244.0], [3150.35, 10868.0], [3150.45, 4776.0], [3150.5, 16000.0], [3150.6, 6884.0], [3150.65, 10.0], [3150.7, 16000.0], [3150.75, 10782.0], [3150.8, 3001.0], [3150.85, 1111.0], [3150.9, 8921.0], [3150.95, 16000.0]]}}}
{"jsonrpc": "2.0", "method": "subscription", "params": {"channel": "book.ETH-PERPETUAL.none.20.100ms", "data": {"timestamp": 1767799539110, "change_id": 104081197442, "instrument_name": "ETH-PERPETUAL", "bids": [[3149.75, 684.0], [3149.7, 2.0], [3149.65, 1000.0], [3149.6, 800.0], [3149.5, 2.0], [3149.25, 10.0], [3148.8, 25339.0], [3148.75, 20515.0], [3148.6, 4776.0], [3148.55, 17863.0], [3148.45, 7536.0], [3148.35, 16004.0], [3148.3, 14215.0], [3148.25, 17771.0], [3148.2, 10300.0], [3148.15, 16000.0], [3148.1, 200.0], [3148.05, 8392.0], [3148.0, 90.0], [3147.95, 16000.0]], "asks": [[3149.8, 42866.0], [3149.85, 22300.0], [3149.9, 16565.0], [3149.95, 56300.0], [3150.0, 6060.0], [3150.05, 16000.0], [3150.2, 4776.0], [3150.25, 16000.0], [3150.3, 3244.0], [3150.35, 10868.0], [3150.4, 3001.0], [3150.45, 4776.0], [3150.5, 16000.0], [3150.6, 6884.0], [3150.65, 10.0], [3150.7, 16000.0], [3150.75, 10782.0], [3150.9, 8921.0], [3150.95, 16000.0], [3151.05, 4776.0]]}}}
{"jsonrpc": "2.0", "method": "subscription", "params": {"channel": "book.ETH-PERPETUAL.none.20.100ms", "data": {"timestamp": 1767799539457, "change_id": 104081198388, "instrument_name": "ETH-PERPETUAL", "bids": [[3149.5, 2.0], [3149.25, 10.0], [3148.8, 4.0], [3148.75, 15.0], [3148.7, 5970.0], [3148.65, 19999.0], [3148.6, 10285.0], [3148.55, 36500.0], [3148.45, 5673.0], [3148.4, 1863.0], [3148.35, 16004.0], [3148.3, 6215.0], [3148.25, 17771.0], [3148.2, 6802.0], [3148.15, 16000.0], [3148.1, 200.0], [3148.05, 8392.0], [3148.0, 90.0], [3147.95, 16000.0], [3147.9, 1089.0]], "asks": [[3149.55, 65163.0], [3149.6, 6657.0], [3149.65, 16000.0], [3149.7, 18133.0], [3149.75, 6300.0], [3149.8, 15076.0], [3149.85, 22300.0], [3149.9, 16806.0], [3149.95, 50000.0], [3150.0, 6060.0], [3150.05, 16000.0], [3150.2, 4776.0], [3150.25, 16000.0], [3150.3, 3002.0], [3150.35, 3725.0], [3150.45, 8499.0], [3150.5, 16000.0], [3150.6, 6884.0], [3150.65, 10.0], [3150.7, 16000.0]]}}}
{"jsonrpc": "2.0", "method": "subscription", "params": {"channel": "book.ETH-PERPETUAL.none.20.100ms", "data": {"timestamp": 1767799539784, "change_id": 104081198731, "instrument_name": "ETH-PERPETUAL", "bids": [[3149.5, 2.0], [3149.25, 10.0], [3148.8, 4.0], [3148.75, 15.0], [3148.65, 19999.0], [3148.6, 4776.0], [3148.55, 16000.0], [3148.5, 25277.0], [3148.35, 16004.0], [3148.3, 5305.0], [3148.25, 17772.0], [3148.15, 16000.0], [3148.1, 200.0], [3148.05, 6667.0], [3148.0, 90.0], [3147.95, 16000.0], [3147.9, 1089.0], [3147.85, 3649.0], [3147.8, 50000.0], [3147.7, 15793.0]], "asks": [[3149.55, 65799.0], [3149.6, 6657.0], [3149.65, 16000.0], [3149.7, 18133.0], [3149.75, 6300.0], [3149.8, 8920.0], [3149.85, 22300.0], [3149.9, 16806.0], [3149.95, 60867.0], [3150.0, 6060.0], [3150.05, 16000.0], [3150.2, 4776.0], [3150.25, 16000.0], [3150.35, 3725.0], [3150.4, 3001.0], [3150.45, 8499.0], [3150.5, 16000.0], [3150.6, 6884.0], [3150.65, 10.0], [3150.7, 16000.0]]}}}
{"jsonrpc": "2.0", "method": "subscription", "params": {"channel": "book.ETH-PERPETUAL.none.20.100ms", "data": {"timestamp": 1767799540120, "change_id": 104081199339, "instrument_name": "ETH-PERPETUAL", "bids": [[3149.5, 2.0], [3149.25, 10.0], [3148.8, 12097.0], [3148.75, 20014.0], [3148.65, 20500.0], [3148.6, 4776.0], [3148.55, 16000.0], [3148.5, 4777.0], [3148.45, 1864.0], [3148.35, 19729.0], [3148.3, 7169.0], [3148.25, 17772.0], [3148.15, 16000.0], [3148.1, 200.0], [3148.05, 8528.0], [3148.0, 90.0], [3147.95, 16000.0], [3147.9, 15875.0], [3147.85, 3649.0], [3147.8, 50000.0]], "asks": [[3149.55, 65799.0], [3149.6, 6657.0], [3149.65, 16000.0], [3149.7, 19297.0], [3149.8, 2620.0], [3149.85, 16000.0], [3149.9, 16806.0], [3149.95, 50000.0], [3150.0, 6060.0], [3150.05, 16000.0], [3150.2, 7777.0], [3150.25, 16000.0], [3150.3, 2223.0], [3150.35, 3725.0], [3150.45, 8499.0], [3150.5, 16000.0], [3150.6, 6884.0], [3150.65, 10.0], [3150.7, 16000.0], [3150.75, 3721.0]]}}}
{"jsonrpc": "2.0", "method": "subscription", "params": {"channel": "book.ETH-PERPETUAL.none.20.100ms", "data": {"timestamp": 1767799540445, "change_id": 104081199883, "instrument_name": "ETH-PERPETUAL", "bids": [[3149.5, 2.0], [3149.25, 10.0], [3149.0, 5000.0], [3148.95, 20500.0], [3148.9, 5971.0], [3148.85, 19999.0], [3148.8, 4.0], [3148.75, 15.0], [3148.6, 9470.0], [3148.55, 16000.0], [3148.5, 22549.0], [3148.45, 1864.0], [3148.35, 19729.0], [3148.15, 16000.0], [3148.1, 200.0], [3148.05, 8528.0], [3148.0, 90.0], [3147.95, 16000.0], [3147.9, 15875.0], [3147.85, 3649.0]], "asks": [[3149.55, 64938.0], [3149.6, 4776.0], [3149.65, 16000.0], [3149.7, 5558.0], [3149.8, 1200.0], [3149.85, 16000.0], [3149.9, 3251.0], [3149.95, 10892.0], [3150.0, 18926.0], [3150.05, 16000.0], [3150.15, 50000.0], [3150.2, 4776.0], [3150.25, 19001.0], [3150.3, 2223.0], [3150.35, 3725.0], [3150.45, 8499.0], [3150.5, 16000.0], [3150.6, 6884.0], [3150.65, 10.0], [3150.7, 16000.0]]}}}
{"jsonrpc": "2.0", "method": "subscription", "params": {"channel": "book.ETH-PERPETUAL.none.20.100ms", "data": {"timestamp": 1767799540766, "change_id": 104081200361, "instrument_name": "ETH-PERPETUAL", "bids": [[3149.5, 5583.0], [3149.25, 10.0], [3149.2, 5000.0], [3149.1, 20500.0], [3149.0, 16000.0], [3148.9, 5971.0], [3148.85, 19999.0], [3148.8, 4784.0], [3148.75, 16015.0], [3148.7, 3726.0], [3148.65, 6640.0], [3148.55, 16000.0], [3148.5, 4777.0], [3148.45, 1864.0], [3148.4, 17772.0], [3148.35, 19729.0], [3148.15, 16000.0], [3148.1, 200.0], [3148.05, 8528.0], [3148.0, 58090.0]], "asks": [[3149.55, 64897.0], [3149.8, 1200.0], [3150.0, 18926.0], [3150.05, 66000.0], [3150.2, 4779.0], [3150.25, 16000.0], [3150.3, 2233.0], [3150.35, 3750.0], [3150.45, 11500.0], [3150.5, 16000.0], [3150.6, 6884.0], [3150.7, 16000.0], [3150.75, 3721.0], [3150.85, 9137.0], [3150.9, 8921.0], [3150.95, 16000.0], [3151.05, 4776.0], [3151.1, 3710.0], [3151.15, 16000.0], [3151.2, 200.0]]}}}
{"jsonrpc": "2.0", "method": "subscription", "params": {"channel": "book.ETH-PERPETUAL.none.20.100ms", "data": {"timestamp": 1767799541108, "change_id": 104081201033, "instrument_name": "ETH-PERPETUAL", "bids": [[3149.5, 2.0], [3149.25, 10.0], [3148.8, 4.0], [3148.75, 36014.0], [3148.65, 25276.0], [3148.55, 16000.0], [3148.5, 4777.0], [3148.35, 19729.0], [3148.25, 5305.0], [3148.2, 17772.0], [3148.15, 16000.0], [3148.1, 200.0], [3148.05, 8528.0], [3148.0, 8090.0], [3147.95, 16000.0], [3147.9, 1089.0], [3147.85, 3649.0], [3147.8, 50000.0], [3147.7, 15793.0], [3147.65, 314.0]], "asks": [[3149.55, 99541.0], [3149.75, 5134.0], [3149.8, 17200.0], [3149.9, 15349.0], [3149.95, 51420.0], [3150.0, 6060.0], [3150.05, 16000.0], [3150.2, 4779.0], [3150.25, 16000.0], [3150.3, 5234.0], [3150.35, 3725.0], [3150.45, 8499.0], [3150.5, 16000.0], [3150.6, 6884.0], [3150.7, 16000.0], [3150.75, 3721.0], [3150.8, 3838.0], [3150.85, 9137.0], [3150.9, 8921.0], [3150.95, 16000.0]]}}}
{"jsonrpc": "2.0", "method": "subscription", "params": {"channel": "book.ETH-PERPETUAL.none.20.100ms", "data": {"timestamp": 1767799541435, "change_id": 104081201506, "instrument_name": "ETH-PERPETUAL", "bids": [[3149.5, 1002.0], [3149.25, 10.0], [3148.9, 5000.0], [3148.8, 20003.0], [3148.75, 16015.0], [3148.65, 20500.0], [3148.6, 4776.0], [3148.55, 16000.0], [3148.5, 12447.0], [3148.4, 17772.0], [3148.35, 19729.0], [3148.15, 16000.0], [3148.1, 200.0], [3148.05, 8528.0], [3148.0, 8090.0], [3147.95, 16000.0], [3147.9, 1089.0], [3147.85, 3649.0], [3147.8, 50000.0], [3147.7, 12794.0]], "asks": [[3149.55, 71422.0], [3149.65, 1881.0], [3149.7, 6300.0], [3149.75, 5134.0], [3149.8, 17200.0], [3149.9, 15349.0], [3149.95, 62287.0], [3150.0, 6060.0], [3150.05, 16000.0], [3150.2, 4779.0], [3150.25, 19001.0], [3150.3, 2233.0], [3150.35, 3725.0], [3150.45, 8499.0], [3150.5, 16000.0], [3150.6, 6884.0], [3150.7, 16000.0], [3150.75, 3721.0], [3150.8, 3838.0], [3150.85, 9137.0]]}}}
{"jsonrpc": "2.0", "method": "subscription", "params": {"channel": "book.ETH-PERPETUAL.none.20.100ms", "data": {"timestamp": 1767799541764, "change_id": 104081201898, "instrument_name": "ETH-PERPETUAL", "bids": [[3149.5, 1002.0], [3149.25, 10.0], [3148.8, 20003.0], [3148.75, 16015.0], [3148.65, 20500.0], [3148.6, 4776.0], [3148.55, 16000.0], [3148.5, 12447.0], [3148.4, 17772.0], [3148.35, 19729.0], [3148.15, 16000.0], [3148.1, 200.0], [3148.05, 8528.0], [3148.0, 8090.0], [3147.95, 16000.0], [3147.9, 1089.0], [3147.85, 3649.0], [3147.8, 50000.0], [3147.7, 12794.0], [3147.65, 314.0]], "asks": [[3149.55, 71422.0], [3149.65, 1881.0], [3149.7, 6300.0], [3149.75, 19403.0], [3149.8, 17200.0], [3149.85, 50000.0], [3149.9, 3668.0], [3149.95, 12287.0], [3150.0, 6060.0], [3150.05, 16000.0], [3150.2, 7780.0], [3150.25, 16000.0], [3150.3, 2233.0], [3150.35, 3725.0], [3150.45, 8499.0], [3150.5, 16000.0], [3150.6, 6884.0], [3150.7, 16000.0], [3150.75, 3721.0], [3150.8, 3838.0]]}}}
{"jsonrpc": "2.0", "method": "subscription", "params": {"channel": "book.ETH-PERPETUAL.none.20.100ms", "data": {"timestamp": 1767799542102, "change_id": 104081203855, "instrument_name": "ETH-PERPETUAL", "bids": [[3148.8, 4.0], [3148.75, 15.0], [3148.35, 4.0], [3148.3, 10895.0], [3148.25, 36500.0], [3148.1, 6088.0], [3148.05, 19725.0], [3148.0, 6616.0], [3147.95, 21864.0], [3147.85, 8425.0], [3147.8, 16000.0], [3147.75, 1185.0], [3147.7, 3657.0], [3147.65, 314.0], [3147.55, 11171.0], [3147.5, 17772.0], [3147.45, 19653.0], [3147.35, 2999.0], [3147.3, 22420.0], [3147.25, 19653.0]], "asks": [[3148.85, 31361.0], [3148.9, 6787.0], [3149.05, 22837.0], [3149.1, 6657.0], [3149.15, 16000.0], [3149.25, 8248.0], [3149.3, 6920.0], [3149.4, 19255.0], [3149.45, 16000.0], [3149.55, 57352.0], [3149.6, 2993.0], [3149.65, 3727.0], [3149.7, 6300.0], [3149.75, 8859.0], [3149.8, 17200.0], [3149.9, 3668.0], [3149.95, 10867.0], [3150.0, 6060.0], [3150.05, 16000.0], [3150.1, 3727.0]]}}}
{"jsonrpc": "2.0", "method": "subscription", "params": {"channel": "book.ETH-PERPETUAL.none.20.100ms", "data": {"timestamp": 1767799542429, "change_id": 104081204952, "instrument_name": "ETH-PERPETUAL", "bids": [[3148.8, 9998.0], [3148.75, 15.0], [3148.65, 10895.0], [3148.6, 20500.0], [3148.5, 16000.0], [3148.45, 1882.0], [3148.4, 6300.0], [3148.35, 4.0], [3148.25, 5970.0], [3148.2, 24835.0], [3148.15, 16000.0], [3148.1, 200.0], [3148.0, 10728.0], [3147.95, 19637.0], [3147.9, 17089.0], [3147.85, 3649.0], [3147.75, 5961.0], [3147.7, 3657.0], [3147.65, 16314.0], [3147.6, 2999.0]], "asks": [[3148.85, 3774.0], [3149.05, 100.0], [3149.2, 1881.0], [3149.25, 6300.0], [3149.3, 1075.0], [3149.35, 3600.0], [3149.4, 4776.0], [3149.5, 20500.0], [3149.55, 111.0], [3149.6, 1113.0], [3149.65, 53727.0], [3149.75, 8859.0], [3149.8, 17200.0], [3149.95, 25.0], [3150.0, 6060.0], [3150.05, 16000.0], [3150.1, 3727.0], [3150.15, 3001.0], [3150.2, 4779.0], [3150.25, 16000.0]]}}}
{"jsonrpc": "2.0", "method": "subscription", "params": {"channel": "book.ETH-PERPETUAL.none.20.100ms", "data": {"timestamp": 1767799542762, "change_id": 104081205618, "instrument_name": "ETH-PERPETUAL", "bids": [[3148.8, 24782.0], [3148.75, 15.0], [3148.6, 4776.0], [3148.55, 19999.0], [3148.5, 17882.0], [3148.4, 6300.0], [3148.35, 4.0], [3148.25, 5305.0], [3148.2, 22608.0], [3148.15, 16000.0], [3148.1, 200.0], [3148.0, 10728.0], [3147.95, 6641.0], [3147.9, 19338.0], [3147.85, 11649.0], [3147.8, 2999.0], [3147.75, 5961.0], [3147.7, 3657.0], [3147.65, 16314.0], [3147.6, 5866.0]], "asks": [[3148.85, 100.0], [3149.3, 1498.0], [3149.35, 1420.0], [3149.45, 6119.0], [3149.5, 20500.0], [3149.55, 5889.0], [3149.7, 20373.0], [3149.75, 3725.0], [3149.8, 70929.0], [3149.95, 25.0], [3150.0, 6060.0], [3150.05, 16010.0], [3150.1, 3727.0], [3150.2, 4779.0], [3150.25, 16000.0], [3150.3, 3697.0], [3150.35, 12862.0], [3150.4, 3001.0], [3150.45, 4776.0], [3150.5, 16000.0]]}}}
{"jsonrpc": "2.0", "method": "subscription", "params": {"channel": "book.ETH-PERPETUAL.none.20.100ms", "data": {"timestamp": 1767799543082, "change_id": 104081207331, "instrument_name": "ETH-PERPETUAL", "bids": [[3149.5, 20500.0], [3149.3, 5323.0], [3149.1, 10135.0], [3149.05, 16000.0], [3148.95, 19999.0], [3148.9, 9794.0], [3148.85, 16000.0], [3148.8, 2465.0], [3148.75, 1128.0], [3148.7, 3729.0], [3148.6, 10583.0], [3148.55, 17772.0], [3148.5, 21611.0], [3148.4, 6300.0], [3148.35, 4.0], [3148.3, 4112.0], [3148.2, 22871.0], [3148.15, 66000.0], [3148.1, 200.0], [3148.05, 3729.0]], "asks": [[3149.8, 7800.0], [3149.85, 20500.0], [3150.05, 10.0], [3150.2, 4779.0], [3150.25, 16000.0], [3150.3, 2975.0], [3150.35, 3725.0], [3150.45, 6665.0], [3150.5, 16000.0], [3150.55, 3727.0], [3150.65, 20111.0], [3150.7, 16200.0], [3150.75, 3721.0], [3150.85, 3696.0], [3150.9, 12858.0], [3150.95, 3002.0], [3151.0, 4776.0], [3151.05, 17107.0], [3151.1, 3710.0], [3151.35, 5742.0]]}}}
{"jsonrpc": "2.0", "method": "subscription", "params": {"channel": "book.ETH-PERPETUAL.none.20.100ms", "data": {"timestamp": 1767799543419, "change_id": 104081208143, "instrument_name": "ETH-PERPETUAL", "bids": [[3149.3, 25823.0], [3149.2, 1881.0], [3149.15, 6300.0], [3149.1, 4776.0], [3149.05, 16385.0], [3148.95, 5262.0], [3148.85, 16000.0], [3148.8, 9058.0], [3148.75, 20014.0], [3148.7, 3729.0], [3148.65, 1865.0], [3148.6, 4776.0], [3148.5, 26715.0], [3148.45, 17772.0], [3148.35, 6746.0], [3148.2, 22871.0], [3148.15, 66000.0], [3148.1, 3199.0], [3148.05, 3729.0], [3148.0, 90.0]], "asks": [[3149.35, 23887.0], [3149.65, 6119.0], [3149.7, 20500.0], [3149.75, 1463.0], [3149.8, 4900.0], [3150.0, 1420.0], [3150.05, 10.0], [3150.1, 1113.0], [3150.15, 3729.0], [3150.2, 19646.0], [3150.25, 67864.0], [3150.3, 2975.0], [3150.35, 3725.0], [3150.45, 4801.0], [3150.5, 16000.0], [3150.55, 3727.0], [3150.65, 5946.0], [3150.7, 19201.0], [3150.75, 3721.0], [3150.85, 3696.0]]}}}
{"jsonrpc": "2.0", "method": "subscription", "params": {"channel": "book.ETH-PERPETUAL.none.20.100ms", "data": {"timestamp": 1767799543748, "change_id": 104081208601, "instrument_name": "ETH-PERPETUAL", "bids": [[3149.7, 3369.0], [3149.35, 7708.0], [3149.3, 25823.0], [3149.2, 1881.0], [3149.15, 6300.0], [3149.1, 10135.0], [3149.05, 16000.0], [3149.0, 19999.0], [3148.95, 5262.0], [3148.9, 3729.0], [3148.85, 16000.0], [3148.8, 1870.0], [3148.75, 6776.0], [3148.7, 3729.0], [3148.65, 19637.0], [3148.6, 4776.0], [3148.5, 19729.0], [3148.4, 1681.0], [3148.35, 5633.0], [3148.3, 2008.0]], "asks": [[3149.75, 23887.0], [3149.8, 1300.0], [3149.95, 1498.0], [3150.0, 5020.0], [3150.05, 10.0], [3150.1, 1113.0], [3150.15, 3729.0], [3150.2, 4779.0], [3150.25, 17864.0], [3150.3, 2975.0], [3150.35, 3725.0], [3150.45, 20228.0], [3150.5, 66000.0], [3150.55, 3727.0], [3150.65, 5946.0], [3150.7, 16200.0], [3150.75, 3721.0], [3150.85, 3696.0], [3150.9, 12858.0], [3150.95, 3001.0]]}}}
{"jsonrpc": "2.0", "method": "subscription", "params": {"channel": "book.ETH-PERPETUAL.none.20.100ms", "data": {"timestamp": 1767799544079, "change_id": 104081209802, "instrument_name": "ETH-PERPETUAL", "bids": [[3149.75, 29778.0], [3149.5, 4776.0], [3149.4, 16000.0], [3149.3, 6393.0], [3149.25, 19999.0], [3149.2, 1881.0], [3149.15, 6300.0], [3149.1, 4776.0], [3149.05, 16000.0], [3148.95, 11080.0], [3148.9, 21501.0], [3148.85, 16000.0], [3148.8, 1870.0], [3148.75, 6712.0], [3148.7, 3729.0], [3148.65, 9137.0], [3148.6, 7667.0], [3148.55, 8000.0], [3148.5, 37231.0], [3148.45, 50000.0]], "asks": [[3149.8, 1300.0], [3150.05, 10.0], [3150.2, 7232.0], [3150.25, 20500.0], [3150.3, 4712.0], [3150.35, 3725.0], [3150.45, 4801.0], [3150.5, 16000.0], [3150.55, 3727.0], [3150.6, 5946.0], [3150.7, 16200.0], [3150.75, 3721.0], [3150.8, 16935.0], [3150.85, 53727.0], [3150.9, 3721.0], [3151.0, 4776.0], [3151.05, 17107.0], [3151.1, 3710.0], [3151.25, 3623.0], [3151.3, 3002.0]]}}}
{"jsonrpc": "2.0", "method": "subscription", "params": {"channel": "book.ETH-PERPETUAL.none.20.100ms", "data": {"timestamp": 1767799544408, "change_id": 104081210641, "instrument_name": "ETH-PERPETUAL", "bids": [[3149.4, 36500.0], [3149.3, 323.0], [3149.25, 7850.0], [3149.15, 6300.0], [3149.1, 24775.0], [3149.05, 16000.0], [3148.95, 5262.0], [3148.9, 3729.0], [3148.85, 16000.0], [3148.8, 1870.0], [3148.75, 8688.0], [3148.7, 21501.0], [3148.65, 9137.0], [3148.6, 7667.0], [3148.55, 8000.0], [3148.5, 19729.0], [3148.35, 4116.0], [3148.2, 8565.0], [3148.15, 16000.0], [3148.1, 200.0]], "asks": [[3149.45, 7061.0], [3149.7, 2496.0], [3149.75, 6300.0], [3149.8, 1300.0], [3150.0, 8003.0], [3150.05, 20510.0], [3150.1, 3600.0], [3150.15, 6300.0], [3150.3, 1112.0], [3150.35, 7454.0], [3150.4, 1420.0], [3150.45, 20203.0], [3150.5, 16000.0], [3150.55, 53727.0], [3150.6, 5946.0], [3150.65, 3729.0], [3150.7, 16200.0], [3150.75, 3721.0], [3150.8, 1118.0], [3150.85, 25.0]]}}}
{"jsonrpc": "2.0", "method": "subscription", "params": {"channel": "book.ETH-PERPETUAL.none.20.100ms", "data": {"timestamp": 1767799544744, "change_id": 104081211461, "instrument_name": "ETH-PERPETUAL", "bids": [[3149.75, 9669.0], [3149.4, 21000.0], [3149.3, 323.0], [3149.2, 8000.0], [3149.15, 6300.0], [3149.1, 30635.0], [3149.05, 16000.0], [3149.0, 19999.0], [3148.95, 5262.0], [3148.9, 3729.0], [3148.85, 16000.0], [3148.8, 1870.0], [3148.75, 3856.0], [3148.7, 3729.0], [3148.65, 21661.0], [3148.55, 8000.0], [3148.5, 37501.0], [3148.35, 3003.0], [3148.25, 1113.0], [3148.2, 24880.0]], "asks": [[3149.8, 8876.0], [3150.05, 10.0], [3150.1, 1881.0], [3150.15, 6300.0], [3150.25, 4776.0], [3150.3, 18507.0], [3150.35, 7454.0], [3150.4, 1420.0], [3150.45, 20203.0], [3150.5, 66025.0], [3150.55, 3727.0], [3150.6, 5946.0], [3150.7, 16200.0], [3150.75, 3721.0], [3150.8, 1111.0], [3150.9, 3721.0], [3151.0, 4776.0], [3151.05, 20109.0], [3151.1, 3710.0], [3151.25, 3623.0]]}}}
{"jsonrpc": "2.0", "method": "subscription", "params": {"channel": "book.ETH-PERPETUAL.none.20.100ms", "data": {"timestamp": 1767799545059, "change_id": 104081212254, "instrument_name": "ETH-PERPETUAL", "bids": [[3149.75, 9669.0], [3149.5, 25500.0], [3149.4, 17878.0], [3149.3, 323.0], [3149.25, 7850.0], [3149.2, 19999.0], [3149.15, 6300.0], [3149.1, 4776.0], [3149.05, 16000.0], [3148.95, 5262.0], [3148.9, 3729.0], [3148.85, 16000.0], [3148.8, 1870.0], [3148.75, 8669.0], [3148.7, 21501.0], [3148.65, 17414.0], [3148.6, 2999.0], [3148.55, 8000.0], [3148.5, 19729.0], [3148.4, 15821.0]], "asks": [[3149.8, 8782.0], [3149.95, 6119.0], [3150.0, 20500.0], [3150.05, 2965.0], [3150.1, 3600.0], [3150.15, 6300.0], [3150.25, 4776.0], [3150.3, 18507.0], [3150.35, 7454.0], [3150.4, 1420.0], [3150.45, 20203.0], [3150.5, 16025.0], [3150.55, 3727.0], [3150.6, 55946.0], [3150.7, 16200.0], [3150.75, 3721.0], [3150.8, 1111.0], [3150.9, 3721.0], [3151.0, 4776.0], [3151.05, 17107.0]]}}}
{"jsonrpc": "2.0", "method": "subscription", "params": {"channel": "book.ETH-PERPETUAL.none.20.100ms", "data": {"timestamp": 1767799545403, "change_id": 104081212781, "instrument_name": "ETH-PERPETUAL", "bids": [[3149.75, 3369.0], [3149.55, 6300.0], [3149.5, 25500.0], [3149.4, 16992.0], [3149.3, 323.0], [3149.25, 7850.0], [3149.15, 26299.0], [3149.1, 4776.0], [3149.05, 16000.0], [3148.95, 5262.0], [3148.9, 3729.0], [3148.85, 16000.0], [3148.8, 1870.0], [3148.75, 8669.0], [3148.7, 21501.0], [3148.65, 17414.0], [3148.55, 8000.0], [3148.5, 19729.0], [3148.45, 2999.0], [3148.4, 15821.0]], "asks": [[3149.8, 32471.0], [3149.85, 1881.0], [3149.9, 6300.0], [3150.25, 4776.0], [3150.3, 33253.0], [3150.35, 7454.0], [3150.4, 1420.0], [3150.45, 54776.0], [3150.5, 16025.0], [3150.55, 3727.0], [3150.6, 5946.0], [3150.7, 16200.0], [3150.75, 3721.0], [3150.8, 1111.0], [3150.9, 3721.0], [3151.0, 4776.0], [3151.05, 20109.0], [3151.1, 3710.0], [3151.25, 3623.0], [3151.35, 15020.0]]}}}
{"jsonrpc": "2.0", "method": "subscription", "params": {"channel": "book.ETH-PERPETUAL.none.20.100ms", "data": {"timestamp": 1767799545720, "change_id": 104081213090, "instrument_name": "ETH-PERPETUAL", "bids": [[3149.75, 3369.0], [3149.55, 6300.0], [3149.5, 25500.0], [3149.4, 16030.0], [3149.3, 323.0], [3149.25, 7850.0], [3149.15, 26299.0], [3149.1, 4776.0], [3149.05, 16000.0], [3148.95, 5262.0], [3148.9, 3729.0], [3148.85, 16000.0], [3148.8, 1870.0], [3148.75, 8669.0], [3148.7, 29501.0], [3148.65, 9137.0], [3148.5, 19729.0], [3148.45, 2999.0], [3148.4, 50000.0], [3148.35, 4.0]], "asks": [[3149.8, 8371.0], [3149.95, 6119.0], [3150.0, 21575.0], [3150.05, 3600.0], [3150.25, 4776.0], [3150.3, 33253.0], [3150.35, 7454.0], [3150.4, 1420.0], [3150.45, 54776.0], [3150.5, 16025.0], [3150.55, 3727.0], [3150.6, 5946.0], [3150.7, 16200.0], [3150.75, 3721.0], [3150.8, 1111.0], [3150.9, 3721.0], [3151.0, 4776.0], [3151.05, 20108.0], [3151.1, 3710.0], [3151.25, 3623.0]]}}}
{"jsonrpc": "2.0", "method": "subscription", "params": {"channel": "book.ETH-PERPETUAL.none.20.100ms", "data": {"timestamp": 1767799546058, "change_id": 104081213727, "instrument_name": "ETH-PERPETUAL", "bids": [[3149.55, 25500.0], [3149.4, 16030.0], [3149.3, 323.0], [3149.25, 7850.0], [3149.2, 19999.0], [3149.15, 6300.0], [3149.1, 4776.0], [3149.05, 16000.0], [3148.95, 5262.0], [3148.9, 3729.0], [3148.85, 16000.0], [3148.8, 1870.0], [3148.75, 8669.0], [3148.7, 29501.0], [3148.65, 9137.0], [3148.5, 19729.0], [3148.45, 17925.0], [3148.4, 50000.0], [3148.35, 4.0], [3148.2, 8565.0]], "asks": [[3149.6, 7061.0], [3149.8, 1310.0], [3149.95, 6119.0], [3150.0, 21575.0], [3150.05, 3600.0], [3150.25, 4776.0], [3150.3, 33253.0], [3150.35, 7454.0], [3150.4, 1420.0], [3150.45, 54776.0], [3150.5, 16025.0], [3150.55, 3727.0], [3150.6, 5946.0], [3150.7, 16200.0], [3150.75, 3721.0], [3150.8, 1111.0], [3150.9, 3721.0], [3151.0, 7777.0], [3151.05, 17107.0], [3151.1, 3710.0]]}}}
{"jsonrpc": "2.0", "method": "subscription", "params": {"channel": "book.ETH-PERPETUAL.none.20.100ms", "data": {"timestamp": 1767799546396, "change_id": 104081214799, "instrument_name": "ETH-PERPETUAL", "bids": [[3149.75, 41982.0], [3149.65, 11775.0], [3149.6, 16000.0], [3149.55, 26299.0], [3149.5, 6666.0], [3149.45, 6300.0], [3149.4, 16030.0], [3149.25, 7185.0], [3149.2, 17772.0], [3149.15, 6300.0], [3149.1, 4776.0], [3149.05, 16000.0], [3148.95, 5262.0], [3148.9, 6728.0], [3148.85, 16000.0], [3148.8, 1870.0], [3148.75, 3856.0], [3148.7, 11729.0], [3148.65, 9137.0], [3148.55, 50000.0]], "asks": [[3149.8, 1474.0], [3150.05, 10.0], [3150.4, 6119.0], [3150.45, 20500.0], [3150.5, 1075.0], [3150.55, 3600.0], [3150.6, 5946.0], [3150.7, 19933.0], [3150.75, 4838.0], [3150.9, 3741.0], [3151.0, 4776.0], [3151.05, 67107.0], [3151.1, 3710.0], [3151.35, 5883.0], [3151.4, 19710.0], [3151.5, 1107.0], [3151.6, 3710.0], [3151.65, 3001.0], [3151.7, 5883.0], [3151.75, 19710.0]]}}}
{"jsonrpc": "2.0", "method": "subscription", "params": {"channel": "book.ETH-PERPETUAL.none.20.100ms", "data": {"timestamp": 1767799546713, "change_id": 104081215462, "instrument_name": "ETH-PERPETUAL", "bids": [[3149.75, 56400.0], [3149.65, 6657.0], [3149.6, 16000.0], [3149.55, 18461.0], [3149.5, 17772.0], [3149.45, 6300.0], [3149.4, 16030.0], [3149.2, 1881.0], [3149.15, 9299.0], [3149.1, 21137.0], [3149.05, 16000.0], [3149.0, 58000.0], [3148.95, 5262.0], [3148.9, 3729.0], [3148.85, 16000.0], [3148.8, 1870.0], [3148.75, 3856.0], [3148.7, 3729.0], [3148.65, 9137.0], [3148.5, 19739.0]], "asks": [[3149.8, 1200.0], [3150.05, 10.0], [3150.6, 7091.0], [3150.7, 3733.0], [3150.75, 21617.0], [3150.8, 3600.0], [3150.9, 3721.0], [3151.05, 5742.0], [3151.1, 19710.0], [3151.3, 20.0], [3151.35, 55883.0], [3151.4, 19710.0], [3151.5, 1107.0], [3151.6, 3710.0], [3151.7, 15020.0], [3151.75, 22712.0], [3151.8, 1107.0], [3151.95, 3710.0], [3152.1, 17104.0], [3152.15, 3700.0]]}}}
{"jsonrpc": "2.0", "method": "subscription", "params": {"channel": "book.ETH-PERPETUAL.none.20.100ms", "data": {"timestamp": 1767799547051, "change_id": 104081216498, "instrument_name": "ETH-PERPETUAL", "bids": [[3150.0, 90312.0], [3149.95, 16000.0], [3149.85, 2187.0], [3149.8, 6300.0], [3149.75, 1687.0], [3149.65, 6657.0], [3149.6, 16000.0], [3149.55, 18270.0], [3149.5, 17772.0], [3149.45, 6300.0], [3149.4, 16030.0], [3149.3, 1710.0], [3149.25, 5730.0], [3149.2, 3735.0], [3149.15, 1868.0], [3149.1, 21137.0], [3149.05, 16000.0], [3149.0, 58000.0], [3148.95, 5262.0], [3148.9, 3729.0]], "asks": [[3150.05, 10.0], [3150.6, 7091.0], [3150.7, 1866.0], [3150.75, 21617.0], [3150.8, 3600.0], [3150.9, 3721.0], [3151.05, 5742.0], [3151.1, 19710.0], [3151.2, 1867.0], [3151.3, 20.0], [3151.35, 5883.0], [3151.4, 19710.0], [3151.5, 51107.0], [3151.6, 3710.0], [3151.7, 15020.0], [3151.75, 19710.0], [3151.8, 1107.0], [3151.9, 3001.0], [3151.95, 3710.0], [3152.05, 4776.0]]}}}
{"jsonrpc": "2.0", "method": "subscription", "params": {"channel": "book.ETH-PERPETUAL.none.20.100ms", "data": {"timestamp": 1767799547385, "change_id": 104081218661, "instrument_name": "ETH-PERPETUAL", "bids": [[3150.9, 9300.0], [3150.55, 16586.0], [3150.5, 16000.0], [3150.45, 20500.0], [3150.4, 4872.0], [3150.35, 323.0], [3150.3, 16000.0], [3150.15, 16368.0], [3150.1, 19999.0], [3150.05, 10038.0], [3150.0, 19805.0], [3149.95, 16000.0], [3149.85, 3735.0], [3149.75, 798.0], [3149.65, 6657.0], [3149.6, 16000.0], [3149.55, 8602.0], [3149.5, 19098.0], [3149.45, 50000.0], [3149.4, 19768.0]], "asks": [[3150.95, 29798.0], [3151.15, 20500.0], [3151.2, 12533.0], [3151.25, 6300.0], [3151.3, 3600.0], [3151.35, 5742.0], [3151.5, 17107.0], [3151.55, 1420.0], [3151.7, 5903.0], [3151.75, 19710.0], [3151.8, 1665.0], [3151.85, 1869.0], [3151.95, 3710.0], [3152.05, 4776.0], [3152.1, 19691.0], [3152.15, 3700.0], [3152.2, 9137.0], [3152.3, 1194.0], [3152.35, 1000.0], [3152.4, 8881.0]]}}}
{"jsonrpc": "2.0", "method": "subscription", "params": {"channel": "book.ETH-PERPETUAL.none.20.100ms", "data": {"timestamp": 1767799547717, "change_id": 104081219408, "instrument_name": "ETH-PERPETUAL", "bids": [[3150.9, 29800.0], [3150.65, 5000.0], [3150.6, 10746.0], [3150.5, 35999.0], [3150.45, 4872.0], [3150.35, 323.0], [3150.3, 16000.0], [3150.15, 4542.0], [3150.05, 10038.0], [3150.0, 16648.0], [3149.95, 16000.0], [3149.9, 17772.0], [3149.85, 3735.0], [3149.7, 2999.0], [3149.65, 6657.0], [3149.6, 16000.0], [3149.55, 11735.0], [3149.5, 19098.0], [3149.45, 50000.0], [3149.4, 19768.0]], "asks": [[3150.95, 4247.0], [3151.1, 6621.0], [3151.15, 20500.0], [3151.2, 1075.0], [3151.3, 3600.0], [3151.35, 5742.0], [3151.5, 17107.0], [3151.7, 5903.0], [3151.75, 19710.0], [3151.8, 16377.0], [3151.85, 53738.0], [3151.95, 3710.0], [3152.05, 4776.0], [3152.1, 19691.0], [3152.15, 3700.0], [3152.2, 9137.0], [3152.25, 1195.0], [3152.35, 1000.0], [3152.4, 8881.0], [3152.45, 19699.0]]}}}
{"jsonrpc": "2.0", "method": "subscription", "params": {"channel": "book.ETH-PERPETUAL.none.20.100ms", "data": {"timestamp": 1767799548048, "change_id": 104081220956, "instrument_name": "ETH-PERPETUAL", "bids": [[3150.9, 35381.0], [3150.65, 21492.0], [3150.6, 9776.0], [3150.5, 16000.0], [3150.45, 4872.0], [3150.35, 323.0], [3150.3, 16000.0], [3150.25, 2727.0], [3150.2, 9137.0], [3150.15, 10196.0], [3150.1, 17772.0], [3150.05, 10038.0], [3150.0, 15883.0], [3149.95, 16000.0], [3149.85, 3735.0], [3149.8, 15820.0], [3149.75, 50000.0], [3149.7, 2999.0], [3149.65, 6657.0], [3149.6, 16000.0]], "asks": [[3150.95, 874.0], [3151.35, 13166.0], [3151.4, 20500.0], [3151.45, 16000.0], [3151.5, 11979.0], [3151.55, 3600.0], [3151.6, 1420.0], [3151.7, 5742.0], [3151.75, 19710.0], [3151.8, 16935.0], [3151.85, 3738.0], [3151.9, 50000.0], [3151.95, 8486.0], [3152.1, 17104.0], [3152.15, 3720.0], [3152.35, 1000.0], [3152.4, 5880.0], [3152.45, 19699.0], [3152.65, 3001.0], [3152.7, 8769.0]]}}}
{"jsonrpc": "2.0", "method": "subscription", "params": {"channel": "book.ETH-PERPETUAL.none.20.100ms", "data": {"timestamp": 1767799548369, "change_id": 104081221609, "instrument_name": "ETH-PERPETUAL", "bids": [[3150.9, 41390.0], [3150.75, 19999.0], [3150.7, 22300.0], [3150.6, 4776.0], [3150.5, 16000.0], [3150.45, 9554.0], [3150.35, 323.0], [3150.3, 33772.0], [3150.25, 2727.0], [3150.2, 9137.0], [3150.1, 1673.0], [3150.05, 3738.0], [3150.0, 21698.0], [3149.95, 16000.0], [3149.9, 2999.0], [3149.85, 53735.0], [3149.65, 6657.0], [3149.6, 16000.0], [3149.55, 11735.0], [3149.5, 4785.0]], "asks": [[3150.95, 113.0], [3151.5, 7476.0], [3151.55, 3600.0], [3151.6, 21920.0], [3151.7, 5883.0], [3151.75, 19710.0], [3151.8, 1116.0], [3151.85, 3738.0], [3151.95, 3710.0], [3152.05, 4776.0], [3152.1, 31894.0], [3152.15, 3720.0], [3152.25, 50000.0], [3152.35, 1000.0], [3152.4, 5880.0], [3152.45, 19699.0], [3152.65, 3001.0], [3152.7, 8606.0], [3152.75, 28831.0], [3152.9, 1103.0]]}}}
{"jsonrpc": "2.0", "method": "subscription", "params": {"channel": "book.ETH-PERPETUAL.none.20.100ms", "data": {"timestamp": 1767799548710, "change_id": 104081222680, "instrument_name": "ETH-PERPETUAL", "bids": [[3151.2, 8000.0], [3151.1, 6300.0], [3151.0, 22623.0], [3150.9, 26900.0], [3150.8, 3740.0], [3150.75, 19999.0], [3150.7, 22300.0], [3150.6, 4776.0], [3150.5, 19740.0], [3150.45, 9458.0], [3150.35, 17772.0], [3150.3, 17869.0], [3150.25, 2727.0], [3150.2, 9137.0], [3150.1, 1116.0], [3150.05, 3738.0], [3150.0, 20725.0], [3149.95, 16000.0], [3149.9, 50000.0], [3149.85, 3735.0]], "asks": [[3151.25, 7061.0], [3151.5, 10108.0], [3151.55, 20500.0], [3151.65, 14436.0], [3151.7, 3600.0], [3151.85, 4776.0], [3151.9, 16000.0], [3152.05, 19090.0], [3152.1, 67104.0], [3152.15, 3720.0], [3152.3, 1194.0], [3152.35, 1000.0], [3152.4, 8881.0], [3152.45, 19699.0], [3152.7, 8606.0], [3152.75, 28831.0], [3152.9, 1103.0], [3152.95, 3696.0], [3153.0, 5871.0], [3153.1, 16000.0]]}}}
{"jsonrpc": "2.0", "method": "subscription", "params": {"channel": "book.ETH-PERPETUAL.none.20.100ms", "data": {"timestamp": 1767799549030, "change_id": 104081223452, "instrument_name": "ETH-PERPETUAL", "bids": [[3151.2, 28500.0], [3151.1, 6300.0], [3151.0, 22623.0], [3150.9, 13386.0], [3150.85, 19999.0], [3150.8, 3740.0], [3150.75, 6657.0], [3150.7, 22300.0], [3150.6, 4776.0], [3150.5, 19740.0], [3150.45, 9458.0], [3150.35, 25772.0], [3150.3, 17869.0], [3150.25, 2727.0], [3150.2, 9137.0], [3150.1, 15898.0], [3150.05, 3738.0], [3150.0, 57715.0], [3149.95, 16000.0], [3149.9, 2999.0]], "asks": [[3151.25, 3487.0], [3151.5, 10052.0], [3151.55, 20500.0], [3151.65, 8150.0], [3151.7, 1075.0], [3151.75, 3600.0], [3151.85, 4776.0], [3151.9, 16000.0], [3152.05, 19090.0], [3152.1, 67104.0], [3152.15, 3720.0], [3152.35, 1000.0], [3152.4, 5880.0], [3152.45, 19699.0], [3152.65, 3001.0], [3152.7, 12537.0], [3152.75, 28831.0], [3152.8, 16854.0], [3152.9, 1103.0], [3152.95, 3696.0]]}}}
{"jsonrpc": "2.0", "method": "subscription", "params": {"channel": "book.ETH-PERPETUAL.none.20.100ms", "data": {"timestamp": 1767799549367, "change_id": 104081224337, "instrument_name": "ETH-PERPETUAL", "bids": [[3151.2, 3000.0], [3151.0, 323.0], [3150.75, 10135.0], [3150.7, 16000.0], [3150.65, 19999.0], [3150.6, 4776.0], [3150.5, 19740.0], [3150.45, 9458.0], [3150.35, 8000.0], [3150.3, 17869.0], [3150.25, 7684.0], [3150.2, 9137.0], [3150.15, 17772.0], [3150.1, 1116.0], [3150.05, 3738.0], [3150.0, 7715.0], [3149.95, 16000.0], [3149.85, 18660.0], [3149.7, 52999.0], [3149.65, 6657.0]], "asks": [[3151.25, 7061.0], [3151.45, 6119.0], [3151.5, 21575.0], [3151.55, 3600.0], [3151.65, 1881.0], [3151.7, 6300.0], [3151.85, 4776.0], [3151.9, 16000.0], [3152.05, 4776.0], [3152.1, 31894.0], [3152.15, 58881.0], [3152.35, 1000.0], [3152.4, 5880.0], [3152.45, 19699.0], [3152.65, 3001.0], [3152.7, 12537.0], [3152.75, 19694.0], [3152.8, 16854.0], [3152.9, 1103.0], [3152.95, 3696.0]]}}}
{"jsonrpc": "2.0", "method": "subscription", "params": {"channel": "book.ETH-PERPETUAL.none.20.100ms", "data": {"timestamp": 1767799549668, "change_id": 104081224829, "instrument_name": "ETH-PERPETUAL", "bids": [[3151.2, 6369.0], [3151.0, 323.0], [3150.9, 25500.0], [3150.75, 10135.0], [3150.7, 16000.0], [3150.65, 19999.0], [3150.6, 4776.0], [3150.5, 19740.0], [3150.45, 9458.0], [3150.35, 8000.0], [3150.3, 35641.0], [3150.25, 2727.0], [3150.2, 9137.0], [3150.1, 1116.0], [3150.05, 3738.0], [3150.0, 7715.0], [3149.95, 16000.0], [3149.9, 2999.0], [3149.85, 3735.0], [3149.8, 14925.0]], "asks": [[3151.25, 27858.0], [3151.45, 1075.0], [3151.5, 3600.0], [3151.65, 1881.0], [3151.7, 6300.0], [3151.85, 4776.0], [3151.9, 16000.0], [3151.95, 19701.0], [3152.05, 50000.0], [3152.1, 18510.0], [3152.15, 8881.0], [3152.35, 1000.0], [3152.4, 5880.0], [3152.45, 19699.0], [3152.65, 3001.0], [3152.7, 5879.0], [3152.75, 19694.0], [3152.9, 1103.0], [3152.95, 3696.0], [3153.0, 5871.0]]}}}
{"jsonrpc": "2.0", "method": "subscription", "params": {"channel": "book.ETH-PERPETUAL.none.20.100ms", "data": {"timestamp": 1767799550026, "change_id": 104081225493, "instrument_name": "ETH-PERPETUAL", "bids": [[3151.2, 26869.0], [3151.0, 323.0], [3150.95, 1493.0], [3150.9, 5000.0], [3150.8, 5970.0], [3150.75, 24775.0], [3150.7, 16000.0], [3150.6, 4776.0], [3150.5, 19740.0], [3150.45, 9458.0], [3150.35, 8000.0], [3150.3, 35641.0], [3150.25, 2727.0], [3150.2, 9137.0], [3150.1, 1116.0], [3150.05, 6737.0], [3150.0, 19830.0], [3149.95, 16000.0], [3149.9, 50000.0], [3149.85, 3735.0]], "asks": [[3151.25, 413.0], [3151.4, 6119.0], [3151.45, 20500.0], [3151.5, 1075.0], [3151.55, 3600.0], [3151.65, 1881.0], [3151.7, 6300.0], [3151.85, 4776.0], [3151.9, 16000.0], [3151.95, 19701.0], [3152.05, 50000.0], [3152.1, 18510.0], [3152.15, 8881.0], [3152.35, 1000.0], [3152.4, 5880.0], [3152.45, 19699.0], [3152.7, 8880.0], [3152.75, 19694.0], [3152.9, 1103.0], [3152.95, 3696.0]]}}}
{"jsonrpc": "2.0", "method": "subscription", "params": {"channel": "book.ETH-PERPETUAL.none.20.100ms", "data": {"timestamp": 1767799550350, "change_id": 104081226036, "instrument_name": "ETH-PERPETUAL", "bids": [[3151.2, 6369.0], [3151.0, 20823.0], [3150.95, 1493.0], [3150.9, 6881.0], [3150.85, 6300.0], [3150.75, 10135.0], [3150.7, 16000.0], [3150.65, 19999.0], [3150.6, 4776.0], [3150.5, 19740.0], [3150.45, 9458.0], [3150.35, 8000.0], [3150.3, 17869.0], [3150.25, 2727.0], [3150.2, 9137.0], [3150.15, 7316.0], [3150.1, 17772.0], [3150.05, 3738.0], [3150.0, 10714.0], [3149.95, 16000.0]], "asks": [[3151.25, 7267.0], [3151.4, 6119.0], [3151.45, 20500.0], [3151.5, 1075.0], [3151.55, 3600.0], [3151.85, 4776.0], [3151.9, 16000.0], [3151.95, 19701.0], [3152.05, 50000.0], [3152.1, 18510.0], [3152.15, 7461.0], [3152.35, 1000.0], [3152.4, 5880.0], [3152.45, 19699.0], [3152.65, 3001.0], [3152.7, 5879.0], [3152.75, 19694.0], [3152.85, 6197.0], [3152.9, 17065.0], [3152.95, 3696.0]]}}}
{"jsonrpc": "2.0", "method": "subscription", "params": {"channel": "book.ETH-PERPETUAL.none.20.100ms", "data": {"timestamp": 1767799550671, "change_id": 104081226551, "instrument_name": "ETH-PERPETUAL", "bids": [[3151.2, 31869.0], [3151.15, 20.0], [3151.0, 323.0], [3150.9, 7610.0], [3150.85, 6300.0], [3150.75, 24775.0], [3150.7, 16000.0], [3150.6, 7670.0], [3150.5, 19740.0], [3150.45, 17458.0], [3150.3, 35641.0], [3150.25, 2727.0], [3150.2, 9137.0], [3150.15, 2011.0], [3150.05, 3738.0], [3150.0, 22829.0], [3149.95, 16000.0], [3149.9, 50000.0], [3149.85, 3735.0], [3149.65, 6657.0]], "asks": [[3151.25, 306.0], [3151.4, 6119.0], [3151.45, 20500.0], [3151.5, 1075.0], [3151.55, 3600.0], [3151.75, 1420.0], [3151.85, 4776.0], [3151.9, 16000.0], [3151.95, 19701.0], [3152.05, 50000.0], [3152.1, 18510.0], [3152.15, 7461.0], [3152.35, 1000.0], [3152.4, 5880.0], [3152.45, 19699.0], [3152.65, 3001.0], [3152.7, 5879.0], [3152.75, 19694.0], [3152.85, 6197.0], [3152.9, 17065.0]]}}}
{"jsonrpc": "2.0", "method": "subscription", "params": {"channel": "book.ETH-PERPETUAL.none.20.100ms", "data": {"timestamp": 1767799551016, "change_id": 104081227132, "instrument_name": "ETH-PERPETUAL", "bids": [[3151.2, 31869.0], [3151.15, 20.0], [3151.0, 323.0], [3150.95, 5970.0], [3150.9, 21880.0], [3150.85, 6300.0], [3150.75, 4776.0], [3150.7, 16000.0], [3150.6, 7670.0], [3150.5, 19740.0], [3150.45, 17458.0], [3150.3, 35641.0], [3150.25, 2727.0], [3150.2, 9137.0], [3150.15, 1116.0], [3150.1, 2999.0], [3150.05, 3738.0], [3150.0, 19830.0], [3149.95, 16000.0], [3149.9, 50000.0]], "asks": [[3151.25, 306.0], [3151.65, 7618.0], [3151.7, 20500.0], [3151.75, 1420.0], [3151.8, 3600.0], [3151.85, 4776.0], [3151.9, 16000.0], [3151.95, 4776.0], [3152.1, 18227.0], [3152.15, 7461.0], [3152.25, 15224.0], [3152.3, 50000.0], [3152.35, 1000.0], [3152.4, 5880.0], [3152.45, 19699.0], [3152.7, 5879.0], [3152.75, 19694.0], [3152.8, 3002.0], [3152.85, 6197.0], [3152.9, 17065.0]]}}}
{"jsonrpc": "2.0", "method": "subscription", "params": {"channel": "book.ETH-PERPETUAL.none.20.100ms", "data": {"timestamp": 1767799551352, "change_id": 104081228132, "instrument_name": "ETH-PERPETUAL", "bids": [[3151.5, 32779.0], [3151.25, 7610.0], [3151.2, 26299.0], [3151.15, 20.0], [3151.1, 4776.0], [3151.05, 16000.0], [3151.0, 323.0], [3150.8, 5305.0], [3150.75, 22548.0], [3150.7, 19746.0], [3150.65, 1872.0], [3150.55, 8280.0], [3150.5, 19740.0], [3150.45, 12872.0], [3150.3, 35953.0], [3150.25, 52999.0], [3150.2, 9137.0], [3150.15, 1116.0], [3150.05, 3738.0], [3150.0, 7715.0]], "asks": [[3151.55, 10.0], [3151.9, 4694.0], [3151.95, 20500.0], [3152.0, 5186.0], [3152.05, 3600.0], [3152.1, 18221.0], [3152.15, 7441.0], [3152.35, 1000.0], [3152.4, 5880.0], [3152.45, 19699.0], [3152.55, 50025.0], [3152.7, 5879.0], [3152.75, 19694.0], [3152.85, 1103.0], [3152.95, 3696.0], [3153.0, 8744.0], [3153.05, 3004.0], [3153.1, 25137.0], [3153.15, 3667.0], [3153.3, 5733.0]]}}}
{"jsonrpc": "2.0", "method": "subscription", "params": {"channel": "book.ETH-PERPETUAL.none.20.100ms", "data": {"timestamp": 1767799551682, "change_id": 104081228925, "instrument_name": "ETH-PERPETUAL", "bids": [[3151.5, 31889.0], [3151.3, 1881.0], [3151.2, 17046.0], [3151.1, 19999.0], [3151.05, 16000.0], [3151.0, 323.0], [3150.85, 9452.0], [3150.75, 11147.0], [3150.7, 19746.0], [3150.65, 19644.0], [3150.55, 8280.0], [3150.5, 19740.0], [3150.45, 12872.0], [3150.3, 34084.0], [3150.25, 50000.0], [3150.2, 12136.0], [3150.15, 1116.0], [3150.05, 3738.0], [3150.0, 7715.0], [3149.95, 16000.0]], "asks": [[3151.55, 3884.0], [3151.95, 12394.0], [3152.0, 20500.0], [3152.1, 23241.0], [3152.15, 7441.0], [3152.35, 1000.0], [3152.4, 20061.0], [3152.45, 19699.0], [3152.55, 50025.0], [3152.7, 5879.0], [3152.75, 19694.0], [3152.85, 1103.0], [3152.9, 3001.0], [3152.95, 3696.0], [3153.0, 8744.0], [3153.05, 2.0], [3153.1, 25137.0], [3153.15, 3667.0], [3153.3, 5733.0], [3153.4, 3667.0]]}}}
{"jsonrpc": "2.0", "method": "subscription", "params": {"channel": "book.ETH-PERPETUAL.none.20.100ms", "data": {"timestamp": 1767799552009, "change_id": 104081230246, "instrument_name": "ETH-PERPETUAL", "bids": [[3151.5, 32799.0], [3151.45, 5970.0], [3151.4, 19999.0], [3151.35, 7850.0], [3151.3, 16000.0], [3151.2, 6300.0], [3151.1, 4776.0], [3151.05, 21401.0], [3151.0, 323.0], [3150.9, 17772.0], [3150.75, 4776.0], [3150.7, 19746.0], [3150.65, 1872.0], [3150.55, 8280.0], [3150.5, 19740.0], [3150.45, 12872.0], [3150.4, 52999.0], [3150.3, 19623.0], [3150.2, 9137.0], [3150.15, 1116.0]], "asks": [[3151.55, 310.0], [3151.95, 7618.0], [3152.0, 20500.0], [3152.1, 3600.0], [3152.15, 1870.0], [3152.35, 1000.0], [3152.4, 5880.0], [3152.45, 19699.0], [3152.5, 1873.0], [3152.55, 25.0], [3152.7, 5879.0], [3152.75, 19694.0], [3152.8, 50000.0], [3152.95, 3696.0], [3153.0, 8744.0], [3153.05, 2.0], [3153.1, 19002.0], [3153.15, 3667.0], [3153.3, 5733.0], [3153.4, 3667.0]]}}}
{"jsonrpc": "2.0", "method": "subscription", "params": {"channel": "book.ETH-PERPETUAL.none.20.100ms", "data": {"timestamp": 1767799552342, "change_id": 104081231574, "instrument_name": "ETH-PERPETUAL", "bids": [[3151.5, 75726.0], [3151.45, 6300.0], [3151.35, 4776.0], [3151.3, 16000.0], [3151.15, 10081.0], [3151.1, 17772.0], [3151.05, 16000.0], [3151.0, 2721.0], [3150.95, 8033.0], [3150.8, 14925.0], [3150.75, 57775.0], [3150.7, 19746.0], [3150.65, 1872.0], [3150.55, 8000.0], [3150.5, 19740.0], [3150.45, 4872.0], [3150.3, 19623.0], [3150.2, 9137.0], [3150.15, 1116.0], [3150.05, 3738.0]], "asks": [[3151.55, 10.0], [3152.3, 5015.0], [3152.35, 800.0], [3152.4, 23544.0], [3152.45, 5472.0], [3152.55, 20500.0], [3152.6, 4776.0], [3152.65, 16000.0], [3152.7, 6225.0], [3152.75, 3694.0], [3152.85, 31894.0], [3152.9, 50000.0], [3152.95, 3721.0], [3153.0, 5871.0], [3153.05, 2.0], [3153.1, 16000.0], [3153.15, 3667.0], [3153.3, 5733.0], [3153.35, 3001.0], [3153.4, 3667.0]]}}}
{"jsonrpc": "2.0", "method": "subscription", "params": {"channel": "book.ETH-PERPETUAL.none.20.100ms", "data": {"timestamp": 1767799552668, "change_id": 104081233511, "instrument_name": "ETH-PERPETUAL", "bids": [[3151.8, 58447.0], [3151.75, 19999.0], [3151.6, 323.0], [3151.55, 12929.0], [3151.5, 22208.0], [3151.45, 2409.0], [3151.4, 8069.0], [3151.35, 4776.0], [3151.3, 16000.0], [3151.2, 10331.0], [3151.15, 6744.0], [3151.1, 17772.0], [3151.05, 34441.0], [3150.95, 1875.0], [3150.9, 3745.0], [3150.75, 4776.0], [3150.7, 19746.0], [3150.55, 5892.0], [3150.5, 19740.0], [3150.45, 4872.0]], "asks": [[3151.85, 7061.0], [3152.1, 2108.0], [3152.15, 7061.0], [3152.25, 10004.0], [3152.35, 28287.0], [3152.65, 8521.0], [3152.7, 16000.0], [3152.8, 1420.0], [3152.85, 4776.0], [3152.9, 16000.0], [3152.95, 3770.0], [3153.0, 5871.0], [3153.05, 2.0], [3153.1, 16000.0], [3153.15, 19567.0], [3153.2, 50000.0], [3153.3, 7752.0], [3153.4, 3667.0], [3153.45, 17093.0], [3153.5, 2.0]]}}}
{"jsonrpc": "2.0", "method": "subscription", "params": {"channel": "book.ETH-PERPETUAL.none.20.100ms", "data": {"timestamp": 1767799553001, "change_id": 104081234835, "instrument_name": "ETH-PERPETUAL", "bids": [[3152.25, 5161.0], [3152.2, 4279.0], [3152.1, 3000.0], [3151.85, 8000.0], [3151.8, 31800.0], [3151.65, 12944.0], [3151.6, 20322.0], [3151.55, 6300.0], [3151.5, 17069.0], [3151.45, 2409.0], [3151.4, 8069.0], [3151.35, 4776.0], [3151.3, 16000.0], [3151.2, 10331.0], [3151.15, 3745.0], [3151.1, 17772.0], [3151.05, 17678.0], [3150.95, 1875.0], [3150.9, 3745.0], [3150.8, 14925.0]], "asks": [[3152.3, 100.0], [3152.35, 1225.0], [3152.65, 8376.0], [3152.7, 17541.0], [3152.75, 3744.0], [3152.8, 1420.0], [3152.85, 20216.0], [3152.9, 16000.0], [3152.95, 53770.0], [3153.0, 5871.0], [3153.05, 2.0], [3153.1, 16000.0], [3153.15, 3667.0], [3153.3, 5880.0], [3153.35, 3001.0], [3153.4, 3667.0], [3153.45, 17093.0], [3153.5, 2.0], [3153.6, 3662.0], [3153.75, 6765.0]]}}}
{"jsonrpc": "2.0", "method": "subscription", "params": {"channel": "book.ETH-PERPETUAL.none.20.100ms", "data": {"timestamp": 1767799553332, "change_id": 104081235557, "instrument_name": "ETH-PERPETUAL", "bids": [[3152.2, 3000.0], [3151.95, 20500.0], [3151.85, 1881.0], [3151.8, 11300.0], [3151.75, 5970.0], [3151.7, 19999.0], [3151.65, 7996.0], [3151.6, 323.0], [3151.55, 6300.0], [3151.5, 20086.0], [3151.45, 3745.0], [3151.4, 9944.0], [3151.35, 9470.0], [3151.3, 16000.0], [3151.25, 17772.0], [3151.2, 6789.0], [3151.15, 3745.0], [3151.05, 17118.0], [3150.9, 3745.0], [3150.85, 15820.0]], "asks": [[3152.25, 13361.0], [3152.35, 800.0], [3152.45, 10895.0], [3152.5, 16000.0], [3152.55, 20500.0], [3152.65, 8376.0], [3152.7, 17541.0], [3152.75, 1872.0], [3152.8, 1420.0], [3152.85, 8538.0], [3152.9, 26877.0], [3152.95, 3770.0], [3153.0, 5871.0], [3153.05, 2.0], [3153.1, 66000.0], [3153.15, 18593.0], [3153.3, 5880.0], [3153.4, 6668.0], [3153.45, 16000.0], [3153.5, 1095.0]]}}}
{"jsonrpc": "2.0", "method": "subscription", "params": {"channel": "book.ETH-PERPETUAL.none.20.100ms", "data": {"timestamp": 1767799553656, "change_id": 104081236185, "instrument_name": "ETH-PERPETUAL", "bids": [[3152.2, 3000.0], [3151.85, 1881.0], [3151.8, 23389.0], [3151.75, 20500.0], [3151.7, 19999.0], [3151.65, 7996.0], [3151.6, 323.0], [3151.55, 6300.0], [3151.5, 20086.0], [3151.45, 3745.0], [3151.4, 9944.0], [3151.35, 4776.0], [3151.3, 16000.0], [3151.2, 10331.0], [3151.15, 3745.0], [3151.1, 17772.0], [3151.05, 17118.0], [3150.9, 3745.0], [3150.85, 14925.0], [3150.8, 50000.0]], "asks": [[3152.25, 32711.0], [3152.3, 707.0], [3152.35, 800.0], [3152.45, 4776.0], [3152.5, 16000.0], [3152.65, 4776.0], [3152.7, 16000.0], [3152.75, 1872.0], [3152.85, 22982.0], [3152.9, 26877.0], [3152.95, 3770.0], [3153.0, 55871.0], [3153.05, 2.0], [3153.1, 16000.0], [3153.15, 5541.0], [3153.3, 5880.0], [3153.35, 3001.0], [3153.4, 3667.0], [3153.45, 16000.0], [3153.5, 1095.0]]}}}
{"jsonrpc": "2.0", "method": "subscription", "params": {"channel": "book.ETH-PERPETUAL.none.20.100ms", "data": {"timestamp": 1767799553993, "change_id": 104081236867, "instrument_name": "ETH-PERPETUAL", "bids": [[3152.2, 3800.0], [3151.8, 11300.0], [3151.75, 20500.0], [3151.65, 11700.0], [3151.6, 323.0], [3151.55, 26299.0], [3151.5, 20086.0], [3151.45, 3745.0], [3151.4, 9944.0], [3151.35, 4776.0], [3151.3, 16000.0], [3151.2, 6789.0], [3151.15, 3745.0], [3151.05, 22280.0], [3150.95, 17772.0], [3150.9, 3745.0], [3150.75, 20846.0], [3150.7, 19746.0], [3150.6, 52999.0], [3150.55, 5892.0]], "asks": [[3152.25, 33388.0], [3152.3, 129.0], [3152.35, 800.0], [3152.45, 4776.0], [3152.5, 16000.0], [3152.65, 4776.0], [3152.7, 16000.0], [3152.75, 1872.0], [3152.85, 24402.0], [3152.9, 26877.0], [3152.95, 3770.0], [3153.0, 55871.0], [3153.05, 2.0], [3153.1, 16000.0], [3153.15, 5541.0], [3153.25, 3001.0], [3153.3, 5880.0], [3153.4, 3667.0], [3153.45, 16000.0], [3153.5, 1095.0]]}}}
{"jsonrpc": "2.0", "method": "subscription", "params": {"channel": "book.ETH-PERPETUAL.none.20.100ms", "data": {"timestamp": 1767799554320, "change_id": 104081237289, "instrument_name": "ETH-PERPETUAL", "bids": [[3152.2, 3800.0], [3151.8, 11300.0], [3151.75, 20500.0], [3151.65, 11700.0], [3151.6, 323.0], [3151.55, 6300.0], [3151.5, 40085.0], [3151.45, 3745.0], [3151.4, 9944.0], [3151.35, 4776.0], [3151.3, 16000.0], [3151.2, 6789.0], [3151.15, 3745.0], [3151.05, 22280.0], [3150.95, 17772.0], [3150.9, 3745.0], [3150.75, 20846.0], [3150.7, 19746.0], [3150.65, 2999.0], [3150.6, 50000.0]], "asks": [[3152.25, 40924.0], [3152.3, 129.0], [3152.35, 2681.0], [3152.4, 6300.0], [3152.45, 4776.0], [3152.5, 16000.0], [3152.65, 4776.0], [3152.7, 16000.0], [3152.75, 1872.0], [3152.85, 24402.0], [3152.9, 26877.0], [3152.95, 3770.0], [3153.0, 55871.0], [3153.05, 2.0], [3153.1, 16000.0], [3153.15, 5541.0], [3153.25, 3001.0], [3153.3, 5880.0], [3153.4, 3667.0], [3153.45, 16000.0]]}}}
{"jsonrpc": "2.0", "method": "subscription", "params": {"channel": "book.ETH-PERPETUAL.none.20.100ms", "data": {"timestamp": 1767799554655, "change_id": 104081237726, "instrument_name": "ETH-PERPETUAL", "bids": [[3152.2, 7169.0], [3151.9, 20500.0], [3151.85, 3373.0], [3151.8, 11300.0], [3151.65, 11700.0], [3151.6, 323.0], [3151.55, 6300.0], [3151.5, 40085.0], [3151.45, 3745.0], [3151.4, 9944.0], [3151.35, 4776.0], [3151.3, 16000.0], [3151.2, 6789.0], [3151.15, 3745.0], [3151.05, 22280.0], [3150.95, 17772.0], [3150.9, 3745.0], [3150.8, 14925.0], [3150.75, 56789.0], [3150.7, 19746.0]], "asks": [[3152.25, 9560.0], [3152.3, 129.0], [3152.35, 800.0], [3152.4, 12328.0], [3152.45, 20500.0], [3152.5, 20800.0], [3152.65, 4776.0], [3152.7, 16000.0], [3152.75, 1872.0], [3152.85, 24402.0], [3152.9, 26877.0], [3152.95, 53770.0], [3153.0, 5871.0], [3153.05, 2.0], [3153.1, 16000.0], [3153.15, 5541.0], [3153.3, 5880.0], [3153.35, 3001.0], [3153.4, 3667.0], [3153.45, 16000.0]]}}}
{"jsonrpc": "2.0", "method": "subscription", "params": {"channel": "book.ETH-PERPETUAL.none.20.100ms", "data": {"timestamp": 1767799554986, "change_id": 104081238691, "instrument_name": "ETH-PERPETUAL", "bids": [[3152.2, 800.0], [3151.8, 6300.0], [3151.6, 323.0], [3151.55, 11300.0], [3151.4, 22375.0], [3151.3, 2409.0], [3151.2, 15014.0], [3151.15, 3745.0], [3151.1, 19999.0], [3151.05, 6423.0], [3150.9, 19745.0], [3150.85, 5305.0], [3150.8, 17772.0], [3150.75, 20846.0], [3150.7, 19746.0], [3150.6, 55892.0], [3150.55, 10.0], [3150.5, 19740.0], [3150.45, 4872.0], [3150.35, 2999.0]], "asks": [[3152.25, 34802.0], [3152.3, 129.0], [3152.35, 800.0], [3152.4, 6209.0], [3152.5, 16000.0], [3152.65, 19090.0], [3152.7, 66000.0], [3152.75, 1872.0], [3152.85, 9148.0], [3152.9, 26877.0], [3152.95, 3745.0], [3153.0, 5871.0], [3153.05, 3003.0], [3153.1, 16000.0], [3153.15, 5541.0], [3153.3, 5880.0], [3153.4, 3667.0], [3153.45, 16000.0], [3153.5, 1095.0], [3153.6, 3662.0]]}}}
{"jsonrpc": "2.0", "method": "subscription", "params": {"channel": "book.ETH-PERPETUAL.none.20.100ms", "data": {"timestamp": 1767799555309, "change_id": 104081239523, "instrument_name": "ETH-PERPETUAL", "bids": [[3152.2, 7169.0], [3151.9, 25500.0], [3151.65, 7708.0], [3151.6, 20322.0], [3151.5, 16000.0], [3151.45, 1680.0], [3151.4, 5628.0], [3151.3, 7406.0], [3151.2, 31592.0], [3151.15, 19745.0], [3151.05, 6423.0], [3150.9, 19745.0], [3150.85, 15820.0], [3150.8, 52999.0], [3150.75, 6789.0], [3150.7, 19746.0], [3150.6, 5892.0], [3150.55, 10.0], [3150.5, 19740.0], [3150.45, 4872.0]], "asks": [[3152.25, 2365.0], [3152.35, 800.0], [3152.5, 1857.0], [3152.55, 4800.0], [3152.65, 10285.0], [3152.7, 36500.0], [3152.75, 1872.0], [3152.85, 5894.0], [3152.9, 16000.0], [3152.95, 3745.0], [3153.0, 20612.0], [3153.05, 50027.0], [3153.1, 16000.0], [3153.15, 5541.0], [3153.3, 5880.0], [3153.4, 3667.0], [3153.45, 16000.0], [3153.5, 1991.0], [3153.55, 3002.0], [3153.6, 3662.0]]}}}
{"jsonrpc": "2.0", "method": "subscription", "params": {"channel": "book.ETH-PERPETUAL.none.20.100ms", "data": {"timestamp": 1767799555647, "change_id": 104081240256, "instrument_name": "ETH-PERPETUAL", "bids": [[3152.2, 27669.0], [3152.05, 7462.0], [3152.0, 19999.0], [3151.95, 5000.0], [3151.75, 4776.0], [3151.7, 16000.0], [3151.6, 323.0], [3151.55, 4776.0], [3151.5, 22985.0], [3151.45, 17772.0], [3151.4, 5628.0], [3151.3, 2409.0], [3151.2, 13820.0], [3151.15, 27745.0], [3151.1, 2999.0], [3151.05, 6423.0], [3150.9, 69745.0], [3150.75, 6789.0], [3150.7, 19746.0], [3150.6, 5892.0]], "asks": [[3152.25, 700.0], [3152.35, 800.0], [3152.65, 10285.0], [3152.7, 37933.0], [3152.8, 4800.0], [3152.85, 7314.0], [3152.9, 16000.0], [3152.95, 3745.0], [3153.0, 5871.0], [3153.05, 27.0], [3153.1, 16000.0], [3153.15, 5541.0], [3153.3, 57755.0], [3153.4, 3667.0], [3153.45, 16000.0], [3153.5, 1095.0], [3153.6, 3662.0], [3153.7, 3001.0], [3153.75, 23424.0], [3153.8, 16000.0]]}}}
{"jsonrpc": "2.0", "method": "subscription", "params": {"channel": "book.ETH-PERPETUAL.none.20.100ms", "data": {"timestamp": 1767799555979, "change_id": 104081241176, "instrument_name": "ETH-PERPETUAL", "bids": [[3152.2, 3800.0], [3151.85, 6119.0], [3151.8, 20500.0], [3151.75, 5509.0], [3151.6, 323.0], [3151.45, 1680.0], [3151.4, 5628.0], [3151.3, 2409.0], [3151.2, 8442.0], [3151.15, 11745.0], [3151.05, 6423.0], [3150.9, 19745.0], [3150.75, 6789.0], [3150.7, 19746.0], [3150.6, 15343.0], [3150.55, 10.0], [3150.5, 19740.0], [3150.45, 4872.0], [3150.3, 19745.0], [3150.15, 1116.0]], "asks": [[3152.25, 7561.0], [3152.35, 15725.0], [3152.4, 50000.0], [3152.65, 10285.0], [3152.7, 37933.0], [3152.8, 4800.0], [3152.85, 5894.0], [3152.9, 16000.0], [3152.95, 3745.0], [3153.0, 5871.0], [3153.05, 27.0], [3153.1, 16000.0], [3153.15, 7416.0], [3153.3, 5880.0], [3153.4, 3667.0], [3153.45, 16000.0], [3153.5, 1095.0], [3153.6, 3662.0], [3153.75, 26425.0], [3153.8, 16000.0]]}}}
{"jsonrpc": "2.0", "method": "subscription", "params": {"channel": "book.ETH-PERPETUAL.none.20.100ms", "data": {"timestamp": 1767799556303, "change_id": 104081242053, "instrument_name": "ETH-PERPETUAL", "bids": [[3152.2, 800.0], [3151.6, 323.0], [3151.45, 20500.0], [3151.25, 5970.0], [3151.2, 22387.0], [3151.1, 3751.0], [3151.0, 1878.0], [3150.95, 5894.0], [3150.9, 19745.0], [3150.85, 8069.0], [3150.75, 6789.0], [3150.7, 19746.0], [3150.6, 5892.0], [3150.55, 17782.0], [3150.5, 19740.0], [3150.45, 4872.0], [3150.35, 2999.0], [3150.3, 19745.0], [3150.15, 1116.0], [3150.05, 3738.0]], "asks": [[3152.25, 90488.0], [3152.3, 6300.0], [3152.35, 800.0], [3152.4, 4776.0], [3152.45, 16000.0], [3152.5, 1420.0], [3152.6, 8022.0], [3152.65, 10876.0], [3152.7, 16000.0], [3152.85, 5894.0], [3152.9, 16000.0], [3152.95, 3745.0], [3153.0, 5871.0], [3153.05, 3003.0], [3153.1, 16000.0], [3153.15, 7416.0], [3153.3, 5880.0], [3153.4, 3667.0], [3153.45, 16000.0], [3153.5, 1095.0]]}}}
{"jsonrpc": "2.0", "method": "subscription", "params": {"channel": "book.ETH-PERPETUAL.none.20.100ms", "data": {"timestamp": 1767799556628, "change_id": 104081242611, "instrument_name": "ETH-PERPETUAL", "bids": [[3152.2, 800.0], [3151.6, 20823.0], [3151.15, 19999.0], [3151.1, 19751.0], [3151.0, 1878.0], [3150.95, 5894.0], [3150.9, 19745.0], [3150.85, 16069.0], [3150.75, 24561.0], [3150.7, 19746.0], [3150.6, 5892.0], [3150.55, 10.0], [3150.5, 19740.0], [3150.45, 4872.0], [3150.35, 2999.0], [3150.3, 19745.0], [3150.15, 1116.0], [3150.05, 3738.0], [3150.0, 7715.0], [3149.95, 16000.0]], "asks": [[3152.25, 84378.0], [3152.35, 800.0], [3152.4, 4776.0], [3152.45, 16000.0], [3152.5, 1420.0], [3152.6, 8022.0], [3152.65, 10901.0], [3152.7, 16000.0], [3152.85, 5894.0], [3152.9, 16000.0], [3152.95, 3745.0], [3153.0, 5871.0], [3153.05, 3003.0], [3153.1, 16000.0], [3153.15, 7416.0], [3153.3, 5880.0], [3153.4, 3667.0], [3153.45, 16000.0], [3153.5, 1095.0], [3153.6, 3662.0]]}}}
{"jsonrpc": "2.0", "method": "subscription", "params": {"channel": "book.ETH-PERPETUAL.none.20.100ms", "data": {"timestamp": 1767799556958, "change_id": 104081243072, "instrument_name": "ETH-PERPETUAL", "bids": [[3152.2, 800.0], [3151.6, 20823.0], [3151.15, 19999.0], [3151.1, 19751.0], [3151.0, 1878.0], [3150.95, 5894.0], [3150.9, 19755.0], [3150.85, 16069.0], [3150.75, 24561.0], [3150.7, 19746.0], [3150.6, 5892.0], [3150.55, 2999.0], [3150.5, 19740.0], [3150.45, 4872.0], [3150.3, 19745.0], [3150.15, 1116.0], [3150.05, 3738.0], [3150.0, 7715.0], [3149.95, 16000.0], [3149.85, 3735.0]], "asks": [[3152.25, 87342.0], [3152.35, 800.0], [3152.4, 4776.0], [3152.45, 16000.0], [3152.5, 1420.0], [3152.6, 8022.0], [3152.65, 10901.0], [3152.7, 16000.0], [3152.85, 5894.0], [3152.9, 16000.0], [3152.95, 3745.0], [3153.0, 5871.0], [3153.05, 2.0], [3153.1, 16000.0], [3153.15, 7416.0], [3153.25, 3002.0], [3153.3, 5880.0], [3153.4, 3667.0], [3153.45, 16000.0], [3153.5, 1095.0]]}}}
{"jsonrpc": "2.0", "method": "subscription", "params": {"channel": "book.ETH-PERPETUAL.none.20.100ms", "data": {"timestamp": 1767799557300, "change_id": 104081243651, "instrument_name": "ETH-PERPETUAL", "bids": [[3152.2, 800.0], [3151.75, 20500.0], [3151.6, 1816.0], [3151.55, 5000.0], [3151.3, 16000.0], [3151.15, 21876.0], [3151.1, 19751.0], [3151.0, 1878.0], [3150.95, 5894.0], [3150.9, 19755.0], [3150.85, 16069.0], [3150.75, 24561.0], [3150.7, 19746.0], [3150.6, 5892.0], [3150.5, 19740.0], [3150.45, 4872.0], [3150.35, 12450.0], [3150.3, 19745.0], [3150.15, 1116.0], [3150.05, 53738.0]], "asks": [[3152.25, 86238.0], [3152.35, 800.0], [3152.4, 4776.0], [3152.45, 16000.0], [3152.5, 1420.0], [3152.55, 6300.0], [3152.6, 8022.0], [3152.65, 10901.0], [3152.7, 16000.0], [3152.85, 5894.0], [3152.9, 16000.0], [3152.95, 3745.0], [3153.0, 5871.0], [3153.05, 3003.0], [3153.1, 16000.0], [3153.15, 7416.0], [3153.3, 5880.0], [3153.4, 3667.0], [3153.45, 16000.0], [3153.5, 1095.0]]}}}
{"jsonrpc": "2.0", "method": "subscription", "params": {"channel": "book.ETH-PERPETUAL.none.20.100ms", "data": {"timestamp": 1767799557629, "change_id": 104081244751, "instrument_name": "ETH-PERPETUAL", "bids": [[3152.2, 1800.0], [3151.6, 323.0], [3151.55, 5000.0], [3151.5, 20500.0], [3151.45, 1120.0], [3151.4, 3751.0], [3151.35, 5336.0], [3151.3, 17877.0], [3151.15, 19999.0], [3151.1, 19751.0], [3150.95, 5894.0], [3150.9, 19755.0], [3150.85, 16069.0], [3150.8, 17772.0], [3150.75, 6789.0], [3150.7, 19746.0], [3150.6, 5892.0], [3150.5, 19740.0], [3150.45, 4872.0], [3150.35, 2999.0]], "asks": [[3152.25, 36317.0], [3152.35, 800.0], [3152.45, 4776.0], [3152.5, 16000.0], [3152.6, 19701.0], [3152.65, 50000.0], [3152.7, 16000.0], [3152.85, 5894.0], [3152.9, 16000.0], [3152.95, 3745.0], [3153.0, 5871.0], [3153.05, 2.0], [3153.1, 19002.0], [3153.15, 7416.0], [3153.3, 5880.0], [3153.4, 3667.0], [3153.45, 16000.0], [3153.5, 1095.0], [3153.55, 8069.0], [3153.6, 3662.0]]}}}
{"jsonrpc": "2.0", "method": "subscription", "params": {"channel": "book.ETH-PERPETUAL.none.20.100ms", "data": {"timestamp": 1767799557958, "change_id": 104081245274, "instrument_name": "ETH-PERPETUAL", "bids": [[3152.2, 1800.0], [3151.6, 323.0], [3151.55, 5000.0], [3151.5, 20500.0], [3151.45, 10.0], [3151.35, 5336.0], [3151.3, 17877.0], [3151.2, 11865.0], [3151.15, 19999.0], [3151.1, 19751.0], [3150.95, 13894.0], [3150.9, 19745.0], [3150.85, 8069.0], [3150.75, 6789.0], [3150.7, 19746.0], [3150.65, 17772.0], [3150.6, 5892.0], [3150.5, 19740.0], [3150.45, 4872.0], [3150.3, 19745.0]], "asks": [[3152.25, 36217.0], [3152.35, 800.0], [3152.4, 20125.0], [3152.45, 51420.0], [3152.5, 16000.0], [3152.6, 8022.0], [3152.65, 10876.0], [3152.7, 16000.0], [3152.85, 5894.0], [3152.9, 16000.0], [3152.95, 3745.0], [3153.0, 5871.0], [3153.05, 3004.0], [3153.1, 16000.0], [3153.15, 7416.0], [3153.3, 5880.0], [3153.4, 3667.0], [3153.45, 16000.0], [3153.5, 1095.0], [3153.55, 8069.0]]}}}
{"jsonrpc": "2.0", "method": "subscription", "params": {"channel": "book.ETH-PERPETUAL.none.20.100ms", "data": {"timestamp": 1767799558292, "change_id": 104081246651, "instrument_name": "ETH-PERPETUAL", "bids": [[3151.45, 10.0], [3151.2, 7240.0], [3151.15, 40499.0], [3151.1, 16000.0], [3150.95, 5894.0], [3150.9, 22154.0], [3150.85, 8069.0], [3150.75, 10331.0], [3150.7, 19746.0], [3150.65, 17772.0], [3150.6, 5892.0], [3150.5, 19740.0], [3150.45, 4872.0], [3150.3, 19745.0], [3150.2, 2999.0], [3150.15, 1116.0], [3150.05, 3738.0], [3149.95, 16000.0], [3149.85, 3735.0], [3149.6, 66000.0]], "asks": [[3151.5, 3387.0], [3151.85, 7369.0], [3151.9, 25300.0], [3152.05, 4776.0], [3152.1, 66000.0], [3152.2, 9974.0], [3152.25, 11205.0], [3152.3, 16000.0], [3152.35, 7100.0], [3152.45, 5173.0], [3152.5, 16000.0], [3152.6, 8022.0], [3152.65, 10876.0], [3152.7, 16000.0], [3152.75, 3753.0], [3152.8, 3001.0], [3152.85, 5894.0], [3152.9, 16000.0], [3152.95, 3745.0], [3153.0, 5871.0]]}}}
{"jsonrpc": "2.0", "method": "subscription", "params": {"channel": "book.ETH-PERPETUAL.none.20.100ms", "data": {"timestamp": 1767799558620, "change_id": 104081247765, "instrument_name": "ETH-PERPETUAL", "bids": [[3152.0, 3369.0], [3151.75, 20500.0], [3151.7, 3133.0], [3151.65, 13181.0], [3151.5, 12580.0], [3151.45, 21040.0], [3151.35, 4776.0], [3151.3, 16000.0], [3151.2, 3753.0], [3151.15, 24426.0], [3151.1, 16000.0], [3150.95, 5894.0], [3150.9, 22154.0], [3150.85, 8069.0], [3150.75, 6789.0], [3150.7, 22745.0], [3150.6, 5892.0], [3150.5, 19740.0], [3150.45, 4872.0], [3150.3, 19745.0]], "asks": [[3152.05, 3387.0], [3152.25, 18900.0], [3152.3, 4800.0], [3152.35, 7100.0], [3152.4, 76820.0], [3152.45, 1420.0], [3152.5, 16000.0], [3152.6, 4783.0], [3152.65, 25.0], [3152.7, 17120.0], [3152.75, 3753.0], [3152.85, 5894.0], [3152.9, 16000.0], [3152.95, 7496.0], [3153.0, 5871.0], [3153.05, 2.0], [3153.1, 16000.0], [3153.15, 3667.0], [3153.3, 5880.0], [3153.35, 3001.0]]}}}
{"jsonrpc": "2.0", "method": "subscription", "params": {"channel": "book.ETH-PERPETUAL.none.20.100ms", "data": {"timestamp": 1767799558949, "change_id": 104081248490, "instrument_name": "ETH-PERPETUAL", "bids": [[3152.0, 28869.0], [3151.75, 7850.0], [3151.7, 19999.0], [3151.65, 6300.0], [3151.55, 6657.0], [3151.5, 22300.0], [3151.45, 2476.0], [3151.35, 10591.0], [3151.3, 16000.0], [3151.2, 21525.0], [3151.15, 6654.0], [3151.1, 16000.0], [3150.95, 5894.0], [3150.9, 22154.0], [3150.85, 8069.0], [3150.75, 6789.0], [3150.7, 19746.0], [3150.65, 2999.0], [3150.6, 5892.0], [3150.5, 19740.0]], "asks": [[3152.05, 3597.0], [3152.25, 400.0], [3152.35, 800.0], [3152.4, 1420.0], [3152.45, 1433.0], [3152.55, 4800.0], [3152.6, 43455.0], [3152.65, 26876.0], [3152.7, 51120.0], [3152.75, 3753.0], [3152.85, 5894.0], [3152.9, 16000.0], [3152.95, 7496.0], [3153.0, 5871.0], [3153.05, 27.0], [3153.1, 16000.0], [3153.15, 3667.0], [3153.3, 5880.0], [3153.35, 19342.0], [3153.4, 3667.0]]}}}
{"jsonrpc": "2.0", "method": "subscription", "params": {"channel": "book.ETH-PERPETUAL.none.20.100ms", "data": {"timestamp": 1767799559277, "change_id": 104081249223, "instrument_name": "ETH-PERPETUAL", "bids": [[3152.0, 35169.0], [3151.85, 1881.0], [3151.8, 6300.0], [3151.75, 4776.0], [3151.7, 16000.0], [3151.65, 12626.0], [3151.6, 19999.0], [3151.5, 22300.0], [3151.45, 110.0], [3151.35, 10591.0], [3151.3, 16000.0], [3151.2, 21525.0], [3151.15, 6654.0], [3151.1, 16000.0], [3150.95, 5894.0], [3150.9, 22154.0], [3150.85, 8069.0], [3150.8, 2999.0], [3150.75, 6789.0], [3150.7, 19746.0]], "asks": [[3152.05, 7161.0], [3152.25, 400.0], [3152.35, 800.0], [3152.45, 3130.0], [3152.5, 6300.0], [3152.55, 18942.0], [3152.6, 21920.0], [3152.65, 26876.0], [3152.7, 15902.0], [3152.75, 53753.0], [3152.85, 5894.0], [3152.9, 16000.0], [3152.95, 7496.0], [3153.0, 5871.0], [3153.05, 27.0], [3153.1, 16000.0], [3153.15, 3667.0], [3153.3, 9999.0], [3153.35, 16340.0], [3153.4, 6669.0]]}}}
{"jsonrpc": "2.0", "method": "subscription", "params": {"channel": "book.ETH-PERPETUAL.none.20.100ms", "data": {"timestamp": 1767799559576, "change_id": 104081249864, "instrument_name": "ETH-PERPETUAL", "bids": [[3152.0, 35169.0], [3151.85, 1881.0], [3151.8, 17046.0], [3151.75, 19999.0], [3151.7, 16000.0], [3151.55, 6657.0], [3151.5, 22300.0], [3151.45, 10.0], [3151.35, 10591.0], [3151.3, 16000.0], [3151.2, 21525.0], [3151.15, 6654.0], [3151.1, 16000.0], [3150.95, 5894.0], [3150.9, 22154.0], [3150.85, 8069.0], [3150.75, 6789.0], [3150.7, 19746.0], [3150.65, 2999.0], [3150.6, 20064.0]], "asks": [[3152.05, 100.0], [3152.25, 400.0], [3152.35, 800.0], [3152.45, 3130.0], [3152.5, 6300.0], [3152.55, 29236.0], [3152.6, 21920.0], [3152.65, 16000.0], [3152.7, 51120.0], [3152.75, 3753.0], [3152.85, 5894.0], [3152.9, 16000.0], [3152.95, 7496.0], [3153.0, 5871.0], [3153.05, 27.0], [3153.1, 16000.0], [3153.15, 3667.0], [3153.25, 3001.0], [3153.3, 5880.0], [3153.4, 3667.0]]}}}
{"jsonrpc": "2.0", "method": "subscription", "params": {"channel": "book.ETH-PERPETUAL.none.20.100ms", "data": {"timestamp": 1767799559946, "change_id": 104081250411, "instrument_name": "ETH-PERPETUAL", "bids": [[3152.0, 28869.0], [3151.85, 1881.0], [3151.8, 11076.0], [3151.7, 16000.0], [3151.65, 11775.0], [3151.55, 19999.0], [3151.5, 22300.0], [3151.35, 10591.0], [3151.3, 16000.0], [3151.2, 21525.0], [3151.15, 6654.0], [3151.1, 16000.0], [3150.95, 5894.0], [3150.9, 22154.0], [3150.85, 8069.0], [3150.75, 9788.0], [3150.7, 19746.0], [3150.6, 20064.0], [3150.55, 50000.0], [3150.5, 19740.0]], "asks": [[3152.05, 100.0], [3152.25, 400.0], [3152.35, 800.0], [3152.45, 21933.0], [3152.5, 6300.0], [3152.55, 29236.0], [3152.6, 1420.0], [3152.65, 16000.0], [3152.7, 51120.0], [3152.75, 3763.0], [3152.85, 5894.0], [3152.9, 16000.0], [3152.95, 7496.0], [3153.0, 5871.0], [3153.05, 27.0], [3153.1, 16000.0], [3153.15, 3667.0], [3153.3, 5880.0], [3153.35, 3001.0], [3153.4, 3667.0]]}}}
{"jsonrpc": "2.0", "method": "subscription", "params": {"channel": "book.ETH-PERPETUAL.none.20.100ms", "data": {"timestamp": 1767799560274, "change_id": 104081250883, "instrument_name": "ETH-PERPETUAL", "bids": [[3152.0, 28959.0], [3151.85, 6300.0], [3151.75, 10746.0], [3151.7, 35999.0], [3151.65, 5118.0], [3151.5, 16000.0], [3151.35, 10591.0], [3151.3, 16000.0], [3151.2, 21525.0], [3151.15, 6654.0], [3151.1, 16000.0], [3150.95, 5894.0], [3150.9, 22154.0], [3150.85, 8069.0], [3150.8, 2999.0], [3150.75, 6789.0], [3150.7, 19746.0], [3150.6, 29515.0], [3150.55, 50000.0], [3150.5, 19740.0]], "asks": [[3152.05, 100.0], [3152.25, 400.0], [3152.3, 2119.0], [3152.35, 7100.0], [3152.4, 9433.0], [3152.45, 20500.0], [3152.5, 6300.0], [3152.55, 29236.0], [3152.6, 1420.0], [3152.65, 16000.0], [3152.7, 51120.0], [3152.75, 3763.0], [3152.85, 5894.0], [3152.9, 16000.0], [3152.95, 7496.0], [3153.0, 5871.0], [3153.05, 27.0], [3153.1, 16000.0], [3153.15, 3667.0], [3153.3, 5880.0]]}}}
{"jsonrpc": "2.0", "method": "subscription", "params": {"channel": "book.ETH-PERPETUAL.none.20.100ms", "data": {"timestamp": 1767799560604, "change_id": 104081252461, "instrument_name": "ETH-PERPETUAL", "bids": [[3151.05, 42618.0], [3150.85, 10696.0], [3150.8, 16000.0], [3150.75, 21117.0], [3150.6, 5892.0], [3150.55, 16000.0], [3150.5, 3740.0], [3150.45, 7680.0], [3150.35, 8069.0], [3150.3, 25050.0], [3150.25, 17772.0], [3150.1, 2038.0], [3150.05, 3738.0], [3150.0, 8980.0], [3149.95, 16000.0], [3149.85, 18660.0], [3149.8, 50000.0], [3149.65, 5891.0], [3149.6, 16000.0], [3149.55, 3735.0]], "asks": [[3151.1, 3387.0], [3151.3, 1000.0], [3151.55, 6119.0], [3151.6, 20500.0], [3151.65, 6787.0], [3151.7, 27537.0], [3151.85, 25361.0], [3151.9, 76057.0], [3151.95, 6300.0], [3152.05, 2409.0], [3152.15, 1241.0], [3152.2, 3757.0], [3152.25, 7295.0], [3152.3, 16000.0], [3152.35, 7100.0], [3152.4, 5782.0], [3152.45, 10875.0], [3152.5, 6300.0], [3152.55, 7784.0], [3152.65, 16000.0]]}}}
{"jsonrpc": "2.0", "method": "subscription", "params": {"channel": "book.ETH-PERPETUAL.none.20.100ms", "data": {"timestamp": 1767799560934, "change_id": 104081253564, "instrument_name": "ETH-PERPETUAL", "bids": [[3151.05, 22043.0], [3150.95, 1493.0], [3150.9, 5000.0], [3150.85, 10135.0], [3150.8, 35999.0], [3150.6, 5892.0], [3150.55, 16000.0], [3150.5, 3740.0], [3150.45, 12626.0], [3150.35, 25841.0], [3150.3, 19745.0], [3150.2, 1879.0], [3150.15, 2038.0], [3150.1, 2999.0], [3150.05, 3738.0], [3150.0, 5981.0], [3149.95, 16000.0], [3149.85, 3735.0], [3149.8, 14925.0], [3149.75, 50000.0]], "asks": [[3151.1, 3387.0], [3151.35, 1000.0], [3151.6, 6119.0], [3151.65, 21933.0], [3151.7, 4800.0], [3151.85, 25361.0], [3151.9, 76057.0], [3151.95, 8669.0], [3152.0, 1878.0], [3152.05, 4964.0], [3152.15, 1241.0], [3152.2, 3757.0], [3152.25, 7295.0], [3152.3, 16000.0], [3152.35, 7100.0], [3152.4, 5782.0], [3152.45, 10875.0], [3152.5, 10057.0], [3152.55, 4783.0], [3152.65, 16000.0]]}}}
{"jsonrpc": "2.0", "method": "subscription", "params": {"channel": "book.ETH-PERPETUAL.none.20.100ms", "data": {"timestamp": 1767799561265, "change_id": 104081254490, "instrument_name": "ETH-PERPETUAL", "bids": [[3151.45, 36079.0], [3151.35, 1977.0], [3151.3, 6300.0], [3151.25, 323.0], [3151.2, 8422.0], [3151.15, 19999.0], [3151.05, 12854.0], [3151.0, 16000.0], [3150.85, 4776.0], [3150.8, 16000.0], [3150.7, 5305.0], [3150.65, 17772.0], [3150.6, 5892.0], [3150.55, 17879.0], [3150.5, 3740.0], [3150.45, 8302.0], [3150.35, 11068.0], [3150.3, 19745.0], [3150.1, 15922.0], [3150.05, 53738.0]], "asks": [[3151.5, 3387.0], [3151.95, 11732.0], [3152.0, 20500.0], [3152.05, 6220.0], [3152.1, 17241.0], [3152.2, 3757.0], [3152.25, 20791.0], [3152.3, 66000.0], [3152.35, 800.0], [3152.4, 3756.0], [3152.45, 1146.0], [3152.5, 3757.0], [3152.6, 4776.0], [3152.65, 16000.0], [3152.7, 1120.0], [3152.75, 4606.0], [3152.85, 5894.0], [3152.9, 19001.0], [3152.95, 3745.0], [3153.0, 5871.0]]}}}
{"jsonrpc": "2.0", "method": "subscription", "params": {"channel": "book.ETH-PERPETUAL.none.20.100ms", "data": {"timestamp": 1767799561596, "change_id": 104081256484, "instrument_name": "ETH-PERPETUAL", "bids": [[3151.55, 21410.0], [3151.5, 780.0], [3151.45, 27661.0], [3151.4, 16000.0], [3151.35, 6404.0], [3151.3, 6300.0], [3151.2, 19556.0], [3151.15, 298.0], [3151.05, 20787.0], [3151.0, 33772.0], [3150.85, 4776.0], [3150.8, 16000.0], [3150.75, 3759.0], [3150.65, 2999.0], [3150.6, 5892.0], [3150.55, 16000.0], [3150.5, 3740.0], [3150.45, 22533.0], [3150.4, 1230.0], [3150.35, 8069.0]], "asks": [[3151.65, 2022.0], [3151.75, 3387.0], [3151.9, 3387.0], [3152.15, 6298.0], [3152.2, 20500.0], [3152.25, 5400.0], [3152.35, 1922.0], [3152.4, 3759.0], [3152.5, 4348.0], [3152.55, 30742.0], [3152.6, 1420.0], [3152.65, 50000.0], [3152.7, 5899.0], [3152.75, 19763.0], [3152.85, 25.0], [3152.9, 1118.0], [3152.95, 3745.0], [3153.05, 6994.0], [3153.1, 16000.0], [3153.15, 5546.0]]}}}
{"jsonrpc": "2.0", "method": "subscription", "params": {"channel": "book.ETH-PERPETUAL.none.20.100ms", "data": {"timestamp": 1767799561926, "change_id": 104081257678, "instrument_name": "ETH-PERPETUAL", "bids": [[3151.5, 615.0], [3151.45, 1211.0], [3151.3, 6300.0], [3151.1, 20500.0], [3151.05, 10259.0], [3150.9, 5898.0], [3150.85, 16000.0], [3150.8, 19999.0], [3150.75, 6728.0], [3150.7, 9948.0], [3150.6, 5892.0], [3150.55, 16000.0], [3150.5, 3740.0], [3150.45, 5894.0], [3150.3, 19745.0], [3150.25, 5305.0], [3150.2, 17772.0], [3150.15, 1143.0], [3150.1, 2999.0], [3150.05, 3738.0]], "asks": [[3151.55, 50187.0], [3152.0, 16000.0], [3152.15, 50000.0], [3152.25, 6519.0], [3152.3, 5802.0], [3152.35, 16800.0], [3152.4, 3759.0], [3152.45, 3756.0], [3152.5, 4373.0], [3152.55, 16000.0], [3152.6, 1420.0], [3152.65, 3001.0], [3152.7, 5899.0], [3152.75, 19763.0], [3152.9, 1118.0], [3152.95, 3745.0], [3153.05, 6994.0], [3153.1, 17168.0], [3153.15, 3667.0], [3153.3, 5880.0]]}}}
{"jsonrpc": "2.0", "method": "subscription", "params": {"channel": "book.ETH-PERPETUAL.none.20.100ms", "data": {"timestamp": 1767799562256, "change_id": 104081258814, "instrument_name": "ETH-PERPETUAL", "bids": [[3151.2, 6300.0], [3151.15, 20500.0], [3151.05, 200.0], [3151.0, 5970.0], [3150.9, 25897.0], [3150.85, 16000.0], [3150.75, 6728.0], [3150.7, 9948.0], [3150.6, 5892.0], [3150.55, 16000.0], [3150.5, 3740.0], [3150.45, 10445.0], [3150.35, 17772.0], [3150.3, 19745.0], [3150.15, 1143.0], [3150.1, 2999.0], [3150.05, 3738.0], [3150.0, 5981.0], [3149.95, 16000.0], [3149.85, 3735.0]], "asks": [[3151.25, 8061.0], [3151.3, 22737.0], [3151.4, 2108.0], [3151.5, 7061.0], [3151.65, 6119.0], [3151.7, 20500.0], [3151.85, 3313.0], [3151.9, 6300.0], [3151.95, 9576.0], [3152.0, 16000.0], [3152.1, 16871.0], [3152.15, 50025.0], [3152.25, 600.0], [3152.3, 5802.0], [3152.35, 16810.0], [3152.4, 3759.0], [3152.45, 11778.0], [3152.5, 10876.0], [3152.55, 17320.0], [3152.6, 1420.0]]}}}
{"jsonrpc": "2.0", "method": "subscription", "params": {"channel": "book.ETH-PERPETUAL.none.20.100ms", "data": {"timestamp": 1767799562571, "change_id": 104081260014, "instrument_name": "ETH-PERPETUAL", "bids": [[3151.2, 342.0], [3151.15, 6300.0], [3151.1, 6300.0], [3151.05, 200.0], [3150.9, 5898.0], [3150.85, 36500.0], [3150.75, 22968.0], [3150.7, 8069.0], [3150.6, 5892.0], [3150.55, 17880.0], [3150.5, 3740.0], [3150.45, 5894.0], [3150.3, 19745.0], [3150.25, 5305.0], [3150.2, 17772.0], [3150.1, 1143.0], [3150.05, 3738.0], [3150.0, 8980.0], [3149.95, 16000.0], [3149.85, 3735.0]], "asks": [[3151.25, 8061.0], [3151.3, 20500.0], [3151.45, 1433.0], [3151.5, 10919.0], [3151.55, 20500.0], [3151.85, 1881.0], [3151.9, 6300.0], [3151.95, 20213.0], [3152.0, 66000.0], [3152.05, 3760.0], [3152.1, 1308.0], [3152.15, 3782.0], [3152.25, 600.0], [3152.3, 5802.0], [3152.35, 16810.0], [3152.4, 3759.0], [3152.45, 8022.0], [3152.5, 10876.0], [3152.55, 16000.0], [3152.65, 3001.0]]}}}
{"jsonrpc": "2.0", "method": "subscription", "params": {"channel": "book.ETH-PERPETUAL.none.20.100ms", "data": {"timestamp": 1767799562903, "change_id": 104081261098, "instrument_name": "ETH-PERPETUAL", "bids": [[3150.3, 16000.0], [3150.0, 80090.0], [3149.95, 16000.0], [3149.75, 50000.0], [3149.65, 5891.0], [3149.6, 16000.0], [3149.55, 3735.0], [3149.45, 3005.0], [3149.4, 3768.0], [3149.35, 1420.0], [3149.3, 4776.0], [3149.25, 17115.0], [3149.2, 3735.0], [3149.05, 2.0], [3148.95, 1114.0], [3148.9, 3729.0], [3148.8, 1120.0], [3148.75, 15.0], [3148.7, 3729.0], [3148.65, 1114.0]], "asks": [[3150.35, 8061.0], [3150.6, 29524.0], [3150.65, 22737.0], [3150.75, 5085.0], [3150.8, 13361.0], [3150.85, 13361.0], [3151.0, 1011.0], [3151.05, 12781.0], [3151.1, 32424.0], [3151.2, 22654.0], [3151.25, 10061.0], [3151.4, 4776.0], [3151.45, 16000.0], [3151.5, 6119.0], [3151.55, 25300.0], [3151.75, 4776.0], [3151.8, 16000.0], [3151.85, 1881.0], [3151.95, 20213.0], [3152.0, 66000.0]]}}}
{"jsonrpc": "2.0", "method": "subscription", "params": {"channel": "book.ETH-PERPETUAL.none.20.100ms", "data": {"timestamp": 1767799563245, "change_id": 104081263587, "instrument_name": "ETH-PERPETUAL", "bids": [[3150.25, 14000.0], [3150.15, 5726.0], [3150.1, 20500.0], [3150.0, 6209.0], [3149.9, 14000.0], [3149.65, 1122.0], [3149.6, 3759.0], [3149.5, 6429.0], [3149.45, 17771.0], [3149.4, 3768.0], [3149.25, 3381.0], [3149.2, 11804.0], [3149.05, 2.0], [3148.95, 24713.0], [3148.9, 19729.0], [3148.8, 50002.0], [3148.75, 2023.0], [3148.7, 3729.0], [3148.65, 5747.0], [3148.6, 2.0]], "asks": [[3150.45, 7061.0], [3150.5, 5787.0], [3150.55, 16000.0], [3150.6, 8281.0], [3150.75, 43181.0], [3150.8, 6300.0], [3151.05, 6931.0], [3151.1, 16000.0], [3151.15, 4605.0], [3151.2, 9138.0], [3151.25, 9509.0], [3151.35, 14646.0], [3151.4, 12749.0], [3151.45, 3785.0], [3151.6, 3531.0], [3151.65, 16605.0], [3151.8, 17122.0], [3151.85, 3760.0], [3151.95, 4776.0], [3152.0, 16000.0]]}}}
{"jsonrpc": "2.0", "method": "subscription", "params": {"channel": "book.ETH-PERPETUAL.none.20.100ms", "data": {"timestamp": 1767799563570, "change_id": 104081264850, "instrument_name": "ETH-PERPETUAL", "bids": [[3150.25, 24048.0], [3150.15, 14531.0], [3150.1, 14000.0], [3150.0, 90.0], [3149.95, 4179.0], [3149.9, 14000.0], [3149.75, 4179.0], [3149.7, 14000.0], [3149.65, 1122.0], [3149.6, 3759.0], [3149.55, 5304.0], [3149.5, 14000.0], [3149.4, 5648.0], [3149.35, 9448.0], [3149.25, 7270.0], [3149.2, 11804.0], [3149.15, 14000.0], [3149.05, 8306.0], [3149.0, 17771.0], [3148.95, 5890.0]], "asks": [[3150.75, 8000.0], [3150.8, 26800.0], [3150.9, 14925.0], [3150.95, 54800.0], [3151.05, 6931.0], [3151.1, 16025.0], [3151.15, 3760.0], [3151.2, 10055.0], [3151.25, 1420.0], [3151.35, 7916.0], [3151.4, 10872.0], [3151.45, 17760.0], [3151.6, 3531.0], [3151.65, 16605.0], [3151.75, 3001.0], [3151.8, 17122.0], [3151.85, 3760.0], [3151.95, 10833.0], [3152.0, 33675.0], [3152.05, 4663.0]]}}}
{"jsonrpc": "2.0", "method": "subscription", "params": {"channel": "book.ETH-PERPETUAL.none.20.100ms", "data": {"timestamp": 1767799563905, "change_id": 104081265683, "instrument_name": "ETH-PERPETUAL", "bids": [[3150.7, 3369.0], [3150.45, 7125.0], [3150.4, 20500.0], [3150.3, 3369.0], [3150.25, 198.0], [3150.15, 9638.0], [3150.1, 14000.0], [3150.0, 25390.0], [3149.9, 17759.0], [3149.75, 4179.0], [3149.7, 20283.0], [3149.6, 21530.0], [3149.55, 7446.0], [3149.5, 14000.0], [3149.4, 3768.0], [3149.3, 2999.0], [3149.25, 7270.0], [3149.2, 11804.0], [3149.15, 14000.0], [3149.05, 2.0]], "asks": [[3150.75, 4457.0], [3150.8, 6300.0], [3150.9, 7369.0], [3150.95, 4800.0], [3151.0, 20500.0], [3151.05, 22946.0], [3151.1, 16000.0], [3151.15, 53760.0], [3151.2, 10055.0], [3151.25, 1420.0], [3151.35, 7916.0], [3151.4, 10872.0], [3151.45, 17760.0], [3151.5, 20.0], [3151.6, 3531.0], [3151.65, 16605.0], [3151.8, 17122.0], [3151.85, 3760.0], [3151.95, 10833.0], [3152.0, 36676.0]]}}}
{"jsonrpc": "2.0", "method": "subscription", "params": {"channel": "book.ETH-PERPETUAL.none.20.100ms", "data": {"timestamp": 1767799564237, "change_id": 104081266637, "instrument_name": "ETH-PERPETUAL", "bids": [[3150.25, 26795.0], [3150.15, 4206.0], [3150.1, 14000.0], [3150.0, 5391.0], [3149.9, 14000.0], [3149.85, 10149.0], [3149.8, 19999.0], [3149.7, 15122.0], [3149.6, 3759.0], [3149.55, 5304.0], [3149.5, 15880.0], [3149.4, 9968.0], [3149.35, 17771.0], [3149.25, 7270.0], [3149.2, 11804.0], [3149.15, 14000.0], [3149.05, 2.0], [3149.0, 2999.0], [3148.95, 20062.0], [3148.9, 19729.0]], "asks": [[3150.3, 9687.0], [3150.4, 2179.0], [3150.45, 6300.0], [3150.7, 10205.0], [3150.75, 28220.0], [3150.8, 1881.0], [3150.85, 6300.0], [3150.9, 16175.0], [3150.95, 54800.0], [3151.05, 6931.0], [3151.1, 16000.0], [3151.15, 3760.0], [3151.2, 3756.0], [3151.35, 7916.0], [3151.4, 10872.0], [3151.45, 17760.0], [3151.5, 20.0], [3151.6, 6532.0], [3151.65, 16605.0], [3151.8, 17122.0]]}}}
{"jsonrpc": "2.0", "method": "subscription", "params": {"channel": "book.ETH-PERPETUAL.none.20.100ms", "data": {"timestamp": 1767799564568, "change_id": 104081268115, "instrument_name": "ETH-PERPETUAL", "bids": [[3150.7, 5080.0], [3150.35, 450.0], [3150.3, 490.0], [3150.25, 499.0], [3150.2, 11326.0], [3150.15, 24706.0], [3150.1, 14000.0], [3150.0, 90.0], [3149.95, 4179.0], [3149.9, 17761.0], [3149.8, 1880.0], [3149.75, 4179.0], [3149.7, 15122.0], [3149.6, 3759.0], [3149.55, 9930.0], [3149.5, 14000.0], [3149.45, 17771.0], [3149.4, 3768.0], [3149.3, 15820.0], [3149.25, 10269.0]], "asks": [[3150.75, 31361.0], [3151.05, 1075.0], [3151.35, 19554.0], [3151.4, 64000.0], [3151.45, 3760.0], [3151.5, 20.0], [3151.55, 5301.0], [3151.6, 14000.0], [3151.65, 10416.0], [3151.7, 1876.0], [3151.8, 19388.0], [3151.85, 3760.0], [3151.95, 12845.0], [3152.0, 16000.0], [3152.05, 3760.0], [3152.15, 1301.0], [3152.2, 3760.0], [3152.25, 400.0], [3152.3, 5802.0], [3152.35, 16800.0]]}}}
