{"jsonrpc": "2.0", "id": 1, "result": ["book.ETH-PERPETUAL.none.20.100ms"], "usIn": 1765984479421529, "usOut": 1765984479421759, "usDiff": 230, "testnet": false}
{"jsonrpc": "2.0", "method": "subscription", "params": {"channel": "book.ETH-PERPETUAL.none.20.100ms", "data": {"timestamp": 1765984479397, "change_id": 101810921620, "instrument_name": "ETH-PERPETUAL", "bids": [[3021.3, 8957.0], [3020.9, 1394.0], [3020.85, 13145.0], [3020.55, 3103.0], [3020.5, 4200.0], [3020.45, 7800.0], [3020.4, 5731.0], [3020.35, 21092.0], [3020.25, 421.0], [3020.2, 1254.0], [3020.15, 4200.0], [3020.1, 2149.0], [3020.05, 4892.0], [3019.95, 5664.0], [3019.9, 1892.0], [3019.8, 20766.0], [3019.75, 1490.0], [3019.7, 2998.0], [3019.65, 1993.0], [3019.6, 6830.0]], "asks": [[3021.35, 53.0], [3022.0, 98.0], [3022.2, 1845.0], [3022.35, 1845.0], [3022.4, 3000.0], [3022.55, 1847.0], [3022.65, 8.0], [3022.75, 3000.0], [3022.85, 1847.0], [3023.15, 4848.0], [3023.3, 37798.0], [3023.4, 20.0], [3023.45, 1848.0], [3023.55, 3000.0], [3023.6, 1850.0], [3023.7, 574.0], [3023.75, 1850.0], [3023.8, 12681.0], [3023.9, 4850.0], [3023.95, 26642.0]]}}}
{"jsonrpc": "2.0", "method": "subscription", "params": {"channel": "book.ETH-PERPETUAL.none.20.100ms", "data": {"timestamp": 1765984479501, "change_id": 101810922186, "instrument_name": "ETH-PERPETUAL", "bids": [[3021.3, 8957.0], [3021.1, 896.0], [3021.05, 3000.0], [3020.9, 5318.0], [3020.85, 13145.0], [3020.8, 4800.0], [3020.65, 3000.0], [3020.6, 15000.0], [3020.55, 3103.0], [3020.5, 4200.0], [3020.45, 3000.0], [3020.35, 6092.0], [3020.25, 652.0], [3020.2, 1254.0], [3020.15, 4200.0], [3020.1, 2149.0], [3020.05, 4892.0], [3020.0, 2999.0], [3019.95, 5664.0], [3019.9, 1892.0]], "asks": [[3021.35, 5.0], [3022.0, 98.0], [3022.15, 3000.0], [3022.35, 1845.0], [3022.4, 3000.0], [3022.55, 1847.0], [3022.65, 13153.0], [3022.75, 3000.0], [3022.85, 1847.0], [3023.15, 4848.0], [3023.4, 17806.0], [3023.45, 1848.0], [3023.55, 23012.0], [3023.6, 1850.0], [3023.7, 574.0], [3023.75, 1850.0], [3023.8, 12681.0], [3023.9, 4850.0], [3023.95, 13182.0], [3024.0, 450.0]]}}}
{"jsonrpc": "2.0", "method": "subscription", "params": {"channel": "book.ETH-PERPETUAL.none.20.100ms", "data": {"timestamp": 1765984479842, "change_id": 101810923347, "instrument_name": "ETH-PERPETUAL", "bids": [[3021.15, 165.0], [3021.1, 896.0], [3021.05, 3000.0], [3020.95, 896.0], [3020.85, 4433.0], [3020.8, 4800.0], [3020.65, 7478.0], [3020.6, 15000.0], [3020.55, 6693.0], [3020.5, 4200.0], [3020.45, 16145.0], [3020.4, 3397.0], [3020.35, 6092.0], [3020.25, 2511.0], [3020.2, 2192.0], [3020.15, 4200.0], [3020.1, 6332.0], [3020.05, 4892.0], [3019.95, 5664.0], [3019.9, 1892.0]], "asks": [[3021.2, 1823.0], [3021.35, 10.0], [3021.95, 3000.0], [3022.0, 98.0], [3022.15, 4892.0], [3022.25, 14091.0], [3022.3, 2001.0], [3022.35, 1845.0], [3022.5, 3000.0], [3022.55, 1847.0], [3022.65, 8.0], [3022.75, 3000.0], [3022.8, 20.0], [3022.85, 1847.0], [3023.1, 37798.0], [3023.15, 4848.0], [3023.3, 3001.0], [3023.35, 3000.0], [3023.45, 1848.0], [3023.55, 3000.0]]}}}
{"jsonrpc": "2.0", "method": "subscription", "params": {"channel": "book.ETH-PERPETUAL.none.20.100ms", "data": {"timestamp": 1765984480171, "change_id": 101810923945, "instrument_name": "ETH-PERPETUAL", "bids": [[3021.15, 319.0], [3021.05, 7244.0], [3020.9, 896.0], [3020.85, 3000.0], [3020.65, 7478.0], [3020.6, 15000.0], [3020.55, 11493.0], [3020.5, 4200.0], [3020.45, 16145.0], [3020.4, 3397.0], [3020.35, 6092.0], [3020.25, 2511.0], [3020.2, 2192.0], [3020.15, 4200.0], [3020.1, 3334.0], [3020.05, 4892.0], [3020.0, 2999.0], [3019.95, 5664.0], [3019.9, 1892.0], [3019.8, 3000.0]], "asks": [[3021.2, 23.0], [3021.35, 10.0], [3021.95, 3000.0], [3022.0, 98.0], [3022.1, 946.0], [3022.15, 4892.0], [3022.25, 13145.0], [3022.3, 2001.0], [3022.35, 1845.0], [3022.5, 3000.0], [3022.55, 1847.0], [3022.65, 8.0], [3022.75, 3000.0], [3022.8, 20.0], [3022.85, 1847.0], [3023.05, 23014.0], [3023.1, 17786.0], [3023.15, 4848.0], [3023.35, 3000.0], [3023.45, 1848.0]]}}}
{"jsonrpc": "2.0", "method": "subscription", "params": {"channel": "book.ETH-PERPETUAL.none.20.100ms", "data": {"timestamp": 1765984480500, "change_id": 101810925180, "instrument_name": "ETH-PERPETUAL", "bids": [[3021.15, 7244.0], [3020.95, 896.0], [3020.85, 3000.0], [3020.65, 7478.0], [3020.6, 15000.0], [3020.55, 10293.0], [3020.5, 4200.0], [3020.45, 16145.0], [3020.4, 1384.0], [3020.35, 1892.0], [3020.25, 2511.0], [3020.2, 938.0], [3020.1, 2915.0], [3020.05, 4892.0], [3020.0, 5498.0], [3019.95, 1464.0], [3019.9, 1892.0], [3019.8, 3000.0], [3019.65, 11976.0], [3019.55, 3000.0]], "asks": [[3021.2, 23.0], [3021.35, 10.0], [3021.9, 3000.0], [3022.0, 98.0], [3022.1, 946.0], [3022.15, 4892.0], [3022.25, 13145.0], [3022.3, 2001.0], [3022.35, 1845.0], [3022.5, 3000.0], [3022.55, 1847.0], [3022.65, 8.0], [3022.75, 3000.0], [3022.8, 20.0], [3022.85, 1847.0], [3023.1, 40799.0], [3023.15, 4848.0], [3023.35, 3000.0], [3023.45, 1848.0], [3023.55, 3000.0]]}}}
{"jsonrpc": "2.0", "method": "subscription", "params": {"channel": "book.ETH-PERPETUAL.none.20.100ms", "data": {"timestamp": 1765984480832, "change_id": 101810926357, "instrument_name": "ETH-PERPETUAL", "bids": [[3022.25, 1713.0], [3022.15, 7244.0], [3022.0, 30965.0], [3021.95, 5913.0], [3021.5, 3924.0], [3021.45, 15506.0], [3021.4, 6196.0], [3021.3, 1394.0], [3021.25, 2488.0], [3021.2, 10800.0], [3021.15, 15100.0], [3021.05, 1651.0], [3021.0, 1894.0], [3020.95, 896.0], [3020.85, 8043.0], [3020.7, 2793.0], [3020.65, 3000.0], [3020.55, 4043.0], [3020.45, 5500.0], [3020.4, 6437.0]], "asks": [[3022.3, 3000.0], [3022.5, 3000.0], [3022.65, 8.0], [3022.85, 20.0], [3022.9, 3000.0], [3023.1, 3000.0], [3023.45, 1848.0], [3023.55, 3000.0], [3023.6, 1850.0], [3023.65, 3001.0], [3023.7, 574.0], [3023.75, 21862.0], [3023.8, 12681.0], [3023.85, 17786.0], [3023.9, 4850.0], [3024.0, 450.0], [3024.15, 1851.0], [3024.3, 3000.0], [3024.4, 1850.0], [3024.55, 3000.0]]}}}
{"jsonrpc": "2.0", "method": "subscription", "params": {"channel": "book.ETH-PERPETUAL.none.20.100ms", "data": {"timestamp": 1765984481163, "change_id": 101810928536, "instrument_name": "ETH-PERPETUAL", "bids": [[3022.6, 6710.0], [3022.55, 7272.0], [3022.5, 20000.0], [3022.35, 7045.0], [3022.3, 4478.0], [3022.1, 3924.0], [3022.05, 15652.0], [3022.0, 7800.0], [3021.95, 4200.0], [3021.75, 1741.0], [3021.7, 3939.0], [3021.65, 1894.0], [3021.5, 5043.0], [3021.45, 1894.0], [3021.25, 2774.0], [3021.2, 9094.0], [3021.15, 200.0], [3021.0, 4893.0], [3020.95, 896.0], [3020.85, 6160.0]], "asks": [[3022.65, 8.0], [3023.35, 3000.0], [3023.7, 574.0], [3023.75, 4850.0], [3023.85, 20012.0], [3023.9, 1850.0], [3023.95, 3000.0], [3024.0, 450.0], [3024.1, 13145.0], [3024.15, 1851.0], [3024.3, 3000.0], [3024.4, 1850.0], [3024.5, 20.0], [3024.55, 3000.0], [3024.6, 1851.0], [3024.75, 13.0], [3024.8, 1851.0], [3024.95, 3000.0], [3025.0, 1931.0], [3025.2, 14528.0]]}}}
{"jsonrpc": "2.0", "method": "subscription", "params": {"channel": "book.ETH-PERPETUAL.none.20.100ms", "data": {"timestamp": 1765984481497, "change_id": 101810929693, "instrument_name": "ETH-PERPETUAL", "bids": [[3022.6, 6710.0], [3022.4, 896.0], [3022.35, 3000.0], [3022.25, 1075.0], [3022.2, 3600.0], [3022.15, 896.0], [3022.1, 3000.0], [3022.05, 20932.0], [3022.0, 17345.0], [3021.9, 3000.0], [3021.85, 4478.0], [3021.75, 846.0], [3021.7, 950.0], [3021.65, 1894.0], [3021.55, 1460.0], [3021.5, 3000.0], [3021.45, 1894.0], [3021.3, 1491.0], [3021.2, 4894.0], [3021.15, 100.0]], "asks": [[3022.65, 8.0], [3023.35, 3000.0], [3023.45, 1894.0], [3023.55, 3947.0], [3023.7, 574.0], [3023.75, 17995.0], [3023.9, 1850.0], [3023.95, 3000.0], [3024.0, 450.0], [3024.15, 1851.0], [3024.3, 5020.0], [3024.4, 1850.0], [3024.55, 3000.0], [3024.6, 1851.0], [3024.7, 17786.0], [3024.75, 3014.0], [3024.8, 1851.0], [3024.95, 3000.0], [3025.0, 1931.0], [3025.15, 3000.0]]}}}
{"jsonrpc": "2.0", "method": "subscription", "params": {"channel": "book.ETH-PERPETUAL.none.20.100ms", "data": {"timestamp": 1765984481821, "change_id": 101810930149, "instrument_name": "ETH-PERPETUAL", "bids": [[3022.6, 1710.0], [3022.35, 3000.0], [3022.2, 3600.0], [3022.15, 5258.0], [3022.1, 3000.0], [3022.05, 20932.0], [3022.0, 17345.0], [3021.9, 3000.0], [3021.75, 846.0], [3021.7, 950.0], [3021.65, 1894.0], [3021.55, 1460.0], [3021.5, 3000.0], [3021.45, 2789.0], [3021.4, 2998.0], [3021.3, 1491.0], [3021.2, 4894.0], [3021.15, 11185.0], [3021.1, 19990.0], [3021.05, 17766.0]], "asks": [[3022.65, 8.0], [3023.35, 3000.0], [3023.45, 1894.0], [3023.55, 3947.0], [3023.7, 574.0], [3023.75, 4850.0], [3023.85, 15145.0], [3023.9, 1850.0], [3023.95, 3000.0], [3024.0, 450.0], [3024.15, 1851.0], [3024.3, 3020.0], [3024.35, 3001.0], [3024.4, 1850.0], [3024.55, 3000.0], [3024.6, 1851.0], [3024.65, 20012.0], [3024.7, 31552.0], [3024.75, 13.0], [3024.8, 1851.0]]}}}
{"jsonrpc": "2.0", "method": "subscription", "params": {"channel": "book.ETH-PERPETUAL.none.20.100ms", "data": {"timestamp": 1765984482155, "change_id": 101810930899, "instrument_name": "ETH-PERPETUAL", "bids": [[3022.45, 4200.0], [3022.3, 1433.0], [3022.25, 4800.0], [3022.15, 896.0], [3022.1, 3000.0], [3022.05, 6306.0], [3022.0, 4200.0], [3021.95, 15000.0], [3021.9, 3000.0], [3021.75, 846.0], [3021.7, 939.0], [3021.65, 1894.0], [3021.6, 1461.0], [3021.55, 11.0], [3021.5, 3000.0], [3021.45, 1894.0], [3021.25, 2386.0], [3021.2, 4894.0], [3021.15, 2998.0], [3021.0, 1895.0]], "asks": [[3022.65, 8.0], [3023.35, 3000.0], [3023.45, 1894.0], [3023.55, 3947.0], [3023.7, 574.0], [3023.75, 4850.0], [3023.85, 13145.0], [3023.9, 1850.0], [3023.95, 3000.0], [3024.0, 450.0], [3024.15, 1851.0], [3024.2, 3001.0], [3024.25, 2000.0], [3024.3, 3020.0], [3024.4, 1850.0], [3024.5, 20012.0], [3024.55, 3000.0], [3024.6, 1851.0], [3024.7, 17786.0], [3024.75, 13.0]]}}}
{"jsonrpc": "2.0", "method": "subscription", "params": {"channel": "book.ETH-PERPETUAL.none.20.100ms", "data": {"timestamp": 1765984482485, "change_id": 101810932545, "instrument_name": "ETH-PERPETUAL", "bids": [[3022.55, 13757.0], [3022.4, 1254.0], [3022.35, 11362.0], [3022.3, 7200.0], [3022.25, 13145.0], [3022.2, 17149.0], [3022.15, 4200.0], [3022.1, 3000.0], [3022.05, 2507.0], [3022.0, 4200.0], [3021.9, 3000.0], [3021.75, 846.0], [3021.7, 939.0], [3021.65, 1894.0], [3021.55, 1472.0], [3021.5, 3000.0], [3021.45, 1894.0], [3021.35, 895.0], [3021.3, 2998.0], [3021.25, 1461.0]], "asks": [[3022.6, 2440.0], [3022.65, 8.0], [3023.4, 1895.0], [3023.5, 3947.0], [3023.7, 3574.0], [3023.75, 1850.0], [3023.9, 1850.0], [3024.0, 450.0], [3024.05, 13145.0], [3024.1, 3000.0], [3024.15, 1851.0], [3024.2, 20.0], [3024.25, 2000.0], [3024.35, 5000.0], [3024.4, 1850.0], [3024.45, 3002.0], [3024.55, 3000.0], [3024.6, 1851.0], [3024.7, 20012.0], [3024.75, 13.0]]}}}
{"jsonrpc": "2.0", "method": "subscription", "params": {"channel": "book.ETH-PERPETUAL.none.20.100ms", "data": {"timestamp": 1765984482816, "change_id": 101810933182, "instrument_name": "ETH-PERPETUAL", "bids": [[3022.55, 9357.0], [3022.4, 1254.0], [3022.35, 11283.0], [3022.3, 12000.0], [3022.2, 19497.0], [3022.15, 19200.0], [3022.1, 3000.0], [3022.05, 2507.0], [3022.0, 4200.0], [3021.9, 3011.0], [3021.75, 846.0], [3021.7, 939.0], [3021.65, 1894.0], [3021.55, 1461.0], [3021.5, 3000.0], [3021.45, 2789.0], [3021.3, 2998.0], [3021.25, 1461.0], [3021.2, 4894.0], [3021.15, 5869.0]], "asks": [[3022.6, 2840.0], [3022.7, 10.0], [3022.85, 2.0], [3023.0, 2.0], [3023.4, 1895.0], [3023.5, 3947.0], [3023.7, 3561.0], [3023.75, 1850.0], [3023.9, 1850.0], [3024.0, 450.0], [3024.05, 13145.0], [3024.1, 3000.0], [3024.15, 1851.0], [3024.2, 20.0], [3024.3, 3001.0], [3024.35, 5000.0], [3024.4, 1850.0], [3024.55, 3000.0], [3024.6, 1851.0], [3024.8, 21863.0]]}}}
{"jsonrpc": "2.0", "method": "subscription", "params": {"channel": "book.ETH-PERPETUAL.none.20.100ms", "data": {"timestamp": 1765984483145, "change_id": 101810933808, "instrument_name": "ETH-PERPETUAL", "bids": [[3022.55, 1794.0], [3022.45, 1254.0], [3022.35, 7782.0], [3022.3, 9000.0], [3022.25, 3000.0], [3022.2, 6627.0], [3022.15, 19200.0], [3022.05, 5017.0], [3022.0, 4200.0], [3021.9, 14041.0], [3021.85, 3000.0], [3021.75, 846.0], [3021.7, 939.0], [3021.65, 1894.0], [3021.55, 1461.0], [3021.5, 3000.0], [3021.45, 1905.0], [3021.3, 1461.0], [3021.2, 7892.0], [3021.15, 5869.0]], "asks": [[3022.6, 2840.0], [3022.7, 10.0], [3022.85, 2.0], [3023.0, 2.0], [3023.25, 3.0], [3023.4, 1895.0], [3023.5, 3950.0], [3023.7, 3561.0], [3023.75, 1850.0], [3023.9, 1855.0], [3024.0, 450.0], [3024.05, 13145.0], [3024.1, 3000.0], [3024.15, 1851.0], [3024.2, 20.0], [3024.3, 3001.0], [3024.35, 5005.0], [3024.4, 1850.0], [3024.5, 20012.0], [3024.55, 3000.0]]}}}
{"jsonrpc": "2.0", "method": "subscription", "params": {"channel": "book.ETH-PERPETUAL.none.20.100ms", "data": {"timestamp": 1765984483466, "change_id": 101810934407, "instrument_name": "ETH-PERPETUAL", "bids": [[3022.55, 24094.0], [3022.45, 1254.0], [3022.35, 6349.0], [3022.3, 4200.0], [3022.25, 3000.0], [3022.05, 5017.0], [3021.9, 14041.0], [3021.85, 3000.0], [3021.8, 11.0], [3021.75, 846.0], [3021.7, 939.0], [3021.65, 1894.0], [3021.6, 2356.0], [3021.55, 2999.0], [3021.5, 3000.0], [3021.45, 1894.0], [3021.3, 6764.0], [3021.25, 17766.0], [3021.2, 4894.0], [3021.15, 6532.0]], "asks": [[3022.6, 2840.0], [3022.7, 10.0], [3022.85, 2.0], [3023.0, 2.0], [3023.25, 3.0], [3023.4, 1894.0], [3023.5, 3950.0], [3023.7, 3561.0], [3023.75, 1850.0], [3023.9, 1855.0], [3024.0, 450.0], [3024.05, 13145.0], [3024.1, 3000.0], [3024.15, 1851.0], [3024.2, 20.0], [3024.35, 5005.0], [3024.4, 1850.0], [3024.5, 3001.0], [3024.55, 3000.0], [3024.6, 1851.0]]}}}
{"jsonrpc": "2.0", "method": "subscription", "params": {"channel": "book.ETH-PERPETUAL.none.20.100ms", "data": {"timestamp": 1765984483805, "change_id": 101810934687, "instrument_name": "ETH-PERPETUAL", "bids": [[3022.55, 24094.0], [3022.45, 1254.0], [3022.35, 6349.0], [3022.3, 4200.0], [3022.25, 3000.0], [3022.05, 5017.0], [3021.9, 14041.0], [3021.85, 3000.0], [3021.8, 11.0], [3021.75, 846.0], [3021.7, 939.0], [3021.65, 1894.0], [3021.55, 1461.0], [3021.5, 5998.0], [3021.45, 1894.0], [3021.25, 1461.0], [3021.2, 4894.0], [3021.15, 30989.0], [3021.1, 17766.0], [3021.0, 1895.0]], "asks": [[3022.6, 2840.0], [3022.7, 10.0], [3022.85, 2.0], [3023.0, 2.0], [3023.25, 3.0], [3023.3, 3000.0], [3023.4, 1894.0], [3023.5, 3950.0], [3023.7, 3561.0], [3023.75, 1850.0], [3023.9, 1855.0], [3024.0, 450.0], [3024.05, 13145.0], [3024.1, 3000.0], [3024.15, 1851.0], [3024.2, 20.0], [3024.35, 5005.0], [3024.4, 1850.0], [3024.5, 3001.0], [3024.55, 3000.0]]}}}
{"jsonrpc": "2.0", "method": "subscription", "params": {"channel": "book.ETH-PERPETUAL.none.20.100ms", "data": {"timestamp": 1765984484120, "change_id": 101810935235, "instrument_name": "ETH-PERPETUAL", "bids": [[3022.55, 400.0], [3022.35, 4200.0], [3022.15, 896.0], [3022.1, 3000.0], [3022.05, 8506.0], [3022.0, 4800.0], [3021.95, 17500.0], [3021.9, 14041.0], [3021.85, 3000.0], [3021.75, 846.0], [3021.7, 939.0], [3021.65, 1894.0], [3021.55, 1461.0], [3021.5, 3000.0], [3021.45, 1894.0], [3021.4, 11.0], [3021.25, 4459.0], [3021.2, 4894.0], [3021.0, 1895.0], [3020.95, 17766.0]], "asks": [[3022.6, 2860.0], [3022.7, 10.0], [3022.85, 2.0], [3023.0, 2.0], [3023.1, 3000.0], [3023.25, 3.0], [3023.3, 3000.0], [3023.4, 1894.0], [3023.5, 3950.0], [3023.65, 13145.0], [3023.7, 3561.0], [3023.75, 1850.0], [3023.9, 1855.0], [3024.0, 450.0], [3024.1, 3000.0], [3024.15, 1851.0], [3024.25, 3001.0], [3024.35, 5005.0], [3024.4, 1850.0], [3024.45, 37798.0]]}}}
{"jsonrpc": "2.0", "method": "subscription", "params": {"channel": "book.ETH-PERPETUAL.none.20.100ms", "data": {"timestamp": 1765984484464, "change_id": 101810936455, "instrument_name": "ETH-PERPETUAL", "bids": [[3022.55, 1794.0], [3022.25, 1433.0], [3022.2, 4800.0], [3022.1, 896.0], [3022.05, 11506.0], [3021.95, 17500.0], [3021.9, 14041.0], [3021.85, 3000.0], [3021.75, 857.0], [3021.7, 939.0], [3021.65, 1894.0], [3021.6, 5498.0], [3021.55, 1461.0], [3021.5, 3000.0], [3021.45, 1894.0], [3021.4, 2500.0], [3021.3, 17766.0], [3021.25, 21451.0], [3021.2, 4894.0], [3021.0, 1895.0]], "asks": [[3022.6, 2840.0], [3022.7, 10.0], [3022.85, 2.0], [3023.0, 2.0], [3023.1, 3000.0], [3023.25, 3.0], [3023.3, 3000.0], [3023.4, 1894.0], [3023.5, 3950.0], [3023.7, 3561.0], [3023.75, 1850.0], [3023.9, 1855.0], [3024.0, 450.0], [3024.05, 13145.0], [3024.1, 3000.0], [3024.15, 1851.0], [3024.25, 20.0], [3024.35, 5005.0], [3024.4, 1850.0], [3024.55, 6001.0]]}}}
{"jsonrpc": "2.0", "method": "subscription", "params": {"channel": "book.ETH-PERPETUAL.none.20.100ms", "data": {"timestamp": 1765984484784, "change_id": 101810936819, "instrument_name": "ETH-PERPETUAL", "bids": [[3022.55, 1794.0], [3022.35, 9148.0], [3022.3, 13145.0], [3022.2, 17500.0], [3022.1, 896.0], [3022.05, 3000.0], [3021.9, 896.0], [3021.85, 3000.0], [3021.75, 857.0], [3021.7, 939.0], [3021.65, 1894.0], [3021.6, 2500.0], [3021.55, 1461.0], [3021.5, 3000.0], [3021.45, 4893.0], [3021.4, 2500.0], [3021.25, 1461.0], [3021.2, 4894.0], [3021.0, 1895.0], [3020.95, 37756.0]], "asks": [[3022.6, 640.0], [3022.7, 10.0], [3022.85, 2.0], [3023.0, 2.0], [3023.1, 3000.0], [3023.25, 3.0], [3023.3, 3000.0], [3023.4, 1894.0], [3023.5, 3950.0], [3023.55, 1894.0], [3023.7, 3561.0], [3023.75, 1850.0], [3023.9, 1855.0], [3024.0, 450.0], [3024.05, 13145.0], [3024.1, 3000.0], [3024.15, 1851.0], [3024.25, 20.0], [3024.35, 5005.0], [3024.4, 1850.0]]}}}
{"jsonrpc": "2.0", "method": "subscription", "params": {"channel": "book.ETH-PERPETUAL.none.20.100ms", "data": {"timestamp": 1765984485127, "change_id": 101810937266, "instrument_name": "ETH-PERPETUAL", "bids": [[3022.55, 6594.0], [3022.25, 8224.0], [3022.2, 17500.0], [3022.15, 4819.0], [3022.1, 13145.0], [3022.05, 3000.0], [3021.9, 896.0], [3021.85, 3000.0], [3021.75, 857.0], [3021.7, 939.0], [3021.65, 1894.0], [3021.6, 5499.0], [3021.55, 1461.0], [3021.5, 3000.0], [3021.45, 1894.0], [3021.4, 2500.0], [3021.25, 39217.0], [3021.2, 4894.0], [3021.0, 1895.0], [3020.85, 3000.0]], "asks": [[3022.6, 640.0], [3022.7, 10.0], [3022.85, 2.0], [3023.0, 2.0], [3023.25, 3.0], [3023.3, 3000.0], [3023.4, 1894.0], [3023.5, 3950.0], [3023.55, 1894.0], [3023.7, 3561.0], [3023.75, 1850.0], [3023.9, 1855.0], [3024.0, 450.0], [3024.05, 13145.0], [3024.1, 3000.0], [3024.15, 1851.0], [3024.25, 20.0], [3024.35, 5005.0], [3024.4, 1850.0], [3024.55, 6001.0]]}}}
{"jsonrpc": "2.0", "method": "subscription", "params": {"channel": "book.ETH-PERPETUAL.none.20.100ms", "data": {"timestamp": 1765984485420, "change_id": 101810938541, "instrument_name": "ETH-PERPETUAL", "bids": [[3023.2, 1394.0], [3022.75, 7800.0], [3022.7, 4200.0], [3022.65, 13145.0], [3022.55, 7800.0], [3022.5, 17500.0], [3022.4, 1892.0], [3022.35, 2149.0], [3022.3, 5138.0], [3022.25, 3000.0], [3022.2, 899.0], [3022.1, 11.0], [3022.05, 4460.0], [3022.0, 1892.0], [3021.95, 2998.0], [3021.9, 896.0], [3021.85, 3000.0], [3021.65, 1894.0], [3021.55, 39217.0], [3021.5, 3000.0]], "asks": [[3023.25, 3.0], [3023.5, 3.0], [3023.7, 561.0], [3023.85, 3000.0], [3023.9, 1855.0], [3024.0, 450.0], [3024.1, 3000.0], [3024.15, 1851.0], [3024.25, 966.0], [3024.3, 3000.0], [3024.35, 5.0], [3024.4, 1850.0], [3024.55, 16145.0], [3024.6, 1851.0], [3024.75, 3000.0], [3024.8, 1851.0], [3025.0, 1939.0], [3025.15, 23013.0], [3025.2, 14528.0], [3025.35, 17786.0]]}}}
{"jsonrpc": "2.0", "method": "subscription", "params": {"channel": "book.ETH-PERPETUAL.none.20.100ms", "data": {"timestamp": 1765984485783, "change_id": 101810939408, "instrument_name": "ETH-PERPETUAL", "bids": [[3022.6, 1394.0], [3022.55, 400.0], [3022.35, 6363.0], [3022.3, 1.0], [3022.25, 16145.0], [3022.2, 6866.0], [3022.15, 17500.0], [3022.05, 5500.0], [3022.0, 1892.0], [3021.9, 896.0], [3021.85, 4892.0], [3021.7, 11.0], [3021.65, 1894.0], [3021.55, 1461.0], [3021.5, 3000.0], [3021.45, 1894.0], [3021.3, 2998.0], [3021.25, 1461.0], [3021.2, 4894.0], [3021.15, 140.0]], "asks": [[3022.65, 5507.0], [3023.25, 3.0], [3023.45, 3000.0], [3023.5, 1895.0], [3023.6, 946.0], [3023.65, 3000.0], [3023.7, 561.0], [3023.85, 3000.0], [3023.9, 1855.0], [3024.0, 450.0], [3024.1, 18146.0], [3024.15, 1851.0], [3024.25, 20.0], [3024.3, 3000.0], [3024.35, 3006.0], [3024.4, 1850.0], [3024.55, 3000.0], [3024.6, 1851.0], [3024.7, 37798.0], [3024.75, 3000.0]]}}}
{"jsonrpc": "2.0", "method": "subscription", "params": {"channel": "book.ETH-PERPETUAL.none.20.100ms", "data": {"timestamp": 1765984486119, "change_id": 101810940535, "instrument_name": "ETH-PERPETUAL", "bids": [[3023.1, 1394.0], [3022.7, 1433.0], [3022.65, 4800.0], [3022.55, 400.0], [3022.35, 896.0], [3022.3, 1893.0], [3022.25, 3000.0], [3022.2, 7804.0], [3022.15, 17500.0], [3022.05, 3000.0], [3022.0, 1892.0], [3021.9, 5269.0], [3021.85, 18037.0], [3021.8, 2500.0], [3021.75, 849.0], [3021.7, 11.0], [3021.65, 1894.0], [3021.6, 2500.0], [3021.55, 1461.0], [3021.5, 5999.0]], "asks": [[3023.15, 1307.0], [3023.2, 20.0], [3023.25, 3.0], [3023.45, 3000.0], [3023.5, 3.0], [3023.65, 3000.0], [3023.7, 15598.0], [3023.85, 3000.0], [3023.9, 1855.0], [3024.0, 450.0], [3024.1, 5947.0], [3024.15, 1851.0], [3024.3, 3000.0], [3024.35, 5.0], [3024.4, 1850.0], [3024.55, 3000.0], [3024.6, 4852.0], [3024.75, 3000.0], [3024.8, 1851.0], [3024.9, 20012.0]]}}}
{"jsonrpc": "2.0", "method": "subscription", "params": {"channel": "book.ETH-PERPETUAL.none.20.100ms", "data": {"timestamp": 1765984486449, "change_id": 101810941523, "instrument_name": "ETH-PERPETUAL", "bids": [[3022.75, 319.0], [3022.6, 407.0], [3022.55, 400.0], [3022.45, 3000.0], [3022.4, 3924.0], [3022.35, 19150.0], [3022.3, 17501.0], [3022.25, 3000.0], [3022.1, 899.0], [3022.05, 3011.0], [3022.0, 1892.0], [3021.9, 2092.0], [3021.85, 4892.0], [3021.8, 2500.0], [3021.75, 849.0], [3021.7, 938.0], [3021.65, 1894.0], [3021.6, 2500.0], [3021.55, 1461.0], [3021.5, 3000.0]], "asks": [[3022.85, 7244.0], [3023.1, 20.0], [3023.25, 3.0], [3023.45, 3000.0], [3023.5, 3.0], [3023.65, 3000.0], [3023.7, 561.0], [3023.85, 3000.0], [3023.9, 2801.0], [3024.0, 450.0], [3024.05, 13145.0], [3024.1, 3946.0], [3024.15, 1851.0], [3024.2, 2001.0], [3024.3, 3000.0], [3024.35, 5.0], [3024.4, 1850.0], [3024.55, 6001.0], [3024.6, 1851.0], [3024.7, 20012.0]]}}}
{"jsonrpc": "2.0", "method": "subscription", "params": {"channel": "book.ETH-PERPETUAL.none.20.100ms", "data": {"timestamp": 1765984486765, "change_id": 101810942001, "instrument_name": "ETH-PERPETUAL", "bids": [[3022.75, 1394.0], [3022.55, 400.0], [3022.5, 896.0], [3022.45, 3000.0], [3022.35, 7552.0], [3022.3, 22301.0], [3022.25, 3000.0], [3022.2, 4704.0], [3022.05, 16990.0], [3022.0, 1892.0], [3021.9, 3030.0], [3021.85, 4892.0], [3021.8, 2500.0], [3021.7, 1312.0], [3021.65, 1905.0], [3021.6, 2500.0], [3021.55, 1461.0], [3021.5, 3000.0], [3021.45, 1894.0], [3021.3, 2998.0]], "asks": [[3022.8, 12351.0], [3023.25, 206.0], [3023.45, 3000.0], [3023.5, 3.0], [3023.65, 3000.0], [3023.7, 3399.0], [3023.85, 3000.0], [3023.9, 1855.0], [3024.0, 5450.0], [3024.05, 13145.0], [3024.1, 3000.0], [3024.15, 1851.0], [3024.2, 2001.0], [3024.3, 3000.0], [3024.35, 3006.0], [3024.4, 1870.0], [3024.55, 3000.0], [3024.6, 1851.0], [3024.7, 20012.0], [3024.75, 20786.0]]}}}
{"jsonrpc": "2.0", "method": "subscription", "params": {"channel": "book.ETH-PERPETUAL.none.20.100ms", "data": {"timestamp": 1765984487109, "change_id": 101810942518, "instrument_name": "ETH-PERPETUAL", "bids": [[3023.15, 1394.0], [3022.7, 896.0], [3022.65, 3000.0], [3022.6, 6578.0], [3022.55, 22700.0], [3022.5, 5269.0], [3022.45, 16145.0], [3022.35, 1892.0], [3022.3, 1176.0], [3022.25, 3938.0], [3022.2, 899.0], [3022.05, 3000.0], [3022.0, 1903.0], [3021.9, 2092.0], [3021.85, 4892.0], [3021.8, 2500.0], [3021.75, 2998.0], [3021.7, 1312.0], [3021.65, 1894.0], [3021.6, 2500.0]], "asks": [[3023.2, 4200.0], [3023.25, 103.0], [3023.5, 3.0], [3023.7, 3399.0], [3023.85, 3000.0], [3023.9, 1860.0], [3024.0, 450.0], [3024.15, 1851.0], [3024.3, 3000.0], [3024.35, 5.0], [3024.4, 1850.0], [3024.55, 3000.0], [3024.6, 1851.0], [3024.75, 6001.0], [3024.8, 1871.0], [3025.0, 1939.0], [3025.1, 3000.0], [3025.15, 20012.0], [3025.2, 14528.0], [3025.35, 17786.0]]}}}
{"jsonrpc": "2.0", "method": "subscription", "params": {"channel": "book.ETH-PERPETUAL.none.20.100ms", "data": {"timestamp": 1765984487441, "change_id": 101810943367, "instrument_name": "ETH-PERPETUAL", "bids": [[3023.2, 8957.0], [3023.15, 4800.0], [3022.85, 8224.0], [3022.8, 17500.0], [3022.75, 100.0], [3022.7, 896.0], [3022.65, 3000.0], [3022.55, 400.0], [3022.5, 5269.0], [3022.45, 16145.0], [3022.35, 1903.0], [3022.3, 1176.0], [3022.25, 3938.0], [3022.2, 899.0], [3022.05, 3000.0], [3022.0, 1892.0], [3021.9, 2092.0], [3021.85, 4892.0], [3021.8, 2500.0], [3021.75, 2998.0]], "asks": [[3023.25, 3.0], [3023.5, 3.0], [3023.65, 3000.0], [3023.7, 561.0], [3023.85, 3000.0], [3023.9, 1860.0], [3024.0, 450.0], [3024.15, 1851.0], [3024.3, 3000.0], [3024.35, 951.0], [3024.4, 1850.0], [3024.45, 13145.0], [3024.55, 3000.0], [3024.6, 1851.0], [3024.75, 6001.0], [3024.8, 1871.0], [3025.0, 1939.0], [3025.05, 20012.0], [3025.1, 3000.0], [3025.15, 17786.0]]}}}
{"jsonrpc": "2.0", "method": "subscription", "params": {"channel": "book.ETH-PERPETUAL.none.20.100ms", "data": {"timestamp": 1765984487768, "change_id": 101810944189, "instrument_name": "ETH-PERPETUAL", "bids": [[3023.2, 19213.0], [3023.15, 4800.0], [3022.9, 4819.0], [3022.85, 16145.0], [3022.7, 907.0], [3022.65, 3000.0], [3022.55, 400.0], [3022.5, 896.0], [3022.45, 3000.0], [3022.35, 1892.0], [3022.3, 1.0], [3022.25, 3938.0], [3022.2, 899.0], [3022.1, 2998.0], [3022.05, 3000.0], [3022.0, 1892.0], [3021.85, 22658.0], [3021.7, 1312.0], [3021.65, 21884.0], [3021.6, 2500.0]], "asks": [[3023.25, 3.0], [3023.5, 3.0], [3023.7, 561.0], [3023.9, 10.0], [3024.0, 450.0], [3024.1, 3000.0], [3024.15, 1851.0], [3024.3, 3000.0], [3024.35, 951.0], [3024.4, 1850.0], [3024.55, 3000.0], [3024.6, 1851.0], [3024.75, 3000.0], [3024.8, 15016.0], [3025.0, 1939.0], [3025.1, 3000.0], [3025.2, 14528.0], [3025.3, 26013.0], [3025.4, 1851.0], [3025.45, 17786.0]]}}}
{"jsonrpc": "2.0", "method": "subscription", "params": {"channel": "book.ETH-PERPETUAL.none.20.100ms", "data": {"timestamp": 1765984488099, "change_id": 101810944986, "instrument_name": "ETH-PERPETUAL", "bids": [[3023.05, 4200.0], [3023.0, 5100.0], [3022.9, 5096.0], [3022.85, 3000.0], [3022.8, 2565.0], [3022.75, 4200.0], [3022.65, 3000.0], [3022.55, 400.0], [3022.5, 4705.0], [3022.45, 16145.0], [3022.3, 1187.0], [3022.25, 3938.0], [3022.2, 2791.0], [3022.05, 3000.0], [3022.0, 1892.0], [3021.9, 1460.0], [3021.85, 4892.0], [3021.7, 1312.0], [3021.65, 1894.0], [3021.6, 5498.0]], "asks": [[3023.35, 1307.0], [3023.4, 5507.0], [3023.5, 4203.0], [3023.7, 561.0], [3023.9, 3010.0], [3024.0, 450.0], [3024.1, 3000.0], [3024.15, 1851.0], [3024.3, 3000.0], [3024.35, 16097.0], [3024.4, 6850.0], [3024.55, 3000.0], [3024.6, 1851.0], [3024.7, 3001.0], [3024.75, 3000.0], [3024.8, 1871.0], [3024.9, 20012.0], [3025.0, 1939.0], [3025.05, 17786.0], [3025.1, 3000.0]]}}}
{"jsonrpc": "2.0", "method": "subscription", "params": {"channel": "book.ETH-PERPETUAL.none.20.100ms", "data": {"timestamp": 1765984488433, "change_id": 101810946420, "instrument_name": "ETH-PERPETUAL", "bids": [[3023.45, 24013.0], [3023.4, 3000.0], [3023.35, 13145.0], [3023.3, 4200.0], [3023.25, 4200.0], [3023.1, 3000.0], [3023.05, 4486.0], [3023.0, 384.0], [3022.95, 2179.0], [3022.9, 4200.0], [3022.85, 3100.0], [3022.7, 1464.0], [3022.65, 4903.0], [3022.55, 1339.0], [3022.5, 2422.0], [3022.45, 3000.0], [3022.4, 2998.0], [3022.35, 2500.0], [3022.3, 1461.0], [3022.25, 3000.0]], "asks": [[3023.5, 3.0], [3023.7, 561.0], [3023.9, 10.0], [3024.0, 450.0], [3024.35, 3951.0], [3024.4, 1850.0], [3024.55, 3000.0], [3024.6, 1851.0], [3024.75, 2000.0], [3024.8, 1871.0], [3025.0, 1939.0], [3025.1, 3000.0], [3025.15, 2000.0], [3025.2, 14996.0], [3025.3, 3000.0], [3025.4, 1851.0], [3025.5, 3000.0], [3025.55, 3001.0], [3025.6, 1858.0], [3025.65, 20020.0]]}}}
{"jsonrpc": "2.0", "method": "subscription", "params": {"channel": "book.ETH-PERPETUAL.none.20.100ms", "data": {"timestamp": 1765984488759, "change_id": 101810947308, "instrument_name": "ETH-PERPETUAL", "bids": [[3023.45, 10058.0], [3023.4, 3000.0], [3023.35, 13145.0], [3023.3, 4200.0], [3023.25, 4200.0], [3023.1, 3000.0], [3023.05, 4200.0], [3023.0, 2999.0], [3022.95, 2179.0], [3022.9, 21700.0], [3022.85, 3100.0], [3022.8, 1460.0], [3022.65, 4892.0], [3022.6, 1146.0], [3022.55, 3839.0], [3022.5, 12039.0], [3022.45, 3000.0], [3022.4, 37756.0], [3022.35, 2500.0], [3022.3, 1461.0]], "asks": [[3023.5, 3.0], [3023.7, 561.0], [3023.9, 10.0], [3024.0, 450.0], [3024.35, 5.0], [3024.75, 3000.0], [3024.8, 2817.0], [3025.0, 1939.0], [3025.1, 3000.0], [3025.2, 1851.0], [3025.25, 2001.0], [3025.3, 3000.0], [3025.4, 1851.0], [3025.45, 13145.0], [3025.5, 3000.0], [3025.6, 1858.0], [3025.65, 8.0], [3025.7, 3000.0], [3025.9, 1858.0], [3026.0, 90.0]]}}}
{"jsonrpc": "2.0", "method": "subscription", "params": {"channel": "book.ETH-PERPETUAL.none.20.100ms", "data": {"timestamp": 1765984489088, "change_id": 101810947868, "instrument_name": "ETH-PERPETUAL", "bids": [[3023.45, 9600.0], [3023.4, 3000.0], [3023.35, 13145.0], [3023.3, 4200.0], [3023.1, 3000.0], [3023.05, 4200.0], [3023.0, 11.0], [3022.9, 10349.0], [3022.85, 20600.0], [3022.75, 1460.0], [3022.65, 6038.0], [3022.6, 2998.0], [3022.55, 3839.0], [3022.5, 1642.0], [3022.45, 3000.0], [3022.35, 2500.0], [3022.3, 1461.0], [3022.25, 3000.0], [3022.2, 1892.0], [3022.15, 11288.0]], "asks": [[3023.5, 3.0], [3023.7, 561.0], [3023.9, 10.0], [3023.95, 4200.0], [3024.0, 450.0], [3024.35, 5.0], [3024.75, 3000.0], [3024.8, 2817.0], [3025.0, 1939.0], [3025.1, 3000.0], [3025.2, 1851.0], [3025.25, 2001.0], [3025.3, 3000.0], [3025.4, 1851.0], [3025.45, 13145.0], [3025.5, 3000.0], [3025.55, 3001.0], [3025.6, 1858.0], [3025.65, 20020.0], [3025.7, 3000.0]]}}}
{"jsonrpc": "2.0", "method": "subscription", "params": {"channel": "book.ETH-PERPETUAL.none.20.100ms", "data": {"timestamp": 1765984489415, "change_id": 101810948636, "instrument_name": "ETH-PERPETUAL", "bids": [[3023.45, 14329.0], [3023.4, 8177.0], [3023.35, 13145.0], [3023.3, 4200.0], [3023.2, 6119.0], [3023.15, 17500.0], [3023.1, 4254.0], [3023.05, 4211.0], [3022.95, 2179.0], [3022.9, 4200.0], [3022.85, 3100.0], [3022.75, 1460.0], [3022.65, 6038.0], [3022.6, 2998.0], [3022.55, 3839.0], [3022.5, 11966.0], [3022.45, 3000.0], [3022.4, 37756.0], [3022.35, 2500.0], [3022.3, 1461.0]], "asks": [[3023.5, 3.0], [3023.7, 561.0], [3023.9, 10.0], [3024.0, 450.0], [3024.35, 5.0], [3024.75, 3000.0], [3024.8, 2817.0], [3025.0, 1939.0], [3025.1, 3000.0], [3025.2, 1851.0], [3025.25, 2001.0], [3025.3, 3000.0], [3025.4, 1851.0], [3025.45, 13145.0], [3025.5, 3000.0], [3025.6, 1858.0], [3025.65, 3009.0], [3025.7, 3000.0], [3025.9, 1858.0], [3025.95, 20012.0]]}}}
{"jsonrpc": "2.0", "method": "subscription", "params": {"channel": "book.ETH-PERPETUAL.none.20.100ms", "data": {"timestamp": 1765984489752, "change_id": 101810949201, "instrument_name": "ETH-PERPETUAL", "bids": [[3023.45, 1487.0], [3023.3, 3000.0], [3023.25, 10043.0], [3023.2, 13145.0], [3023.15, 17500.0], [3023.1, 3000.0], [3023.05, 11.0], [3022.95, 2179.0], [3022.85, 3100.0], [3022.75, 1460.0], [3022.65, 4892.0], [3022.6, 1146.0], [3022.55, 3839.0], [3022.5, 1642.0], [3022.45, 3000.0], [3022.35, 4855.0], [3022.3, 2999.0], [3022.25, 3000.0], [3022.2, 1892.0], [3022.15, 11288.0]], "asks": [[3023.5, 3.0], [3023.7, 561.0], [3023.9, 10.0], [3024.0, 450.0], [3024.35, 3005.0], [3024.55, 3000.0], [3024.75, 3000.0], [3024.8, 2817.0], [3025.0, 1939.0], [3025.05, 13145.0], [3025.1, 3000.0], [3025.2, 1851.0], [3025.25, 5002.0], [3025.3, 3000.0], [3025.4, 1851.0], [3025.5, 3000.0], [3025.6, 1858.0], [3025.65, 20020.0], [3025.7, 3000.0], [3025.85, 17786.0]]}}}
{"jsonrpc": "2.0", "method": "subscription", "params": {"channel": "book.ETH-PERPETUAL.none.20.100ms", "data": {"timestamp": 1765984490079, "change_id": 101810950252, "instrument_name": "ETH-PERPETUAL", "bids": [[3022.85, 100.0], [3022.55, 400.0], [3022.5, 896.0], [3022.45, 3000.0], [3022.4, 4200.0], [3022.35, 4705.0], [3022.3, 4801.0], [3022.25, 16145.0], [3022.1, 896.0], [3022.05, 3845.0], [3022.0, 20330.0], [3021.9, 1460.0], [3021.85, 5032.0], [3021.8, 11.0], [3021.65, 1894.0], [3021.55, 1460.0], [3021.45, 4894.0], [3021.3, 6577.0], [3021.25, 20766.0], [3021.2, 1894.0]], "asks": [[3022.9, 6846.0], [3023.45, 1307.0], [3023.5, 3.0], [3023.7, 561.0], [3023.75, 4891.0], [3023.9, 10.0], [3023.95, 3000.0], [3024.0, 450.0], [3024.05, 1891.0], [3024.15, 3000.0], [3024.25, 13145.0], [3024.3, 1891.0], [3024.35, 3005.0], [3024.5, 3002.0], [3024.55, 3000.0], [3024.6, 1891.0], [3024.75, 3000.0], [3024.8, 1851.0], [3025.0, 21951.0], [3025.05, 17786.0]]}}}
{"jsonrpc": "2.0", "method": "subscription", "params": {"channel": "book.ETH-PERPETUAL.none.20.100ms", "data": {"timestamp": 1765984490412, "change_id": 101810951435, "instrument_name": "ETH-PERPETUAL", "bids": [[3022.85, 302.0], [3022.75, 6924.0], [3022.7, 13145.0], [3022.55, 1833.0], [3022.5, 6835.0], [3022.45, 3000.0], [3022.4, 4200.0], [3022.3, 6120.0], [3022.25, 20500.0], [3022.15, 11.0], [3022.1, 896.0], [3022.05, 3845.0], [3022.0, 2830.0], [3021.9, 3960.0], [3021.85, 5032.0], [3021.75, 2207.0], [3021.7, 5498.0], [3021.65, 1894.0], [3021.6, 11781.0], [3021.55, 19990.0]], "asks": [[3022.9, 1000.0], [3023.5, 3.0], [3023.65, 3000.0], [3023.7, 561.0], [3023.75, 1891.0], [3023.8, 945.0], [3023.9, 10.0], [3024.0, 450.0], [3024.05, 4891.0], [3024.25, 3000.0], [3024.3, 1891.0], [3024.35, 5.0], [3024.45, 3000.0], [3024.55, 13145.0], [3024.6, 1891.0], [3024.65, 3000.0], [3024.7, 3001.0], [3024.8, 1851.0], [3024.9, 20.0], [3025.0, 21951.0]]}}}
{"jsonrpc": "2.0", "method": "subscription", "params": {"channel": "book.ETH-PERPETUAL.none.20.100ms", "data": {"timestamp": 1765984490737, "change_id": 101810951939, "instrument_name": "ETH-PERPETUAL", "bids": [[3022.85, 7571.0], [3022.75, 6924.0], [3022.7, 13145.0], [3022.55, 400.0], [3022.5, 2035.0], [3022.45, 3000.0], [3022.4, 4200.0], [3022.3, 6120.0], [3022.25, 20500.0], [3022.15, 11.0], [3022.1, 896.0], [3022.05, 3845.0], [3022.0, 2830.0], [3021.9, 3960.0], [3021.85, 5032.0], [3021.75, 1312.0], [3021.7, 5498.0], [3021.65, 1894.0], [3021.6, 12731.0], [3021.5, 37756.0]], "asks": [[3022.9, 1000.0], [3023.5, 3.0], [3023.65, 3000.0], [3023.7, 561.0], [3023.75, 1891.0], [3023.8, 945.0], [3023.9, 10.0], [3024.0, 450.0], [3024.05, 4891.0], [3024.25, 3000.0], [3024.3, 1891.0], [3024.35, 5.0], [3024.45, 3000.0], [3024.55, 13145.0], [3024.6, 1891.0], [3024.65, 3000.0], [3024.75, 3001.0], [3024.8, 1851.0], [3025.0, 1939.0], [3025.1, 20012.0]]}}}
{"jsonrpc": "2.0", "method": "subscription", "params": {"channel": "book.ETH-PERPETUAL.none.20.100ms", "data": {"timestamp": 1765984491073, "change_id": 101810952744, "instrument_name": "ETH-PERPETUAL", "bids": [[3023.0, 10394.0], [3022.9, 4200.0], [3022.85, 1922.0], [3022.8, 6252.0], [3022.75, 3000.0], [3022.7, 13145.0], [3022.55, 5624.0], [3022.5, 19546.0], [3022.45, 3000.0], [3022.3, 897.0], [3022.25, 3000.0], [3022.2, 1891.0], [3022.15, 938.0], [3022.1, 896.0], [3022.05, 3000.0], [3022.0, 1892.0], [3021.9, 1460.0], [3021.85, 5032.0], [3021.75, 22988.0], [3021.7, 20266.0]], "asks": [[3023.05, 1000.0], [3023.5, 3.0], [3023.7, 561.0], [3023.9, 10.0], [3024.0, 450.0], [3024.05, 4891.0], [3024.25, 3000.0], [3024.3, 1891.0], [3024.35, 5.0], [3024.45, 3000.0], [3024.6, 1891.0], [3024.65, 3000.0], [3024.8, 14996.0], [3025.0, 1939.0], [3025.15, 3001.0], [3025.2, 21863.0], [3025.25, 2001.0], [3025.3, 12658.0], [3025.35, 17786.0], [3025.4, 1851.0]]}}}
{"jsonrpc": "2.0", "method": "subscription", "params": {"channel": "book.ETH-PERPETUAL.none.20.100ms", "data": {"timestamp": 1765984491401, "change_id": 101810954434, "instrument_name": "ETH-PERPETUAL", "bids": [[3023.3, 18145.0], [3023.25, 306.0], [3023.1, 1272.0], [3023.05, 3000.0], [3023.0, 1260.0], [3022.95, 1827.0], [3022.9, 4200.0], [3022.85, 712.0], [3022.8, 896.0], [3022.75, 3000.0], [3022.65, 1891.0], [3022.6, 1832.0], [3022.55, 6138.0], [3022.5, 2787.0], [3022.45, 3000.0], [3022.35, 2500.0], [3022.3, 1.0], [3022.25, 20378.0], [3022.2, 1891.0], [3022.1, 3905.0]], "asks": [[3023.35, 5200.0], [3023.5, 3.0], [3023.7, 561.0], [3023.9, 10.0], [3024.0, 450.0], [3024.2, 3000.0], [3024.25, 945.0], [3024.3, 1891.0], [3024.35, 5.0], [3024.4, 3000.0], [3024.45, 945.0], [3024.6, 1891.0], [3024.75, 3000.0], [3024.8, 1851.0], [3024.85, 13145.0], [3025.0, 1939.0], [3025.05, 3000.0], [3025.2, 4852.0], [3025.25, 5001.0], [3025.4, 1851.0]]}}}
{"jsonrpc": "2.0", "method": "subscription", "params": {"channel": "book.ETH-PERPETUAL.none.20.100ms", "data": {"timestamp": 1765984491713, "change_id": 101810955277, "instrument_name": "ETH-PERPETUAL", "bids": [[3023.25, 306.0], [3023.0, 300.0], [3022.85, 100.0], [3022.75, 896.0], [3022.7, 3000.0], [3022.6, 5522.0], [3022.55, 19283.0], [3022.45, 1642.0], [3022.4, 3000.0], [3022.35, 9184.0], [3022.3, 17501.0], [3022.25, 2500.0], [3022.2, 1891.0], [3022.1, 11.0], [3022.0, 1892.0], [3021.9, 1460.0], [3021.85, 4892.0], [3021.7, 2998.0], [3021.65, 1894.0], [3021.5, 39217.0]], "asks": [[3023.3, 6436.0], [3023.5, 3.0], [3023.7, 561.0], [3023.8, 3000.0], [3023.9, 10.0], [3024.0, 3450.0], [3024.1, 1891.0], [3024.2, 3000.0], [3024.25, 945.0], [3024.3, 1891.0], [3024.35, 5.0], [3024.4, 3000.0], [3024.45, 13145.0], [3024.6, 1891.0], [3024.7, 3001.0], [3024.75, 3000.0], [3024.8, 1851.0], [3025.0, 21951.0], [3025.05, 3000.0], [3025.15, 17786.0]]}}}
{"jsonrpc": "2.0", "method": "subscription", "params": {"channel": "book.ETH-PERPETUAL.none.20.100ms", "data": {"timestamp": 1765984492060, "change_id": 101810955580, "instrument_name": "ETH-PERPETUAL", "bids": [[3023.0, 1494.0], [3022.85, 1354.0], [3022.8, 4200.0], [3022.75, 896.0], [3022.7, 3000.0], [3022.6, 5522.0], [3022.55, 1338.0], [3022.5, 15473.0], [3022.45, 4800.0], [3022.4, 3000.0], [3022.35, 6684.0], [3022.3, 17501.0], [3022.25, 2500.0], [3022.2, 1891.0], [3022.1, 11.0], [3022.0, 1892.0], [3021.9, 1460.0], [3021.85, 4892.0], [3021.7, 2998.0], [3021.65, 4894.0]], "asks": [[3023.05, 2307.0], [3023.3, 4727.0], [3023.35, 100.0], [3023.5, 3.0], [3023.6, 3000.0], [3023.7, 561.0], [3023.8, 3000.0], [3023.85, 1891.0], [3023.9, 10.0], [3023.95, 945.0], [3024.0, 3450.0], [3024.1, 1891.0], [3024.2, 3000.0], [3024.3, 1891.0], [3024.35, 5.0], [3024.4, 3000.0], [3024.45, 13145.0], [3024.6, 1891.0], [3024.75, 6001.0], [3024.8, 1851.0]]}}}
{"jsonrpc": "2.0", "method": "subscription", "params": {"channel": "book.ETH-PERPETUAL.none.20.100ms", "data": {"timestamp": 1765984492390, "change_id": 101810956459, "instrument_name": "ETH-PERPETUAL", "bids": [[3023.0, 2834.0], [3022.95, 5207.0], [3022.9, 13145.0], [3022.85, 100.0], [3022.8, 6528.0], [3022.75, 4800.0], [3022.7, 3000.0], [3022.6, 5623.0], [3022.55, 18838.0], [3022.45, 907.0], [3022.4, 4892.0], [3022.3, 1312.0], [3022.25, 2500.0], [3022.2, 1891.0], [3022.0, 1892.0], [3021.95, 5498.0], [3021.9, 1460.0], [3021.85, 4892.0], [3021.75, 19990.0], [3021.7, 17766.0]], "asks": [[3023.05, 402.0], [3023.3, 527.0], [3023.5, 3.0], [3023.6, 3000.0], [3023.7, 561.0], [3023.8, 3000.0], [3023.85, 1891.0], [3023.9, 10.0], [3023.95, 945.0], [3024.0, 3450.0], [3024.1, 1891.0], [3024.2, 3000.0], [3024.3, 1891.0], [3024.35, 5.0], [3024.4, 3000.0], [3024.45, 13145.0], [3024.6, 1891.0], [3024.75, 3000.0], [3024.8, 1851.0], [3024.95, 3001.0]]}}}
{"jsonrpc": "2.0", "method": "subscription", "params": {"channel": "book.ETH-PERPETUAL.none.20.100ms", "data": {"timestamp": 1765984492722, "change_id": 101810957013, "instrument_name": "ETH-PERPETUAL", "bids": [[3023.05, 1260.0], [3023.0, 1222.0], [3022.95, 8207.0], [3022.9, 13145.0], [3022.85, 2100.0], [3022.8, 2214.0], [3022.75, 4800.0], [3022.7, 3000.0], [3022.6, 5623.0], [3022.55, 18838.0], [3022.45, 907.0], [3022.4, 4892.0], [3022.3, 1312.0], [3022.25, 2500.0], [3022.2, 1891.0], [3022.0, 1892.0], [3021.95, 5499.0], [3021.9, 1460.0], [3021.85, 4892.0], [3021.75, 37756.0]], "asks": [[3023.3, 2438.0], [3023.5, 3.0], [3023.7, 561.0], [3023.8, 3000.0], [3023.85, 1891.0], [3023.9, 10.0], [3023.95, 945.0], [3024.0, 450.0], [3024.05, 3000.0], [3024.1, 1891.0], [3024.3, 1891.0], [3024.35, 5.0], [3024.45, 3000.0], [3024.6, 1891.0], [3024.75, 3000.0], [3024.8, 1851.0], [3024.95, 3001.0], [3025.0, 1939.0], [3025.05, 3000.0], [3025.15, 20012.0]]}}}
{"jsonrpc": "2.0", "method": "subscription", "params": {"channel": "book.ETH-PERPETUAL.none.20.100ms", "data": {"timestamp": 1765984493051, "change_id": 101810958721, "instrument_name": "ETH-PERPETUAL", "bids": [[3022.55, 400.0], [3022.3, 1.0], [3021.5, 2830.0], [3021.2, 1894.0], [3021.1, 13145.0], [3021.0, 1894.0], [3020.7, 4601.0], [3020.6, 11.0], [3020.55, 6694.0], [3020.5, 15833.0], [3020.45, 38266.0], [3020.35, 1892.0], [3020.1, 1162.0], [3020.05, 4892.0], [3019.9, 1892.0], [3019.7, 1460.0], [3019.65, 4892.0], [3019.55, 2985.0], [3019.45, 1891.0], [3019.35, 11044.0]], "asks": [[3022.6, 9272.0], [3023.0, 17345.0], [3023.25, 3000.0], [3023.4, 1892.0], [3023.5, 949.0], [3023.6, 3000.0], [3023.7, 561.0], [3023.8, 3000.0], [3023.85, 1891.0], [3023.9, 10.0], [3023.95, 945.0], [3024.0, 450.0], [3024.05, 3000.0], [3024.1, 1891.0], [3024.25, 17786.0], [3024.3, 1891.0], [3024.35, 5.0], [3024.45, 3000.0], [3024.6, 1891.0], [3024.8, 1851.0]]}}}
{"jsonrpc": "2.0", "method": "subscription", "params": {"channel": "book.ETH-PERPETUAL.none.20.100ms", "data": {"timestamp": 1765984493382, "change_id": 101810959965, "instrument_name": "ETH-PERPETUAL", "bids": [[3022.55, 400.0], [3022.3, 1.0], [3021.75, 3000.0], [3021.7, 938.0], [3021.6, 4800.0], [3021.55, 3000.0], [3021.5, 15037.0], [3021.45, 17500.0], [3021.3, 2218.0], [3021.25, 3000.0], [3021.2, 1894.0], [3021.15, 2500.0], [3021.1, 1461.0], [3021.05, 3000.0], [3021.0, 3539.0], [3020.95, 2500.0], [3020.85, 3000.0], [3020.75, 1460.0], [3020.7, 4892.0], [3020.55, 13182.0]], "asks": [[3022.6, 10181.0], [3022.8, 3000.0], [3023.0, 4200.0], [3023.05, 111.0], [3023.25, 16145.0], [3023.4, 1892.0], [3023.5, 949.0], [3023.6, 3000.0], [3023.65, 3001.0], [3023.7, 561.0], [3023.8, 3000.0], [3023.85, 1891.0], [3023.9, 10.0], [3024.0, 38248.0], [3024.05, 3000.0], [3024.1, 1891.0], [3024.3, 1891.0], [3024.35, 5.0], [3024.45, 3000.0], [3024.6, 1891.0]]}}}
{"jsonrpc": "2.0", "method": "subscription", "params": {"channel": "book.ETH-PERPETUAL.none.20.100ms", "data": {"timestamp": 1765984493711, "change_id": 101810960628, "instrument_name": "ETH-PERPETUAL", "bids": [[3022.55, 400.0], [3022.3, 1.0], [3021.85, 2328.0], [3021.8, 4800.0], [3021.75, 8504.0], [3021.7, 18438.0], [3021.55, 7489.0], [3021.5, 15037.0], [3021.3, 2218.0], [3021.25, 3000.0], [3021.2, 1894.0], [3021.15, 2500.0], [3021.1, 1461.0], [3021.05, 3000.0], [3021.0, 3539.0], [3020.95, 2500.0], [3020.85, 3000.0], [3020.8, 1460.0], [3020.75, 2998.0], [3020.7, 12979.0]], "asks": [[3022.6, 10281.0], [3023.0, 4200.0], [3023.25, 16145.0], [3023.4, 1892.0], [3023.5, 949.0], [3023.6, 3000.0], [3023.7, 561.0], [3023.8, 3000.0], [3023.85, 1891.0], [3023.9, 10.0], [3023.95, 3001.0], [3024.0, 450.0], [3024.05, 3000.0], [3024.1, 1891.0], [3024.2, 20012.0], [3024.3, 1891.0], [3024.35, 5.0], [3024.4, 17786.0], [3024.45, 17339.0], [3024.6, 1891.0]]}}}
{"jsonrpc": "2.0", "method": "subscription", "params": {"channel": "book.ETH-PERPETUAL.none.20.100ms", "data": {"timestamp": 1765984494040, "change_id": 101810961293, "instrument_name": "ETH-PERPETUAL", "bids": [[3022.55, 5994.0], [3022.4, 896.0], [3022.35, 3000.0], [3022.3, 1.0], [3022.2, 896.0], [3022.15, 3000.0], [3022.05, 9919.0], [3022.0, 4800.0], [3021.95, 20500.0], [3021.9, 13145.0], [3021.8, 896.0], [3021.75, 4891.0], [3021.7, 938.0], [3021.65, 11.0], [3021.6, 1460.0], [3021.55, 3000.0], [3021.5, 1892.0], [3021.35, 895.0], [3021.3, 4460.0], [3021.25, 3000.0]], "asks": [[3022.6, 1300.0], [3023.25, 3000.0], [3023.4, 1892.0], [3023.5, 949.0], [3023.65, 3000.0], [3023.7, 561.0], [3023.85, 1891.0], [3023.9, 16155.0], [3024.0, 450.0], [3024.1, 1891.0], [3024.25, 3000.0], [3024.3, 1891.0], [3024.35, 5.0], [3024.45, 3001.0], [3024.5, 3000.0], [3024.6, 1891.0], [3024.7, 20012.0], [3024.75, 17786.0], [3024.8, 1851.0], [3024.85, 3000.0]]}}}
{"jsonrpc": "2.0", "method": "subscription", "params": {"channel": "book.ETH-PERPETUAL.none.20.100ms", "data": {"timestamp": 1765984494374, "change_id": 101810962828, "instrument_name": "ETH-PERPETUAL", "bids": [[3023.0, 1394.0], [3022.9, 2746.0], [3022.85, 5000.0], [3022.8, 6887.0], [3022.75, 4200.0], [3022.7, 4800.0], [3022.65, 7552.0], [3022.6, 3000.0], [3022.55, 18300.0], [3022.4, 896.0], [3022.35, 6924.0], [3022.3, 13146.0], [3022.2, 896.0], [3022.15, 3000.0], [3022.05, 2832.0], [3022.0, 907.0], [3021.95, 3939.0], [3021.85, 1460.0], [3021.75, 6066.0], [3021.7, 938.0]], "asks": [[3023.05, 319.0], [3023.25, 4200.0], [3023.3, 4200.0], [3023.35, 4200.0], [3023.4, 4200.0], [3023.45, 4200.0], [3023.5, 3.0], [3023.65, 3000.0], [3023.7, 561.0], [3023.9, 3010.0], [3024.0, 450.0], [3024.1, 1891.0], [3024.2, 946.0], [3024.25, 3000.0], [3024.3, 15036.0], [3024.35, 951.0], [3024.4, 5000.0], [3024.5, 3000.0], [3024.6, 1891.0], [3024.75, 3001.0]]}}}
{"jsonrpc": "2.0", "method": "subscription", "params": {"channel": "book.ETH-PERPETUAL.none.20.100ms", "data": {"timestamp": 1765984494703, "change_id": 101810963614, "instrument_name": "ETH-PERPETUAL", "bids": [[3022.7, 7105.0], [3022.65, 23637.0], [3022.6, 3000.0], [3022.55, 1478.0], [3022.45, 896.0], [3022.35, 6924.0], [3022.3, 13146.0], [3022.2, 1835.0], [3022.15, 3000.0], [3022.05, 1893.0], [3022.0, 907.0], [3021.95, 3000.0], [3021.8, 1460.0], [3021.75, 4891.0], [3021.7, 895.0], [3021.65, 2998.0], [3021.6, 2207.0], [3021.55, 5500.0], [3021.5, 1892.0], [3021.35, 5967.0]], "asks": [[3023.05, 1307.0], [3023.25, 4200.0], [3023.3, 4200.0], [3023.35, 4200.0], [3023.4, 4200.0], [3023.45, 4200.0], [3023.5, 3.0], [3023.65, 4893.0], [3023.7, 1507.0], [3023.9, 4903.0], [3024.0, 450.0], [3024.1, 1891.0], [3024.25, 3000.0], [3024.3, 15036.0], [3024.35, 5.0], [3024.4, 5000.0], [3024.5, 3000.0], [3024.6, 1891.0], [3024.7, 3001.0], [3024.75, 20012.0]]}}}
{"jsonrpc": "2.0", "method": "subscription", "params": {"channel": "book.ETH-PERPETUAL.none.20.100ms", "data": {"timestamp": 1765984495034, "change_id": 101810963990, "instrument_name": "ETH-PERPETUAL", "bids": [[3022.75, 271.0], [3022.65, 244.0], [3022.55, 600.0], [3022.45, 2214.0], [3022.35, 16726.0], [3022.3, 13146.0], [3022.25, 17500.0], [3022.2, 896.0], [3022.15, 3000.0], [3022.05, 1893.0], [3022.0, 907.0], [3021.95, 3000.0], [3021.8, 2915.0], [3021.75, 7391.0], [3021.6, 2207.0], [3021.55, 5500.0], [3021.5, 1892.0], [3021.4, 895.0], [3021.35, 2998.0], [3021.3, 11890.0]], "asks": [[3022.9, 1307.0], [3022.95, 15000.0], [3023.25, 4200.0], [3023.3, 4200.0], [3023.35, 4200.0], [3023.4, 4200.0], [3023.45, 4200.0], [3023.5, 3.0], [3023.65, 4893.0], [3023.7, 561.0], [3023.9, 23994.0], [3024.0, 450.0], [3024.1, 1891.0], [3024.25, 3000.0], [3024.3, 1891.0], [3024.35, 5.0], [3024.5, 3000.0], [3024.6, 1891.0], [3024.65, 3001.0], [3024.7, 20012.0]]}}}
{"jsonrpc": "2.0", "method": "subscription", "params": {"channel": "book.ETH-PERPETUAL.none.20.100ms", "data": {"timestamp": 1765984495365, "change_id": 101810965162, "instrument_name": "ETH-PERPETUAL", "bids": [[3022.75, 765.0], [3022.65, 244.0], [3022.55, 500.0], [3022.35, 3000.0], [3022.3, 1.0], [3022.2, 2779.0], [3022.15, 3000.0], [3022.1, 4800.0], [3022.05, 1893.0], [3022.0, 9520.0], [3021.95, 21439.0], [3021.8, 2915.0], [3021.75, 7391.0], [3021.6, 2218.0], [3021.55, 5500.0], [3021.5, 1892.0], [3021.4, 895.0], [3021.35, 2999.0], [3021.3, 1461.0], [3021.25, 3000.0]], "asks": [[3022.8, 1307.0], [3023.25, 4200.0], [3023.3, 4200.0], [3023.35, 7200.0], [3023.4, 4200.0], [3023.45, 4200.0], [3023.5, 3.0], [3023.65, 4893.0], [3023.7, 1508.0], [3023.9, 18048.0], [3024.0, 450.0], [3024.1, 1891.0], [3024.25, 3000.0], [3024.3, 1891.0], [3024.35, 5.0], [3024.5, 3000.0], [3024.6, 1891.0], [3024.75, 37798.0], [3024.8, 1851.0], [3024.85, 3000.0]]}}}
{"jsonrpc": "2.0", "method": "subscription", "params": {"channel": "book.ETH-PERPETUAL.none.20.100ms", "data": {"timestamp": 1765984495686, "change_id": 101810965988, "instrument_name": "ETH-PERPETUAL", "bids": [[3022.55, 400.0], [3022.3, 1.0], [3022.2, 2328.0], [3022.15, 3000.0], [3022.1, 4800.0], [3022.0, 6400.0], [3021.95, 21439.0], [3021.85, 2206.0], [3021.75, 7391.0], [3021.6, 5859.0], [3021.55, 18645.0], [3021.5, 1892.0], [3021.3, 1461.0], [3021.25, 3000.0], [3021.2, 1894.0], [3021.1, 1461.0], [3021.05, 3000.0], [3021.0, 1894.0], [3020.9, 895.0], [3020.85, 15728.0]], "asks": [[3022.6, 13070.0], [3023.25, 4200.0], [3023.3, 4200.0], [3023.35, 7200.0], [3023.4, 6094.0], [3023.45, 17345.0], [3023.5, 950.0], [3023.65, 4893.0], [3023.7, 561.0], [3023.9, 4903.0], [3024.0, 450.0], [3024.05, 3001.0], [3024.1, 1891.0], [3024.2, 20012.0], [3024.25, 3000.0], [3024.3, 1891.0], [3024.35, 5.0], [3024.5, 3000.0], [3024.55, 17786.0], [3024.6, 1891.0]]}}}
{"jsonrpc": "2.0", "method": "subscription", "params": {"channel": "book.ETH-PERPETUAL.none.20.100ms", "data": {"timestamp": 1765984496026, "change_id": 101810966768, "instrument_name": "ETH-PERPETUAL", "bids": [[3022.3, 1.0], [3021.5, 896.0], [3021.45, 3000.0], [3021.4, 940.0], [3021.3, 1461.0], [3021.25, 3000.0], [3021.2, 1894.0], [3021.15, 2500.0], [3021.1, 7598.0], [3021.05, 16145.0], [3021.0, 1894.0], [3020.95, 2500.0], [3020.9, 17500.0], [3020.85, 1460.0], [3020.7, 4894.0], [3020.55, 1894.0], [3020.5, 3000.0], [3020.4, 1508.0], [3020.35, 1903.0], [3020.3, 3160.0]], "asks": [[3022.35, 5826.0], [3022.4, 7244.0], [3022.6, 368.0], [3022.95, 16145.0], [3023.15, 4894.0], [3023.2, 3001.0], [3023.25, 947.0], [3023.3, 4200.0], [3023.35, 7200.0], [3023.4, 1894.0], [3023.5, 950.0], [3023.65, 4893.0], [3023.7, 561.0], [3023.8, 20012.0], [3023.85, 17786.0], [3023.9, 4903.0], [3024.0, 450.0], [3024.1, 1891.0], [3024.25, 3000.0], [3024.3, 1891.0]]}}}
{"jsonrpc": "2.0", "method": "subscription", "params": {"channel": "book.ETH-PERPETUAL.none.20.100ms", "data": {"timestamp": 1765984496353, "change_id": 101810968038, "instrument_name": "ETH-PERPETUAL", "bids": [[3021.85, 4200.0], [3021.8, 4200.0], [3021.75, 896.0], [3021.7, 3000.0], [3021.55, 2430.0], [3021.5, 4200.0], [3021.45, 3000.0], [3021.3, 6005.0], [3021.25, 3000.0], [3021.2, 17500.0], [3021.1, 7598.0], [3021.05, 16145.0], [3021.0, 1894.0], [3020.85, 1460.0], [3020.8, 940.0], [3020.7, 4905.0], [3020.6, 1461.0], [3020.55, 10977.0], [3020.5, 3000.0], [3020.45, 17766.0]], "asks": [[3021.9, 1307.0], [3022.5, 4200.0], [3022.55, 4200.0], [3022.6, 368.0], [3022.7, 1894.0], [3022.75, 3000.0], [3022.95, 16145.0], [3023.15, 4894.0], [3023.3, 4200.0], [3023.35, 7200.0], [3023.4, 1894.0], [3023.5, 3.0], [3023.6, 3002.0], [3023.65, 4893.0], [3023.7, 561.0], [3023.8, 20012.0], [3023.9, 4903.0], [3024.0, 14881.0], [3024.05, 17786.0], [3024.1, 1891.0]]}}}
{"jsonrpc": "2.0", "method": "subscription", "params": {"channel": "book.ETH-PERPETUAL.none.20.100ms", "data": {"timestamp": 1765984496687, "change_id": 101810968697, "instrument_name": "ETH-PERPETUAL", "bids": [[3022.0, 1395.0], [3021.9, 3000.0], [3021.85, 4300.0], [3021.75, 1721.0], [3021.7, 3400.0], [3021.6, 2400.0], [3021.55, 10560.0], [3021.5, 4200.0], [3021.45, 33645.0], [3021.3, 896.0], [3021.25, 3000.0], [3021.2, 1894.0], [3021.15, 940.0], [3021.1, 1461.0], [3021.05, 3011.0], [3021.0, 1894.0], [3020.75, 2356.0], [3020.7, 7893.0], [3020.55, 8642.0], [3020.5, 3000.0]], "asks": [[3022.05, 1307.0], [3022.5, 4200.0], [3022.55, 4200.0], [3022.75, 3000.0], [3022.85, 1894.0], [3022.95, 17092.0], [3023.15, 4894.0], [3023.3, 4200.0], [3023.35, 7200.0], [3023.4, 1894.0], [3023.5, 3.0], [3023.6, 3002.0], [3023.65, 4893.0], [3023.7, 561.0], [3023.9, 24915.0], [3024.0, 14881.0], [3024.05, 17786.0], [3024.1, 1891.0], [3024.25, 3000.0], [3024.3, 1891.0]]}}}
{"jsonrpc": "2.0", "method": "subscription", "params": {"channel": "book.ETH-PERPETUAL.none.20.100ms", "data": {"timestamp": 1765984497000, "change_id": 101810968973, "instrument_name": "ETH-PERPETUAL", "bids": [[3022.0, 1395.0], [3021.9, 3000.0], [3021.75, 896.0], [3021.7, 3000.0], [3021.55, 5762.0], [3021.5, 4200.0], [3021.45, 16145.0], [3021.35, 2400.0], [3021.3, 6851.0], [3021.25, 20500.0], [3021.2, 1894.0], [3021.15, 940.0], [3021.1, 1461.0], [3021.05, 3011.0], [3021.0, 1894.0], [3020.8, 1461.0], [3020.7, 4894.0], [3020.65, 1461.0], [3020.6, 2999.0], [3020.55, 2790.0]], "asks": [[3022.05, 1307.0], [3022.5, 4200.0], [3022.75, 3000.0], [3022.85, 1894.0], [3022.95, 17092.0], [3023.15, 4894.0], [3023.3, 4200.0], [3023.35, 7200.0], [3023.4, 1894.0], [3023.5, 3.0], [3023.6, 3001.0], [3023.65, 4893.0], [3023.7, 561.0], [3023.75, 20012.0], [3023.9, 4903.0], [3023.95, 17786.0], [3024.0, 14881.0], [3024.1, 1891.0], [3024.25, 3000.0], [3024.3, 1891.0]]}}}
{"jsonrpc": "2.0", "method": "subscription", "params": {"channel": "book.ETH-PERPETUAL.none.20.100ms", "data": {"timestamp": 1765984497348, "change_id": 101810969576, "instrument_name": "ETH-PERPETUAL", "bids": [[3022.05, 5000.0], [3022.0, 984.0], [3021.9, 3000.0], [3021.75, 3296.0], [3021.7, 3000.0], [3021.55, 5762.0], [3021.5, 21700.0], [3021.45, 16145.0], [3021.3, 896.0], [3021.25, 3940.0], [3021.2, 1894.0], [3021.1, 1461.0], [3021.05, 3011.0], [3021.0, 1894.0], [3020.8, 1461.0], [3020.75, 2998.0], [3020.7, 4894.0], [3020.65, 1461.0], [3020.6, 17766.0], [3020.55, 22780.0]], "asks": [[3022.15, 1307.0], [3022.2, 4200.0], [3022.75, 3000.0], [3022.95, 5841.0], [3023.15, 4894.0], [3023.3, 4200.0], [3023.35, 7200.0], [3023.4, 15039.0], [3023.5, 3.0], [3023.65, 4893.0], [3023.7, 561.0], [3023.85, 3001.0], [3023.9, 4903.0], [3024.0, 450.0], [3024.1, 1891.0], [3024.15, 20012.0], [3024.2, 17786.0], [3024.25, 3000.0], [3024.3, 1891.0], [3024.35, 5.0]]}}}
{"jsonrpc": "2.0", "method": "subscription", "params": {"channel": "book.ETH-PERPETUAL.none.20.100ms", "data": {"timestamp": 1765984497666, "change_id": 101810970902, "instrument_name": "ETH-PERPETUAL", "bids": [[3022.5, 1394.0], [3022.2, 3000.0], [3022.15, 4200.0], [3022.1, 4416.0], [3022.0, 1350.0], [3021.9, 3000.0], [3021.85, 15545.0], [3021.75, 896.0], [3021.7, 20500.0], [3021.65, 940.0], [3021.55, 1894.0], [3021.5, 4200.0], [3021.45, 3000.0], [3021.4, 4903.0], [3021.3, 896.0], [3021.25, 3940.0], [3021.2, 1894.0], [3021.1, 1461.0], [3021.05, 3000.0], [3021.0, 1894.0]], "asks": [[3022.55, 1307.0], [3023.15, 1894.0], [3023.3, 4200.0], [3023.35, 7200.0], [3023.4, 1894.0], [3023.45, 947.0], [3023.5, 3.0], [3023.55, 947.0], [3023.65, 18038.0], [3023.7, 561.0], [3023.9, 4903.0], [3024.0, 450.0], [3024.1, 1891.0], [3024.25, 3000.0], [3024.3, 1891.0], [3024.35, 5.0], [3024.45, 23014.0], [3024.5, 3000.0], [3024.6, 1891.0], [3024.75, 17786.0]]}}}
{"jsonrpc": "2.0", "method": "subscription", "params": {"channel": "book.ETH-PERPETUAL.none.20.100ms", "data": {"timestamp": 1765984498007, "change_id": 101810971787, "instrument_name": "ETH-PERPETUAL", "bids": [[3022.95, 1394.0], [3022.55, 2400.0], [3022.45, 20500.0], [3022.35, 100.0], [3022.25, 17345.0], [3022.2, 3000.0], [3022.15, 6094.0], [3022.1, 227.0], [3022.05, 942.0], [3021.95, 1894.0], [3021.9, 3000.0], [3021.75, 2790.0], [3021.7, 3000.0], [3021.6, 2998.0], [3021.55, 1894.0], [3021.45, 20766.0], [3021.4, 1894.0], [3021.3, 20886.0], [3021.25, 3000.0], [3021.2, 1894.0]], "asks": [[3023.0, 1307.0], [3023.5, 3.0], [3023.65, 3000.0], [3023.7, 2455.0], [3023.8, 947.0], [3023.85, 3000.0], [3023.9, 1903.0], [3024.0, 450.0], [3024.05, 3000.0], [3024.1, 15036.0], [3024.25, 3000.0], [3024.3, 1891.0], [3024.35, 5.0], [3024.5, 3000.0], [3024.6, 1891.0], [3024.7, 6001.0], [3024.8, 1851.0], [3024.9, 20012.0], [3025.0, 1939.0], [3025.05, 17786.0]]}}}
{"jsonrpc": "2.0", "method": "subscription", "params": {"channel": "book.ETH-PERPETUAL.none.20.100ms", "data": {"timestamp": 1765984498335, "change_id": 101810972571, "instrument_name": "ETH-PERPETUAL", "bids": [[3022.65, 3000.0], [3022.5, 896.0], [3022.45, 3000.0], [3022.3, 6073.0], [3022.25, 17345.0], [3022.2, 6109.0], [3022.15, 6094.0], [3022.1, 11.0], [3022.05, 1.0], [3022.0, 1461.0], [3021.95, 1894.0], [3021.9, 3000.0], [3021.75, 2790.0], [3021.7, 3000.0], [3021.6, 1461.0], [3021.55, 1894.0], [3021.45, 8869.0], [3021.4, 1894.0], [3021.3, 896.0], [3021.25, 3000.0]], "asks": [[3022.75, 8551.0], [3022.8, 7244.0], [3022.85, 15000.0], [3022.9, 4519.0], [3023.5, 3.0], [3023.65, 4895.0], [3023.7, 561.0], [3023.85, 3000.0], [3023.9, 1903.0], [3024.0, 450.0], [3024.05, 3000.0], [3024.1, 15983.0], [3024.25, 3000.0], [3024.3, 1891.0], [3024.35, 5.0], [3024.45, 3001.0], [3024.5, 3000.0], [3024.6, 1891.0], [3024.65, 20012.0], [3024.7, 3000.0]]}}}
{"jsonrpc": "2.0", "method": "subscription", "params": {"channel": "book.ETH-PERPETUAL.none.20.100ms", "data": {"timestamp": 1765984498636, "change_id": 101810973858, "instrument_name": "ETH-PERPETUAL", "bids": [[3022.75, 2023.0], [3022.7, 1612.0], [3022.65, 5400.0], [3022.5, 6005.0], [3022.45, 3000.0], [3022.35, 17500.0], [3022.3, 6073.0], [3022.25, 17345.0], [3022.2, 6109.0], [3022.15, 6094.0], [3022.1, 11.0], [3022.05, 1.0], [3022.0, 1461.0], [3021.95, 1894.0], [3021.9, 3000.0], [3021.75, 2790.0], [3021.7, 3000.0], [3021.6, 4460.0], [3021.55, 1894.0], [3021.45, 3000.0]], "asks": [[3023.0, 1307.0], [3023.4, 4200.0], [3023.45, 4200.0], [3023.5, 3.0], [3023.65, 3000.0], [3023.7, 561.0], [3023.85, 3000.0], [3023.9, 2850.0], [3024.0, 1397.0], [3024.05, 3000.0], [3024.1, 15983.0], [3024.25, 3000.0], [3024.3, 1891.0], [3024.35, 5.0], [3024.5, 3000.0], [3024.6, 1891.0], [3024.65, 3001.0], [3024.7, 3000.0], [3024.8, 1851.0], [3024.9, 20012.0]]}}}
{"jsonrpc": "2.0", "method": "subscription", "params": {"channel": "book.ETH-PERPETUAL.none.20.100ms", "data": {"timestamp": 1765984498984, "change_id": 101810975745, "instrument_name": "ETH-PERPETUAL", "bids": [[3020.6, 5594.0], [3020.2, 6748.0], [3020.15, 3941.0], [3020.05, 1892.0], [3019.95, 6577.0], [3019.9, 1892.0], [3019.85, 3000.0], [3019.8, 17766.0], [3019.65, 1892.0], [3019.5, 7240.0], [3019.45, 4891.0], [3019.4, 19989.0], [3019.35, 11044.0], [3019.3, 28597.0], [3019.25, 1892.0], [3019.2, 2.0], [3019.1, 1461.0], [3019.05, 4893.0], [3018.9, 7019.0], [3018.85, 1887.0]], "asks": [[3021.05, 1626.0], [3021.85, 7244.0], [3022.0, 1307.0], [3022.05, 3202.0], [3022.1, 13145.0], [3022.3, 3000.0], [3022.9, 1895.0], [3023.0, 123.0], [3023.3, 1895.0], [3023.35, 20787.0], [3023.4, 4200.0], [3023.5, 3.0], [3023.6, 21907.0], [3023.65, 3005.0], [3023.7, 561.0], [3023.85, 13000.0], [3023.9, 1898.0], [3024.0, 7669.0], [3024.05, 3000.0], [3024.1, 1891.0]]}}}
{"jsonrpc": "2.0", "method": "subscription", "params": {"channel": "book.ETH-PERPETUAL.none.20.100ms", "data": {"timestamp": 1765984499328, "change_id": 101810977784, "instrument_name": "ETH-PERPETUAL", "bids": [[3020.75, 161.0], [3020.25, 2955.0], [3020.2, 4200.0], [3020.15, 4200.0], [3019.95, 1894.0], [3019.7, 1894.0], [3019.65, 941.0], [3019.6, 3000.0], [3019.55, 5224.0], [3019.5, 22700.0], [3019.45, 15036.0], [3019.4, 3011.0], [3019.35, 11044.0], [3019.3, 28597.0], [3019.25, 1892.0], [3019.2, 2.0], [3019.1, 1461.0], [3019.05, 4893.0], [3018.9, 1461.0], [3018.85, 4887.0]], "asks": [[3020.8, 4626.0], [3020.85, 15000.0], [3021.15, 3000.0], [3021.35, 16145.0], [3021.55, 3000.0], [3021.7, 2841.0], [3021.8, 3001.0], [3021.95, 3000.0], [3022.05, 1895.0], [3022.1, 538.0], [3022.3, 20785.0], [3022.35, 1895.0], [3022.5, 1894.0], [3022.65, 20010.0], [3022.7, 4895.0], [3022.9, 1895.0], [3023.05, 1895.0], [3023.1, 13000.0], [3023.25, 5358.0], [3023.3, 1895.0]]}}}
{"jsonrpc": "2.0", "method": "subscription", "params": {"channel": "book.ETH-PERPETUAL.none.20.100ms", "data": {"timestamp": 1765984499656, "change_id": 101810978943, "instrument_name": "ETH-PERPETUAL", "bids": [[3020.45, 575.0], [3020.25, 1254.0], [3020.05, 1282.0], [3020.0, 2400.0], [3019.95, 2891.0], [3019.9, 941.0], [3019.85, 3000.0], [3019.7, 1894.0], [3019.65, 896.0], [3019.6, 3000.0], [3019.5, 9946.0], [3019.45, 32536.0], [3019.4, 3011.0], [3019.35, 11044.0], [3019.3, 28597.0], [3019.25, 1892.0], [3019.2, 2.0], [3019.1, 1461.0], [3019.05, 4893.0], [3018.9, 1461.0]], "asks": [[3020.5, 1307.0], [3020.6, 3000.0], [3020.8, 3000.0], [3021.2, 3000.0], [3021.3, 1894.0], [3021.4, 3947.0], [3021.45, 13145.0], [3021.6, 3000.0], [3021.7, 1894.0], [3021.85, 3000.0], [3022.0, 3001.0], [3022.05, 1895.0], [3022.25, 37795.0], [3022.3, 3000.0], [3022.35, 1895.0], [3022.5, 1894.0], [3022.7, 4895.0], [3022.9, 1895.0], [3023.05, 1895.0], [3023.3, 1895.0]]}}}
{"jsonrpc": "2.0", "method": "subscription", "params": {"channel": "book.ETH-PERPETUAL.none.20.100ms", "data": {"timestamp": 1765984499988, "change_id": 101810979626, "instrument_name": "ETH-PERPETUAL", "bids": [[3020.45, 190.0], [3020.1, 1281.0], [3020.05, 4200.0], [3020.0, 90.0], [3019.95, 2400.0], [3019.85, 896.0], [3019.8, 4282.0], [3019.7, 1894.0], [3019.65, 896.0], [3019.6, 3000.0], [3019.55, 941.0], [3019.5, 9946.0], [3019.45, 32536.0], [3019.4, 3011.0], [3019.35, 11044.0], [3019.3, 28597.0], [3019.25, 1892.0], [3019.2, 2.0], [3019.1, 1461.0], [3019.05, 4893.0]], "asks": [[3020.5, 5507.0], [3020.95, 4200.0], [3021.0, 3000.0], [3021.2, 3000.0], [3021.3, 1894.0], [3021.4, 3947.0], [3021.6, 16145.0], [3021.7, 1894.0], [3021.85, 3000.0], [3022.05, 1895.0], [3022.2, 3002.0], [3022.25, 20010.0], [3022.3, 20785.0], [3022.35, 1895.0], [3022.5, 1894.0], [3022.7, 4895.0], [3022.9, 1895.0], [3023.05, 1895.0], [3023.25, 133750.0], [3023.3, 1895.0]]}}}
{"jsonrpc": "2.0", "method": "subscription", "params": {"channel": "book.ETH-PERPETUAL.none.20.100ms", "data": {"timestamp": 1765984500306, "change_id": 101810980614, "instrument_name": "ETH-PERPETUAL", "bids": [[3020.45, 993.0], [3020.0, 90.0], [3019.5, 1463.0], [3019.45, 2832.0], [3019.4, 3000.0], [3019.35, 11044.0], [3019.3, 28597.0], [3019.25, 5233.0], [3019.2, 2.0], [3019.15, 5384.0], [3019.1, 13145.0], [3019.05, 4893.0], [3018.9, 6501.0], [3018.85, 22387.0], [3018.8, 11.0], [3018.65, 1890.0], [3018.55, 1459.0], [3018.5, 3000.0], [3018.45, 2784.0], [3018.4, 3.0]], "asks": [[3020.5, 2626.0], [3020.8, 3000.0], [3020.95, 17345.0], [3021.0, 3000.0], [3021.2, 3000.0], [3021.3, 1894.0], [3021.4, 3947.0], [3021.55, 3001.0], [3021.6, 3000.0], [3021.7, 1894.0], [3021.8, 37796.0], [3021.85, 3000.0], [3022.05, 1895.0], [3022.3, 3000.0], [3022.35, 1895.0], [3022.5, 28646.0], [3022.7, 4895.0], [3022.8, 7187.0], [3022.9, 1895.0], [3022.95, 10000.0]]}}}
{"jsonrpc": "2.0", "method": "subscription", "params": {"channel": "book.ETH-PERPETUAL.none.20.100ms", "data": {"timestamp": 1765984500648, "change_id": 101810982213, "instrument_name": "ETH-PERPETUAL", "bids": [[3020.0, 1484.0], [3019.35, 9102.0], [3019.3, 28597.0], [3019.2, 848.0], [3019.15, 941.0], [3019.05, 1893.0], [3018.95, 1177.0], [3018.9, 3002.0], [3018.85, 1887.0], [3018.75, 1460.0], [3018.7, 3000.0], [3018.65, 1901.0], [3018.55, 1459.0], [3018.5, 3000.0], [3018.45, 2784.0], [3018.4, 17503.0], [3018.3, 3000.0], [3018.25, 1888.0], [3018.15, 1486.0], [3018.1, 20766.0]], "asks": [[3020.05, 1000.0], [3020.5, 1307.0], [3020.85, 1896.0], [3021.15, 13145.0], [3021.3, 1894.0], [3021.45, 1896.0], [3021.6, 3000.0], [3021.7, 1894.0], [3021.85, 3000.0], [3022.05, 1895.0], [3022.35, 1895.0], [3022.5, 27705.0], [3022.7, 1895.0], [3022.9, 1895.0], [3023.05, 5798.0], [3023.25, 133750.0], [3023.3, 1895.0], [3023.5, 3.0], [3023.6, 1895.0], [3023.65, 5.0]]}}}
{"jsonrpc": "2.0", "method": "subscription", "params": {"channel": "book.ETH-PERPETUAL.none.20.100ms", "data": {"timestamp": 1765984500979, "change_id": 101810983330, "instrument_name": "ETH-PERPETUAL", "bids": [[3020.1, 1394.0], [3019.65, 3340.0], [3019.6, 4200.0], [3019.55, 4200.0], [3019.5, 3924.0], [3019.45, 13145.0], [3019.4, 3000.0], [3019.35, 9102.0], [3019.3, 28597.0], [3019.2, 943.0], [3019.15, 1461.0], [3019.1, 3000.0], [3019.05, 2834.0], [3019.0, 6131.0], [3018.95, 17500.0], [3018.9, 3002.0], [3018.85, 1887.0], [3018.75, 1460.0], [3018.7, 3000.0], [3018.65, 1890.0]], "asks": [[3020.15, 1307.0], [3020.45, 3020.0], [3020.75, 3000.0], [3020.85, 1896.0], [3020.9, 948.0], [3021.1, 1896.0], [3021.15, 3000.0], [3021.3, 1894.0], [3021.35, 13145.0], [3021.45, 1896.0], [3021.6, 3000.0], [3021.7, 1894.0], [3021.8, 20011.0], [3021.85, 4896.0], [3021.95, 17785.0], [3022.0, 3002.0], [3022.05, 1895.0], [3022.35, 1895.0], [3022.5, 14560.0], [3022.7, 1895.0]]}}}
{"jsonrpc": "2.0", "method": "subscription", "params": {"channel": "book.ETH-PERPETUAL.none.20.100ms", "data": {"timestamp": 1765984501303, "change_id": 101810984678, "instrument_name": "ETH-PERPETUAL", "bids": [[3021.05, 1501.0], [3020.85, 864.0], [3020.75, 1394.0], [3020.5, 11979.0], [3020.45, 40130.0], [3020.4, 100.0], [3020.25, 3000.0], [3020.2, 1789.0], [3020.15, 4200.0], [3020.05, 3000.0], [3020.0, 4265.0], [3019.95, 32620.0], [3019.9, 1896.0], [3019.7, 8234.0], [3019.65, 3340.0], [3019.6, 9096.0], [3019.55, 4200.0], [3019.5, 899.0], [3019.4, 3000.0], [3019.35, 9102.0]], "asks": [[3021.85, 3916.0], [3022.0, 948.0], [3022.05, 1895.0], [3022.2, 13145.0], [3022.25, 3000.0], [3022.35, 1895.0], [3022.45, 3000.0], [3022.5, 1894.0], [3022.6, 14993.0], [3022.65, 17785.0], [3022.7, 1895.0], [3022.9, 1895.0], [3023.05, 1895.0], [3023.25, 133750.0], [3023.3, 1895.0], [3023.5, 3.0], [3023.6, 1895.0], [3023.65, 5.0], [3023.7, 561.0], [3023.85, 12663.0]]}}}
{"jsonrpc": "2.0", "method": "subscription", "params": {"channel": "book.ETH-PERPETUAL.none.20.100ms", "data": {"timestamp": 1765984501639, "change_id": 101810986124, "instrument_name": "ETH-PERPETUAL", "bids": [[3021.0, 31251.0], [3020.7, 417.0], [3020.55, 2007.0], [3020.45, 40130.0], [3020.4, 100.0], [3020.25, 1896.0], [3020.15, 941.0], [3020.1, 1235.0], [3020.05, 3000.0], [3019.95, 237.0], [3019.9, 1896.0], [3019.65, 8023.0], [3019.6, 9096.0], [3019.55, 4211.0], [3019.5, 15899.0], [3019.4, 3000.0], [3019.35, 9102.0], [3019.3, 30493.0], [3019.2, 4461.0], [3019.1, 3000.0]], "asks": [[3021.05, 12771.0], [3021.1, 100.0], [3021.15, 3000.0], [3021.35, 3000.0], [3021.55, 3000.0], [3021.7, 13145.0], [3021.75, 1307.0], [3021.85, 2020.0], [3021.95, 1896.0], [3022.15, 1896.0], [3022.25, 3000.0], [3022.3, 17785.0], [3022.35, 1895.0], [3022.4, 20010.0], [3022.45, 6001.0], [3022.5, 1894.0], [3022.7, 1895.0], [3022.9, 1895.0], [3023.05, 1895.0], [3023.3, 1895.0]]}}}
{"jsonrpc": "2.0", "method": "subscription", "params": {"channel": "book.ETH-PERPETUAL.none.20.100ms", "data": {"timestamp": 1765984501975, "change_id": 101810986476, "instrument_name": "ETH-PERPETUAL", "bids": [[3021.0, 6666.0], [3020.45, 40130.0], [3019.9, 1896.0], [3019.65, 19794.0], [3019.6, 9096.0], [3019.55, 4200.0], [3019.5, 899.0], [3019.4, 3000.0], [3019.35, 9102.0], [3019.3, 30493.0], [3019.2, 2.0], [3019.15, 2355.0], [3019.1, 3000.0], [3019.05, 4891.0], [3019.0, 896.0], [3018.9, 8019.0], [3018.85, 16806.0], [3018.75, 1460.0], [3018.7, 3000.0], [3018.65, 1890.0]], "asks": [[3021.05, 13552.0], [3021.15, 3000.0], [3021.35, 3000.0], [3021.5, 4200.0], [3021.55, 3000.0], [3021.7, 13145.0], [3021.75, 1307.0], [3021.85, 2020.0], [3021.95, 1896.0], [3022.1, 17785.0], [3022.15, 1896.0], [3022.2, 23011.0], [3022.25, 3000.0], [3022.35, 1895.0], [3022.45, 3000.0], [3022.5, 1894.0], [3022.55, 11510.0], [3022.7, 1895.0], [3022.9, 1895.0], [3023.05, 1895.0]]}}}
{"jsonrpc": "2.0", "method": "subscription", "params": {"channel": "book.ETH-PERPETUAL.none.20.100ms", "data": {"timestamp": 1765984502305, "change_id": 101810987341, "instrument_name": "ETH-PERPETUAL", "bids": [[3020.45, 35130.0], [3019.95, 1461.0], [3019.9, 1896.0], [3019.8, 3000.0], [3019.65, 8220.0], [3019.6, 9096.0], [3019.55, 20141.0], [3019.5, 4715.0], [3019.4, 16145.0], [3019.35, 9102.0], [3019.3, 30493.0], [3019.2, 2.0], [3019.15, 1461.0], [3019.1, 3000.0], [3019.05, 1893.0], [3019.0, 896.0], [3018.95, 2998.0], [3018.9, 8019.0], [3018.85, 16806.0], [3018.75, 1460.0]], "asks": [[3020.5, 1327.0], [3020.8, 3000.0], [3021.0, 4200.0], [3021.05, 6484.0], [3021.15, 3000.0], [3021.3, 1896.0], [3021.35, 3000.0], [3021.4, 13145.0], [3021.5, 4200.0], [3021.55, 3000.0], [3021.6, 1896.0], [3021.85, 2020.0], [3021.9, 17785.0], [3021.95, 1896.0], [3022.0, 20010.0], [3022.15, 1896.0], [3022.2, 3001.0], [3022.25, 3000.0], [3022.35, 1895.0], [3022.45, 3000.0]]}}}
{"jsonrpc": "2.0", "method": "subscription", "params": {"channel": "book.ETH-PERPETUAL.none.20.100ms", "data": {"timestamp": 1765984502635, "change_id": 101810988527, "instrument_name": "ETH-PERPETUAL", "bids": [[3020.45, 35817.0], [3019.65, 4327.0], [3019.5, 899.0], [3019.45, 941.0], [3019.4, 3000.0], [3019.35, 9102.0], [3019.3, 30493.0], [3019.2, 2.0], [3019.15, 5198.0], [3019.1, 3000.0], [3019.05, 15038.0], [3019.0, 907.0], [3018.9, 8019.0], [3018.85, 16806.0], [3018.8, 2998.0], [3018.75, 1460.0], [3018.7, 3000.0], [3018.65, 1890.0], [3018.6, 1459.0], [3018.5, 3000.0]], "asks": [[3020.5, 11783.0], [3020.55, 4200.0], [3020.6, 3000.0], [3020.65, 15000.0], [3020.95, 16145.0], [3021.0, 4200.0], [3021.05, 136.0], [3021.15, 3000.0], [3021.3, 1896.0], [3021.35, 3000.0], [3021.4, 948.0], [3021.5, 20010.0], [3021.55, 3000.0], [3021.6, 1896.0], [3021.75, 1896.0], [3021.8, 20786.0], [3021.85, 2020.0], [3021.95, 1896.0], [3022.05, 3000.0], [3022.15, 1896.0]]}}}
{"jsonrpc": "2.0", "method": "subscription", "params": {"channel": "book.ETH-PERPETUAL.none.20.100ms", "data": {"timestamp": 1765984502953, "change_id": 101810989882, "instrument_name": "ETH-PERPETUAL", "bids": [[3019.55, 1.0], [3019.4, 896.0], [3019.35, 11537.0], [3019.3, 28597.0], [3019.2, 2.0], [3019.15, 896.0], [3019.1, 3000.0], [3019.05, 2.0], [3019.0, 896.0], [3018.9, 8019.0], [3018.85, 16806.0], [3018.8, 953.0], [3018.7, 7488.0], [3018.65, 15035.0], [3018.6, 1459.0], [3018.5, 3000.0], [3018.45, 1888.0], [3018.4, 163.0], [3018.3, 1183.0], [3018.25, 1888.0]], "asks": [[3019.6, 1307.0], [3019.75, 20.0], [3020.2, 3000.0], [3020.5, 5361.0], [3020.55, 6096.0], [3020.6, 3000.0], [3020.65, 1048.0], [3020.75, 1896.0], [3020.85, 948.0], [3020.95, 16145.0], [3021.05, 1896.0], [3021.15, 3000.0], [3021.25, 20010.0], [3021.3, 1896.0], [3021.35, 3000.0], [3021.45, 20787.0], [3021.55, 3000.0], [3021.6, 1896.0], [3021.75, 1896.0], [3021.85, 2020.0]]}}}
{"jsonrpc": "2.0", "method": "subscription", "params": {"channel": "book.ETH-PERPETUAL.none.20.100ms", "data": {"timestamp": 1765984503295, "change_id": 101810990759, "instrument_name": "ETH-PERPETUAL", "bids": [[3019.95, 402.0], [3019.7, 322.0], [3019.65, 5300.0], [3019.6, 1897.0], [3019.55, 16583.0], [3019.4, 6005.0], [3019.35, 29037.0], [3019.3, 28597.0], [3019.2, 1899.0], [3019.15, 907.0], [3019.1, 3000.0], [3019.05, 2.0], [3019.0, 896.0], [3018.95, 2998.0], [3018.9, 3002.0], [3018.85, 1887.0], [3018.75, 1460.0], [3018.7, 3000.0], [3018.65, 1890.0], [3018.6, 1459.0]], "asks": [[3020.4, 1307.0], [3020.45, 1307.0], [3020.5, 313.0], [3020.6, 3000.0], [3020.95, 3948.0], [3021.05, 1896.0], [3021.15, 3000.0], [3021.3, 1896.0], [3021.35, 3000.0], [3021.45, 13145.0], [3021.55, 3000.0], [3021.6, 1896.0], [3021.75, 1896.0], [3021.8, 37795.0], [3021.85, 2020.0], [3021.95, 1896.0], [3022.15, 1896.0], [3022.3, 3001.0], [3022.35, 1895.0], [3022.5, 1894.0]]}}}
{"jsonrpc": "2.0", "method": "subscription", "params": {"channel": "book.ETH-PERPETUAL.none.20.100ms", "data": {"timestamp": 1765984503623, "change_id": 101810992297, "instrument_name": "ETH-PERPETUAL", "bids": [[3020.4, 10145.0], [3020.15, 3000.0], [3020.1, 6477.0], [3020.05, 18700.0], [3019.95, 3000.0], [3019.9, 3923.0], [3019.85, 13144.0], [3019.8, 992.0], [3019.75, 3000.0], [3019.7, 322.0], [3019.6, 1592.0], [3019.55, 3101.0], [3019.5, 2850.0], [3019.4, 896.0], [3019.35, 11537.0], [3019.3, 28597.0], [3019.2, 2795.0], [3019.1, 3000.0], [3019.05, 2.0], [3019.0, 896.0]], "asks": [[3020.45, 518.0], [3020.5, 100.0], [3021.15, 3000.0], [3021.3, 1896.0], [3021.35, 3948.0], [3021.55, 3000.0], [3021.6, 1896.0], [3021.75, 15040.0], [3021.85, 2020.0], [3021.95, 1896.0], [3022.15, 1896.0], [3022.25, 20785.0], [3022.3, 3001.0], [3022.35, 1895.0], [3022.5, 24904.0], [3022.55, 11510.0], [3022.7, 1895.0], [3022.9, 5551.0], [3023.05, 1895.0], [3023.25, 133750.0]]}}}
{"jsonrpc": "2.0", "method": "subscription", "params": {"channel": "book.ETH-PERPETUAL.none.20.100ms", "data": {"timestamp": 1765984503956, "change_id": 101810992832, "instrument_name": "ETH-PERPETUAL", "bids": [[3020.4, 5695.0], [3020.35, 5000.0], [3020.2, 6005.0], [3020.15, 3000.0], [3020.1, 19596.0], [3019.95, 3000.0], [3019.85, 11.0], [3019.8, 6378.0], [3019.75, 3000.0], [3019.7, 18791.0], [3019.6, 1592.0], [3019.55, 3000.0], [3019.5, 2839.0], [3019.4, 896.0], [3019.35, 11537.0], [3019.3, 28597.0], [3019.2, 2795.0], [3019.15, 2998.0], [3019.1, 3000.0], [3019.05, 2.0]], "asks": [[3020.45, 100.0], [3021.15, 3000.0], [3021.3, 1896.0], [3021.35, 3948.0], [3021.55, 3000.0], [3021.6, 1896.0], [3021.75, 1896.0], [3021.85, 2020.0], [3021.9, 18791.0], [3021.95, 1896.0], [3022.15, 1896.0], [3022.2, 23011.0], [3022.25, 3000.0], [3022.35, 1895.0], [3022.4, 17785.0], [3022.5, 4894.0], [3022.55, 11510.0], [3022.7, 1895.0], [3022.9, 5551.0], [3023.05, 16937.0]]}}}
{"jsonrpc": "2.0", "method": "subscription", "params": {"channel": "book.ETH-PERPETUAL.none.20.100ms", "data": {"timestamp": 1765984504286, "change_id": 101810993461, "instrument_name": "ETH-PERPETUAL", "bids": [[3020.55, 7244.0], [3020.4, 420.0], [3020.2, 896.0], [3020.15, 3000.0], [3020.1, 896.0], [3019.95, 3000.0], [3019.9, 1200.0], [3019.85, 5224.0], [3019.8, 25777.0], [3019.75, 3000.0], [3019.7, 19734.0], [3019.6, 1592.0], [3019.55, 3000.0], [3019.5, 2839.0], [3019.45, 16.0], [3019.4, 896.0], [3019.35, 11537.0], [3019.3, 28597.0], [3019.2, 2795.0], [3019.15, 2998.0]], "asks": [[3020.6, 2307.0], [3021.0, 5507.0], [3021.05, 4200.0], [3021.1, 3000.0], [3021.15, 3000.0], [3021.35, 3000.0], [3021.4, 1899.0], [3021.55, 3000.0], [3021.6, 1896.0], [3021.75, 1896.0], [3021.85, 2020.0], [3021.9, 18791.0], [3021.95, 1896.0], [3022.15, 1896.0], [3022.25, 23010.0], [3022.3, 3001.0], [3022.35, 1895.0], [3022.4, 17785.0], [3022.5, 4894.0], [3022.55, 11510.0]]}}}
{"jsonrpc": "2.0", "method": "subscription", "params": {"channel": "book.ETH-PERPETUAL.none.20.100ms", "data": {"timestamp": 1765984504616, "change_id": 101810994635, "instrument_name": "ETH-PERPETUAL", "bids": [[3020.4, 443.0], [3019.95, 3000.0], [3019.8, 2891.0], [3019.75, 3000.0], [3019.7, 943.0], [3019.6, 7682.0], [3019.55, 20500.0], [3019.5, 1897.0], [3019.4, 896.0], [3019.35, 11537.0], [3019.3, 28597.0], [3019.2, 8290.0], [3019.15, 18791.0], [3019.1, 3000.0], [3019.05, 18.0], [3019.0, 896.0], [3018.95, 2998.0], [3018.9, 3002.0], [3018.85, 1887.0], [3018.75, 1460.0]], "asks": [[3020.45, 2626.0], [3020.6, 100.0], [3020.95, 3000.0], [3021.0, 5507.0], [3021.05, 4200.0], [3021.1, 3000.0], [3021.15, 3000.0], [3021.35, 3000.0], [3021.4, 20690.0], [3021.55, 3000.0], [3021.6, 1896.0], [3021.75, 1896.0], [3021.85, 2020.0], [3021.95, 1896.0], [3022.0, 23011.0], [3022.05, 3000.0], [3022.1, 17785.0], [3022.15, 1896.0], [3022.25, 3000.0], [3022.35, 1895.0]]}}}
{"jsonrpc": "2.0", "method": "subscription", "params": {"channel": "book.ETH-PERPETUAL.none.20.100ms", "data": {"timestamp": 1765984504947, "change_id": 101810995107, "instrument_name": "ETH-PERPETUAL", "bids": [[3019.6, 896.0], [3019.55, 3000.0], [3019.4, 896.0], [3019.35, 17435.0], [3019.3, 28597.0], [3019.2, 25790.0], [3019.15, 19734.0], [3019.1, 3000.0], [3019.05, 18.0], [3019.0, 896.0], [3018.9, 3002.0], [3018.85, 1887.0], [3018.75, 1460.0], [3018.7, 3000.0], [3018.65, 1890.0], [3018.55, 1458.0], [3018.5, 2998.0], [3018.45, 1888.0], [3018.4, 163.0], [3018.25, 1888.0]], "asks": [[3019.75, 1307.0], [3020.45, 100.0], [3020.5, 3000.0], [3020.55, 4200.0], [3020.6, 100.0], [3020.65, 1899.0], [3020.95, 3000.0], [3021.0, 5507.0], [3021.05, 6099.0], [3021.15, 3000.0], [3021.35, 3000.0], [3021.4, 20690.0], [3021.5, 20010.0], [3021.55, 3000.0], [3021.6, 1896.0], [3021.75, 1896.0], [3021.8, 3001.0], [3021.85, 2020.0], [3021.9, 17785.0], [3021.95, 1896.0]]}}}
{"jsonrpc": "2.0", "method": "subscription", "params": {"channel": "book.ETH-PERPETUAL.none.20.100ms", "data": {"timestamp": 1765984505270, "change_id": 101810996572, "instrument_name": "ETH-PERPETUAL", "bids": [[3019.3, 28598.0], [3019.25, 5000.0], [3019.2, 2.0], [3019.05, 2.0], [3018.95, 896.0], [3018.9, 3002.0], [3018.85, 1887.0], [3018.7, 8788.0], [3018.65, 19390.0], [3018.5, 861.0], [3018.45, 2831.0], [3018.4, 6668.0], [3018.35, 18791.0], [3018.3, 3000.0], [3018.25, 1888.0], [3018.15, 1379.0], [3018.1, 2.0], [3018.05, 4881.0], [3018.0, 95.0], [3017.9, 896.0]], "asks": [[3019.35, 1307.0], [3020.1, 3000.0], [3020.15, 1899.0], [3020.25, 949.0], [3020.3, 3000.0], [3020.35, 1899.0], [3020.5, 3000.0], [3020.55, 4200.0], [3020.65, 1899.0], [3020.75, 3000.0], [3020.8, 1899.0], [3020.9, 41802.0], [3020.95, 3000.0], [3021.0, 4200.0], [3021.05, 6099.0], [3021.1, 17785.0], [3021.15, 3000.0], [3021.2, 7340.0], [3021.35, 3000.0], [3021.4, 1899.0]]}}}
{"jsonrpc": "2.0", "method": "subscription", "params": {"channel": "book.ETH-PERPETUAL.none.20.100ms", "data": {"timestamp": 1765984505607, "change_id": 101810997755, "instrument_name": "ETH-PERPETUAL", "bids": [[3019.3, 29842.0], [3019.2, 2.0], [3019.05, 2.0], [3019.0, 6836.0], [3018.95, 17500.0], [3018.9, 5402.0], [3018.85, 1887.0], [3018.75, 1460.0], [3018.7, 3943.0], [3018.65, 1890.0], [3018.5, 16.0], [3018.45, 1888.0], [3018.4, 6668.0], [3018.35, 18791.0], [3018.3, 3000.0], [3018.25, 1888.0], [3018.15, 1379.0], [3018.1, 2.0], [3018.05, 4881.0], [3018.0, 991.0]], "asks": [[3019.35, 1307.0], [3019.7, 4100.0], [3019.9, 4100.0], [3019.95, 4100.0], [3020.0, 4100.0], [3020.05, 4100.0], [3020.1, 3000.0], [3020.15, 1899.0], [3020.25, 949.0], [3020.3, 3000.0], [3020.4, 1899.0], [3020.5, 3949.0], [3020.65, 1899.0], [3020.75, 3000.0], [3020.8, 1899.0], [3020.9, 18791.0], [3020.95, 3000.0], [3021.05, 1899.0], [3021.1, 20010.0], [3021.15, 6001.0]]}}}
{"jsonrpc": "2.0", "method": "subscription", "params": {"channel": "book.ETH-PERPETUAL.none.20.100ms", "data": {"timestamp": 1765984505925, "change_id": 101810998145, "instrument_name": "ETH-PERPETUAL", "bids": [[3019.45, 1394.0], [3019.3, 29328.0], [3019.2, 2.0], [3019.05, 2.0], [3019.0, 6005.0], [3018.9, 21782.0], [3018.85, 4287.0], [3018.75, 1460.0], [3018.7, 3943.0], [3018.65, 1890.0], [3018.5, 16.0], [3018.45, 1888.0], [3018.4, 6668.0], [3018.35, 18791.0], [3018.3, 4459.0], [3018.25, 1888.0], [3018.2, 2999.0], [3018.15, 1379.0], [3018.1, 2.0], [3018.05, 4881.0]], "asks": [[3019.5, 1307.0], [3019.9, 4100.0], [3019.95, 4100.0], [3020.0, 4100.0], [3020.05, 4100.0], [3020.1, 3000.0], [3020.15, 1899.0], [3020.25, 949.0], [3020.3, 3000.0], [3020.4, 1899.0], [3020.5, 3000.0], [3020.65, 1899.0], [3020.75, 3000.0], [3020.8, 1899.0], [3020.9, 18791.0], [3020.95, 3000.0], [3021.05, 1899.0], [3021.1, 37795.0], [3021.15, 3000.0], [3021.2, 9239.0]]}}}
{"jsonrpc": "2.0", "method": "subscription", "params": {"channel": "book.ETH-PERPETUAL.none.20.100ms", "data": {"timestamp": 1765984506268, "change_id": 101810998861, "instrument_name": "ETH-PERPETUAL", "bids": [[3019.85, 1394.0], [3019.45, 1224.0], [3019.35, 12667.0], [3019.3, 28698.0], [3019.2, 2.0], [3019.05, 2.0], [3019.0, 6005.0], [3018.9, 27227.0], [3018.85, 1887.0], [3018.8, 21191.0], [3018.75, 1460.0], [3018.7, 3000.0], [3018.65, 1890.0], [3018.5, 16.0], [3018.45, 1888.0], [3018.4, 1954.0], [3018.3, 5999.0], [3018.25, 1888.0], [3018.15, 1379.0], [3018.1, 2.0]], "asks": [[3019.9, 3000.0], [3020.0, 4100.0], [3020.1, 3000.0], [3020.3, 3000.0], [3020.4, 1899.0], [3020.5, 3000.0], [3020.65, 1899.0], [3020.75, 3000.0], [3020.8, 2848.0], [3020.9, 18791.0], [3020.95, 3000.0], [3021.05, 1899.0], [3021.15, 3000.0], [3021.2, 9239.0], [3021.3, 37795.0], [3021.35, 3000.0], [3021.4, 1899.0], [3021.5, 3002.0], [3021.6, 1896.0], [3021.75, 1896.0]]}}}
{"jsonrpc": "2.0", "method": "subscription", "params": {"channel": "book.ETH-PERPETUAL.none.20.100ms", "data": {"timestamp": 1765984506595, "change_id": 101810999696, "instrument_name": "ETH-PERPETUAL", "bids": [[3019.4, 1.0], [3019.35, 9000.0], [3019.3, 30149.0], [3019.2, 2.0], [3019.15, 1612.0], [3019.1, 3000.0], [3019.05, 2402.0], [3019.0, 6005.0], [3018.95, 943.0], [3018.9, 27227.0], [3018.85, 1887.0], [3018.8, 18791.0], [3018.75, 1460.0], [3018.7, 3000.0], [3018.65, 1890.0], [3018.55, 920.0], [3018.5, 1195.0], [3018.45, 2832.0], [3018.4, 163.0], [3018.3, 3000.0]], "asks": [[3019.45, 4100.0], [3019.8, 4100.0], [3020.3, 3000.0], [3020.35, 949.0], [3020.4, 1899.0], [3020.5, 3000.0], [3020.65, 1899.0], [3020.75, 3000.0], [3020.8, 20690.0], [3020.9, 20010.0], [3020.95, 3000.0], [3021.05, 1899.0], [3021.1, 20786.0], [3021.15, 3000.0], [3021.2, 1899.0], [3021.35, 3000.0], [3021.4, 1899.0], [3021.6, 1896.0], [3021.75, 1896.0], [3021.95, 16655.0]]}}}
{"jsonrpc": "2.0", "method": "subscription", "params": {"channel": "book.ETH-PERPETUAL.none.20.100ms", "data": {"timestamp": 1765984506930, "change_id": 101811000620, "instrument_name": "ETH-PERPETUAL", "bids": [[3020.6, 1394.0], [3019.9, 5609.0], [3019.85, 18791.0], [3019.8, 1462.0], [3019.75, 3000.0], [3019.7, 1899.0], [3019.65, 1970.0], [3019.6, 3600.0], [3019.55, 3000.0], [3019.5, 2097.0], [3019.45, 4100.0], [3019.4, 2916.0], [3019.35, 12000.0], [3019.3, 28697.0], [3019.2, 11782.0], [3019.15, 20943.0], [3019.1, 3000.0], [3019.05, 898.0], [3018.9, 3002.0], [3018.85, 1887.0]], "asks": [[3020.7, 7244.0], [3020.9, 1307.0], [3020.95, 3000.0], [3021.15, 3000.0], [3021.35, 3000.0], [3021.55, 3000.0], [3021.6, 1896.0], [3021.75, 4896.0], [3021.85, 949.0], [3021.95, 20687.0], [3022.1, 20010.0], [3022.15, 4896.0], [3022.25, 17785.0], [3022.35, 1895.0], [3022.45, 3002.0], [3022.5, 4894.0], [3022.55, 11510.0], [3022.7, 1895.0], [3022.9, 1895.0], [3023.05, 1895.0]]}}}
{"jsonrpc": "2.0", "method": "subscription", "params": {"channel": "book.ETH-PERPETUAL.none.20.100ms", "data": {"timestamp": 1765984507259, "change_id": 101811002244, "instrument_name": "ETH-PERPETUAL", "bids": [[3021.2, 1394.0], [3021.15, 1394.0], [3020.75, 355.0], [3020.7, 824.0], [3020.5, 7045.0], [3020.45, 20000.0], [3020.4, 3600.0], [3020.35, 8682.0], [3020.3, 20935.0], [3020.25, 16.0], [3020.2, 2442.0], [3020.15, 3000.0], [3020.1, 4898.0], [3020.05, 1373.0], [3020.0, 1963.0], [3019.95, 3328.0], [3019.8, 1462.0], [3019.75, 3000.0], [3019.7, 2959.0], [3019.65, 896.0]], "asks": [[3021.6, 1307.0], [3021.65, 1307.0], [3021.7, 3000.0], [3021.85, 1307.0], [3021.9, 3000.0], [3021.95, 319.0], [3022.15, 3000.0], [3022.35, 1895.0], [3022.45, 950.0], [3022.5, 4894.0], [3022.65, 18791.0], [3022.7, 1895.0], [3022.8, 20010.0], [3022.9, 4895.0], [3023.0, 17785.0], [3023.05, 1895.0], [3023.1, 14624.0], [3023.25, 6002.0], [3023.3, 133145.0], [3023.5, 3.0]]}}}
{"jsonrpc": "2.0", "method": "subscription", "params": {"channel": "book.ETH-PERPETUAL.none.20.100ms", "data": {"timestamp": 1765984507589, "change_id": 101811003627, "instrument_name": "ETH-PERPETUAL", "bids": [[3021.75, 1394.0], [3021.3, 1970.0], [3021.25, 3600.0], [3021.2, 20000.0], [3021.15, 3000.0], [3021.1, 252.0], [3021.0, 7940.0], [3020.95, 1900.0], [3020.9, 3944.0], [3020.85, 5961.0], [3020.8, 18791.0], [3020.75, 355.0], [3020.7, 1899.0], [3020.6, 4916.0], [3020.4, 1463.0], [3020.35, 5998.0], [3020.3, 1900.0], [3020.2, 1498.0], [3020.15, 3000.0], [3020.1, 1899.0]], "asks": [[3021.8, 1307.0], [3022.15, 3000.0], [3022.35, 1895.0], [3022.5, 4894.0], [3022.7, 2845.0], [3022.85, 18791.0], [3022.9, 4895.0], [3023.05, 1895.0], [3023.2, 20010.0], [3023.25, 3000.0], [3023.3, 1895.0], [3023.45, 3000.0], [3023.5, 3.0], [3023.55, 17785.0], [3023.6, 1895.0], [3023.65, 6007.0], [3023.7, 561.0], [3023.9, 1898.0], [3024.0, 450.0], [3024.05, 14007.0]]}}}
{"jsonrpc": "2.0", "method": "subscription", "params": {"channel": "book.ETH-PERPETUAL.none.20.100ms", "data": {"timestamp": 1765984507902, "change_id": 101811004611, "instrument_name": "ETH-PERPETUAL", "bids": [[3021.75, 1394.0], [3021.55, 7975.0], [3021.5, 4100.0], [3021.45, 23600.0], [3021.4, 896.0], [3021.35, 3000.0], [3021.2, 896.0], [3021.15, 3000.0], [3021.0, 1745.0], [3020.95, 1916.0], [3020.9, 3944.0], [3020.85, 5961.0], [3020.8, 18791.0], [3020.7, 1075.0], [3020.6, 4900.0], [3020.5, 895.0], [3020.45, 2998.0], [3020.4, 1463.0], [3020.35, 3000.0], [3020.3, 1900.0]], "asks": [[3021.8, 5407.0], [3022.15, 3000.0], [3022.35, 1895.0], [3022.5, 4894.0], [3022.7, 2845.0], [3022.85, 18791.0], [3022.9, 4895.0], [3023.05, 1895.0], [3023.25, 3000.0], [3023.3, 1895.0], [3023.4, 20010.0], [3023.45, 3000.0], [3023.5, 3.0], [3023.55, 17785.0], [3023.6, 4896.0], [3023.65, 3005.0], [3023.7, 561.0], [3023.9, 1898.0], [3024.0, 450.0], [3024.05, 14007.0]]}}}
{"jsonrpc": "2.0", "method": "subscription", "params": {"channel": "book.ETH-PERPETUAL.none.20.100ms", "data": {"timestamp": 1765984508243, "change_id": 101811005572, "instrument_name": "ETH-PERPETUAL", "bids": [[3022.0, 1394.0], [3021.55, 7975.0], [3021.45, 23600.0], [3021.4, 896.0], [3021.35, 3000.0], [3021.25, 1463.0], [3021.2, 1902.0], [3021.15, 3944.0], [3021.0, 1745.0], [3020.95, 1916.0], [3020.9, 3944.0], [3020.85, 5961.0], [3020.8, 18791.0], [3020.7, 1075.0], [3020.6, 4900.0], [3020.5, 895.0], [3020.45, 2998.0], [3020.4, 1463.0], [3020.35, 3000.0], [3020.3, 1900.0]], "asks": [[3022.05, 5407.0], [3022.1, 4100.0], [3022.15, 3000.0], [3022.5, 3000.0], [3022.7, 2845.0], [3022.85, 18791.0], [3022.9, 4895.0], [3023.05, 1895.0], [3023.25, 3000.0], [3023.3, 3381.0], [3023.45, 3000.0], [3023.5, 20013.0], [3023.6, 19680.0], [3023.65, 3005.0], [3023.7, 561.0], [3023.85, 3001.0], [3023.9, 1898.0], [3024.0, 450.0], [3024.05, 11507.0], [3024.1, 133141.0]]}}}
{"jsonrpc": "2.0", "method": "subscription", "params": {"channel": "book.ETH-PERPETUAL.none.20.100ms", "data": {"timestamp": 1765984508576, "change_id": 101811007471, "instrument_name": "ETH-PERPETUAL", "bids": [[3022.3, 5000.0], [3022.05, 1013.0], [3022.0, 2000.0], [3021.9, 4994.0], [3021.85, 7719.0], [3021.8, 20000.0], [3021.6, 9067.0], [3021.55, 22540.0], [3021.5, 3000.0], [3021.4, 2119.0], [3021.35, 4100.0], [3021.3, 3000.0], [3021.15, 2798.0], [3021.1, 3000.0], [3021.0, 1.0], [3020.95, 1745.0], [3020.9, 3000.0], [3020.85, 4901.0], [3020.6, 1900.0], [3020.4, 1463.0]], "asks": [[3022.35, 8870.0], [3022.4, 1307.0], [3022.45, 319.0], [3023.05, 3000.0], [3023.25, 3000.0], [3023.3, 1895.0], [3023.35, 951.0], [3023.5, 3.0], [3023.55, 3000.0], [3023.6, 1895.0], [3023.65, 5.0], [3023.7, 561.0], [3023.75, 3000.0], [3023.85, 18780.0], [3023.9, 1898.0], [3024.0, 23460.0], [3024.05, 11507.0], [3024.1, 1891.0], [3024.25, 20787.0], [3024.3, 1891.0]]}}}
{"jsonrpc": "2.0", "method": "subscription", "params": {"channel": "book.ETH-PERPETUAL.none.20.100ms", "data": {"timestamp": 1765984508899, "change_id": 101811008474, "instrument_name": "ETH-PERPETUAL", "bids": [[3022.4, 4394.0], [3022.35, 5000.0], [3022.15, 1792.0], [3022.1, 3000.0], [3022.05, 3940.0], [3022.0, 3600.0], [3021.9, 3000.0], [3021.85, 12650.0], [3021.8, 18780.0], [3021.75, 20896.0], [3021.7, 3000.0], [3021.65, 16.0], [3021.6, 2012.0], [3021.55, 139.0], [3021.5, 4902.0], [3021.45, 944.0], [3021.4, 896.0], [3021.3, 3000.0], [3021.25, 1463.0], [3021.2, 2998.0]], "asks": [[3022.45, 539.0], [3022.55, 168.0], [3022.65, 452.0], [3023.2, 3000.0], [3023.25, 951.0], [3023.3, 1895.0], [3023.5, 3.0], [3023.55, 3000.0], [3023.6, 1895.0], [3023.65, 5.0], [3023.7, 561.0], [3023.75, 3000.0], [3023.9, 3384.0], [3024.0, 3450.0], [3024.1, 20671.0], [3024.2, 3000.0], [3024.3, 1891.0], [3024.35, 3006.0], [3024.4, 3000.0], [3024.55, 17785.0]]}}}
{"jsonrpc": "2.0", "method": "subscription", "params": {"channel": "book.ETH-PERPETUAL.none.20.100ms", "data": {"timestamp": 1765984509239, "change_id": 101811009778, "instrument_name": "ETH-PERPETUAL", "bids": [[3022.45, 8638.0], [3022.4, 11217.0], [3022.35, 1394.0], [3022.2, 7940.0], [3022.15, 23600.0], [3022.1, 3000.0], [3021.95, 896.0], [3021.9, 3000.0], [3021.85, 5606.0], [3021.8, 18780.0], [3021.75, 896.0], [3021.7, 3000.0], [3021.6, 2012.0], [3021.55, 16.0], [3021.5, 4902.0], [3021.45, 944.0], [3021.4, 1463.0], [3021.35, 1902.0], [3021.3, 3000.0], [3021.15, 2798.0]], "asks": [[3022.5, 5.0], [3023.25, 3000.0], [3023.3, 1902.0], [3023.4, 951.0], [3023.5, 3.0], [3023.55, 3000.0], [3023.6, 1895.0], [3023.65, 2001.0], [3023.7, 19341.0], [3023.75, 3000.0], [3023.9, 3384.0], [3024.0, 3450.0], [3024.1, 1891.0], [3024.2, 3000.0], [3024.3, 1891.0], [3024.35, 37800.0], [3024.4, 3000.0], [3024.55, 3002.0], [3024.6, 1891.0], [3024.8, 4851.0]]}}}
{"jsonrpc": "2.0", "method": "subscription", "params": {"channel": "book.ETH-PERPETUAL.none.20.100ms", "data": {"timestamp": 1765984509564, "change_id": 101811010640, "instrument_name": "ETH-PERPETUAL", "bids": [[3022.45, 24994.0], [3022.15, 896.0], [3022.1, 3000.0], [3021.95, 896.0], [3021.9, 3016.0], [3021.85, 5606.0], [3021.8, 18780.0], [3021.75, 896.0], [3021.7, 3000.0], [3021.6, 1468.0], [3021.55, 944.0], [3021.5, 4902.0], [3021.45, 2358.0], [3021.35, 4900.0], [3021.3, 3000.0], [3021.15, 2798.0], [3021.1, 3000.0], [3021.0, 6580.0], [3020.9, 3000.0], [3020.85, 19666.0]], "asks": [[3022.5, 5.0], [3023.25, 3000.0], [3023.3, 1902.0], [3023.4, 951.0], [3023.5, 3.0], [3023.55, 3000.0], [3023.6, 1895.0], [3023.65, 2001.0], [3023.7, 561.0], [3023.75, 3000.0], [3023.9, 1898.0], [3024.0, 3450.0], [3024.05, 18780.0], [3024.1, 1891.0], [3024.2, 3000.0], [3024.3, 1891.0], [3024.35, 20015.0], [3024.4, 3000.0], [3024.55, 3001.0], [3024.6, 1891.0]]}}}
{"jsonrpc": "2.0", "method": "subscription", "params": {"channel": "book.ETH-PERPETUAL.none.20.100ms", "data": {"timestamp": 1765984509893, "change_id": 101811011430, "instrument_name": "ETH-PERPETUAL", "bids": [[3022.45, 1394.0], [3022.4, 5000.0], [3022.35, 2119.0], [3022.3, 3000.0], [3022.2, 4100.0], [3022.15, 7703.0], [3022.1, 6600.0], [3022.05, 20000.0], [3021.95, 896.0], [3021.9, 3016.0], [3021.85, 5606.0], [3021.8, 18780.0], [3021.75, 896.0], [3021.7, 3000.0], [3021.6, 1468.0], [3021.55, 944.0], [3021.5, 4902.0], [3021.4, 1463.0], [3021.35, 1902.0], [3021.3, 3000.0]], "asks": [[3022.5, 5.0], [3023.25, 3000.0], [3023.3, 1902.0], [3023.4, 951.0], [3023.5, 3.0], [3023.55, 3000.0], [3023.6, 1895.0], [3023.65, 2001.0], [3023.7, 561.0], [3023.75, 3000.0], [3023.9, 1898.0], [3024.0, 3450.0], [3024.05, 18780.0], [3024.1, 1891.0], [3024.2, 3000.0], [3024.3, 1891.0], [3024.35, 23016.0], [3024.4, 3000.0], [3024.5, 17785.0], [3024.6, 1891.0]]}}}
{"jsonrpc": "2.0", "method": "subscription", "params": {"channel": "book.ETH-PERPETUAL.none.20.100ms", "data": {"timestamp": 1765984510234, "change_id": 101811012476, "instrument_name": "ETH-PERPETUAL", "bids": [[3023.05, 6394.0], [3022.6, 11567.0], [3022.55, 26600.0], [3022.5, 6023.0], [3022.45, 428.0], [3022.35, 20899.0], [3022.3, 3000.0], [3022.2, 6003.0], [3022.15, 896.0], [3022.1, 3000.0], [3021.95, 896.0], [3021.9, 4903.0], [3021.75, 2244.0], [3021.7, 4903.0], [3021.6, 4467.0], [3021.5, 4902.0], [3021.45, 1463.0], [3021.35, 1902.0], [3021.3, 3000.0], [3021.15, 7986.0]], "asks": [[3023.1, 5407.0], [3023.4, 5407.0], [3023.45, 4100.0], [3023.5, 3.0], [3023.55, 3000.0], [3023.7, 561.0], [3023.75, 3000.0], [3023.9, 1898.0], [3024.0, 3450.0], [3024.1, 1891.0], [3024.2, 3000.0], [3024.3, 1891.0], [3024.35, 5.0], [3024.4, 21780.0], [3024.6, 1891.0], [3024.7, 20010.0], [3024.8, 4851.0], [3024.9, 17785.0], [3024.95, 3002.0], [3025.0, 1939.0]]}}}
{"jsonrpc": "2.0", "method": "subscription", "params": {"channel": "book.ETH-PERPETUAL.none.20.100ms", "data": {"timestamp": 1765984510536, "change_id": 101811013413, "instrument_name": "ETH-PERPETUAL", "bids": [[3023.2, 1394.0], [3022.75, 3600.0], [3022.55, 23000.0], [3022.5, 6023.0], [3022.45, 548.0], [3022.4, 1903.0], [3022.35, 20899.0], [3022.3, 3946.0], [3022.2, 6003.0], [3022.15, 896.0], [3022.1, 3000.0], [3021.95, 896.0], [3021.9, 4903.0], [3021.75, 896.0], [3021.7, 4903.0], [3021.6, 1468.0], [3021.55, 2998.0], [3021.5, 4902.0], [3021.45, 1463.0], [3021.35, 1902.0]], "asks": [[3023.25, 1307.0], [3023.45, 4100.0], [3023.5, 3.0], [3023.7, 561.0], [3023.75, 3000.0], [3023.9, 1898.0], [3024.0, 4401.0], [3024.1, 1891.0], [3024.2, 3000.0], [3024.3, 1891.0], [3024.35, 5.0], [3024.4, 21780.0], [3024.6, 1891.0], [3024.75, 20010.0], [3024.8, 4851.0], [3024.9, 17785.0], [3024.95, 3002.0], [3025.0, 1939.0], [3025.2, 4851.0], [3025.4, 1851.0]]}}}
{"jsonrpc": "2.0", "method": "subscription", "params": {"channel": "book.ETH-PERPETUAL.none.20.100ms", "data": {"timestamp": 1765984510896, "change_id": 101811014309, "instrument_name": "ETH-PERPETUAL", "bids": [[3023.45, 1394.0], [3022.75, 3000.0], [3022.7, 3600.0], [3022.6, 1903.0], [3022.55, 23000.0], [3022.5, 946.0], [3022.4, 1919.0], [3022.35, 2119.0], [3022.3, 3946.0], [3022.2, 6003.0], [3022.15, 896.0], [3022.1, 3000.0], [3022.0, 1464.0], [3021.9, 4903.0], [3021.85, 895.0], [3021.8, 2998.0], [3021.75, 896.0], [3021.7, 4903.0], [3021.6, 1468.0], [3021.5, 4902.0]], "asks": [[3023.5, 3.0], [3023.7, 561.0], [3023.9, 5.0], [3024.0, 3450.0], [3024.1, 1891.0], [3024.2, 3000.0], [3024.3, 1891.0], [3024.35, 5.0], [3024.4, 3000.0], [3024.6, 4891.0], [3024.75, 20010.0], [3024.8, 4851.0], [3024.9, 18780.0], [3025.0, 1939.0], [3025.15, 32166.0], [3025.2, 4851.0], [3025.35, 3002.0], [3025.4, 1851.0], [3025.45, 11510.0], [3025.6, 1858.0]]}}}
{"jsonrpc": "2.0", "method": "subscription", "params": {"channel": "book.ETH-PERPETUAL.none.20.100ms", "data": {"timestamp": 1765984511226, "change_id": 101811016111, "instrument_name": "ETH-PERPETUAL", "bids": [[3023.65, 12738.0], [3023.55, 14797.0], [3023.5, 29100.0], [3023.45, 23616.0], [3023.35, 8606.0], [3023.3, 18780.0], [3023.2, 1046.0], [3023.15, 3000.0], [3023.0, 896.0], [3022.95, 3000.0], [3022.8, 896.0], [3022.75, 3000.0], [3022.65, 1746.0], [3022.6, 1903.0], [3022.55, 5999.0], [3022.5, 946.0], [3022.4, 1903.0], [3022.35, 3312.0], [3022.3, 3001.0], [3022.2, 6899.0]], "asks": [[3023.7, 561.0], [3023.9, 5.0], [3024.0, 450.0], [3024.35, 5.0], [3024.4, 3000.0], [3024.6, 3000.0], [3024.8, 3000.0], [3025.0, 3940.0], [3025.2, 4851.0], [3025.4, 4851.0], [3025.45, 18780.0], [3025.6, 24868.0], [3025.65, 8.0], [3025.8, 17785.0], [3025.85, 3002.0], [3025.9, 1858.0], [3026.0, 90.0], [3026.15, 1857.0], [3026.3, 1857.0], [3026.35, 2500.0]]}}}
{"jsonrpc": "2.0", "method": "subscription", "params": {"channel": "book.ETH-PERPETUAL.none.20.100ms", "data": {"timestamp": 1765984511483, "change_id": 101811017724, "instrument_name": "ETH-PERPETUAL", "bids": [[3024.3, 1394.0], [3024.2, 7162.0], [3024.15, 7244.0], [3024.0, 11681.0], [3023.95, 20000.0], [3023.9, 22880.0], [3023.85, 6398.0], [3023.8, 3600.0], [3023.75, 3000.0], [3023.7, 5000.0], [3023.65, 16.0], [3023.55, 4339.0], [3023.5, 6003.0], [3023.45, 387.0], [3023.4, 896.0], [3023.35, 8606.0], [3023.2, 1046.0], [3023.15, 3000.0], [3023.1, 1464.0], [3023.05, 1903.0]], "asks": [[3024.35, 5.0], [3025.0, 88.0], [3025.2, 3000.0], [3025.25, 951.0], [3025.4, 4851.0], [3025.6, 4858.0], [3025.65, 8.0], [3025.75, 18780.0], [3025.8, 3000.0], [3025.9, 1858.0], [3026.0, 90.0], [3026.05, 3000.0], [3026.15, 1857.0], [3026.25, 20787.0], [3026.3, 1857.0], [3026.45, 20010.0], [3026.55, 1881.0], [3026.7, 13397.0], [3027.0, 1881.0], [3027.2, 1881.0]]}}}
{"jsonrpc": "2.0", "method": "subscription", "params": {"channel": "book.ETH-PERPETUAL.none.20.100ms", "data": {"timestamp": 1765984511883, "change_id": 101811019698, "instrument_name": "ETH-PERPETUAL", "bids": [[3024.95, 1394.0], [3024.4, 7461.0], [3024.35, 7994.0], [3024.3, 20000.0], [3024.15, 1903.0], [3024.1, 896.0], [3024.05, 3000.0], [3023.95, 8070.0], [3023.9, 18780.0], [3023.85, 2799.0], [3023.75, 3000.0], [3023.7, 900.0], [3023.65, 500.0], [3023.55, 4563.0], [3023.5, 4403.0], [3023.4, 896.0], [3023.35, 3000.0], [3023.25, 1903.0], [3023.2, 5970.0], [3023.15, 20383.0]], "asks": [[3025.0, 88.0], [3025.3, 4100.0], [3025.35, 3000.0], [3025.55, 951.0], [3025.6, 1858.0], [3025.65, 8.0], [3025.75, 3000.0], [3025.9, 1858.0], [3026.0, 90.0], [3026.1, 3000.0], [3026.15, 1857.0], [3026.3, 4857.0], [3026.35, 18780.0], [3026.55, 1881.0], [3026.6, 3000.0], [3026.65, 20010.0], [3026.7, 13397.0], [3027.0, 4881.0], [3027.2, 1881.0], [3027.25, 995.0]]}}}
{"jsonrpc": "2.0", "method": "subscription", "params": {"channel": "book.ETH-PERPETUAL.none.20.100ms", "data": {"timestamp": 1765984512216, "change_id": 101811020445, "instrument_name": "ETH-PERPETUAL", "bids": [[3024.45, 1394.0], [3024.4, 896.0], [3024.1, 896.0], [3024.05, 6600.0], [3023.95, 8054.0], [3023.85, 2799.0], [3023.75, 3000.0], [3023.7, 900.0], [3023.65, 400.0], [3023.55, 5259.0], [3023.5, 4403.0], [3023.4, 2095.0], [3023.35, 3000.0], [3023.3, 2500.0], [3023.25, 1903.0], [3023.2, 5970.0], [3023.15, 20383.0], [3023.1, 6579.0], [3023.05, 1903.0], [3023.0, 2998.0]], "asks": [[3024.85, 5407.0], [3024.9, 5407.0], [3024.95, 7100.0], [3025.0, 407.0], [3025.3, 4100.0], [3025.35, 3000.0], [3025.55, 951.0], [3025.6, 1858.0], [3025.65, 8.0], [3025.75, 21780.0], [3025.85, 1487.0], [3025.9, 1858.0], [3026.0, 90.0], [3026.1, 3000.0], [3026.15, 1857.0], [3026.25, 2000.0], [3026.3, 4857.0], [3026.5, 3002.0], [3026.55, 21891.0], [3026.6, 3000.0]]}}}
{"jsonrpc": "2.0", "method": "subscription", "params": {"channel": "book.ETH-PERPETUAL.none.20.100ms", "data": {"timestamp": 1765984512542, "change_id": 101811022384, "instrument_name": "ETH-PERPETUAL", "bids": [[3024.95, 5000.0], [3024.75, 1075.0], [3024.7, 3600.0], [3024.55, 10995.0], [3024.5, 24100.0], [3024.45, 100.0], [3024.35, 896.0], [3024.3, 3000.0], [3024.25, 16.0], [3024.1, 9607.0], [3024.05, 3945.0], [3024.0, 18780.0], [3023.85, 2799.0], [3023.75, 3000.0], [3023.7, 900.0], [3023.65, 400.0], [3023.55, 4314.0], [3023.5, 4403.0], [3023.4, 2095.0], [3023.35, 3000.0]], "asks": [[3025.0, 525.0], [3025.3, 4100.0], [3025.65, 8.0], [3025.75, 3000.0], [3025.9, 1858.0], [3026.0, 90.0], [3026.1, 3000.0], [3026.15, 1857.0], [3026.3, 4857.0], [3026.45, 18780.0], [3026.55, 1881.0], [3026.6, 3000.0], [3026.7, 13397.0], [3026.8, 20010.0], [3026.95, 20787.0], [3027.0, 4881.0], [3027.2, 1881.0], [3027.25, 995.0], [3027.35, 4802.0], [3027.4, 1883.0]]}}}
{"jsonrpc": "2.0", "method": "subscription", "params": {"channel": "book.ETH-PERPETUAL.none.20.100ms", "data": {"timestamp": 1765984512877, "change_id": 101811023123, "instrument_name": "ETH-PERPETUAL", "bids": [[3024.95, 1600.0], [3024.45, 100.0], [3024.35, 896.0], [3024.3, 3000.0], [3024.25, 1075.0], [3024.2, 3600.0], [3024.1, 3082.0], [3024.05, 3945.0], [3023.85, 21595.0], [3023.75, 3000.0], [3023.7, 900.0], [3023.65, 400.0], [3023.55, 4314.0], [3023.5, 4403.0], [3023.4, 2095.0], [3023.35, 3000.0], [3023.3, 2500.0], [3023.25, 1903.0], [3023.2, 896.0], [3023.15, 3000.0]], "asks": [[3025.0, 1387.0], [3025.05, 9.0], [3025.25, 2.0], [3025.4, 2.0], [3025.45, 3000.0], [3025.65, 3.0], [3025.75, 3000.0], [3025.9, 2810.0], [3026.0, 90.0], [3026.1, 3000.0], [3026.15, 1857.0], [3026.25, 3001.0], [3026.3, 4857.0], [3026.35, 1487.0], [3026.5, 2000.0], [3026.55, 21891.0], [3026.6, 3000.0], [3026.65, 17785.0], [3026.7, 13384.0], [3027.0, 4881.0]]}}}
{"jsonrpc": "2.0", "method": "subscription", "params": {"channel": "book.ETH-PERPETUAL.none.20.100ms", "data": {"timestamp": 1765984513200, "change_id": 101811024051, "instrument_name": "ETH-PERPETUAL", "bids": [[3024.65, 1394.0], [3024.55, 1.0], [3024.45, 100.0], [3024.35, 896.0], [3024.3, 3000.0], [3024.25, 1075.0], [3024.2, 3600.0], [3024.15, 13322.0], [3024.1, 20684.0], [3024.05, 23945.0], [3023.85, 2815.0], [3023.75, 3000.0], [3023.7, 900.0], [3023.65, 400.0], [3023.55, 3000.0], [3023.5, 1903.0], [3023.4, 2244.0], [3023.35, 3000.0], [3023.25, 4901.0], [3023.2, 896.0]], "asks": [[3024.7, 1307.0], [3025.25, 2.0], [3025.4, 2.0], [3025.45, 3000.0], [3025.65, 4909.0], [3025.85, 3000.0], [3025.9, 2813.0], [3026.0, 90.0], [3026.1, 3000.0], [3026.15, 1857.0], [3026.3, 4862.0], [3026.5, 3002.0], [3026.55, 21891.0], [3026.6, 3000.0], [3026.65, 17785.0], [3026.7, 1886.0], [3027.0, 4881.0], [3027.2, 1881.0], [3027.25, 995.0], [3027.35, 8.0]]}}}
