{"jsonrpc": "2.0", "id": 1, "result": ["book.ETH-PERPETUAL.none.20.100ms"], "usIn": 1764896071433814, "usOut": 1764896071434142, "usDiff": 328, "testnet": false}
{"jsonrpc": "2.0", "method": "subscription", "params": {"channel": "book.ETH-PERPETUAL.none.20.100ms", "data": {"timestamp": 1764896071430, "change_id": 100103929610, "instrument_name": "ETH-PERPETUAL", "bids": [[3148.85, 1514.0], [3148.8, 5000.0], [3148.65, 20619.0], [3148.55, 1940.0], [3148.5, 10783.0], [3148.45, 9000.0], [3148.4, 6500.0], [3148.35, 8035.0], [3148.3, 25000.0], [3148.25, 1919.0], [3148.2, 5154.0], [3148.1, 9000.0], [3148.05, 12738.0], [3148.0, 9491.0], [3147.95, 1922.0], [3147.9, 1315.0], [3147.85, 200.0], [3147.8, 1139.0], [3147.75, 3817.0], [3147.7, 2687.0]], "asks": [[3148.9, 23808.0], [3148.95, 50000.0], [3149.25, 7624.0], [3149.3, 18108.0], [3149.4, 3082.0], [3149.45, 9000.0], [3149.55, 325.0], [3149.6, 7115.0], [3149.65, 3827.0], [3149.7, 20008.0], [3149.75, 10326.0], [3149.8, 19527.0], [3149.85, 12839.0], [3150.15, 3839.0], [3150.3, 3832.0], [3150.35, 12839.0], [3150.45, 1440.0], [3150.5, 985.0], [3150.55, 3839.0], [3150.6, 12092.0]]}}}
{"jsonrpc": "2.0", "method": "subscription", "params": {"channel": "book.ETH-PERPETUAL.none.20.100ms", "data": {"timestamp": 1764896071665, "change_id": 100103930035, "instrument_name": "ETH-PERPETUAL", "bids": [[3148.85, 1514.0], [3148.65, 20619.0], [3148.45, 9000.0], [3148.3, 25000.0], [3148.2, 5154.0], [3148.1, 9000.0], [3148.05, 12738.0], [3148.0, 9491.0], [3147.95, 3830.0], [3147.9, 1315.0], [3147.85, 200.0], [3147.8, 1139.0], [3147.75, 3817.0], [3147.7, 2687.0], [3147.65, 9000.0], [3147.55, 2035.0], [3147.5, 2999.0], [3147.45, 3817.0], [3147.4, 33.0], [3147.35, 3823.0]], "asks": [[3148.9, 74504.0], [3149.25, 10716.0], [3149.3, 18108.0], [3149.4, 23090.0], [3149.45, 9000.0], [3149.55, 7440.0], [3149.6, 17782.0], [3149.65, 3827.0], [3149.8, 325.0], [3149.85, 12839.0], [3150.0, 7080.0], [3150.05, 12946.0], [3150.1, 1146.0], [3150.15, 3839.0], [3150.3, 3832.0], [3150.35, 12839.0], [3150.45, 1440.0], [3150.55, 3839.0], [3150.6, 12092.0], [3150.75, 43065.0]]}}}
{"jsonrpc": "2.0", "method": "subscription", "params": {"channel": "book.ETH-PERPETUAL.none.20.100ms", "data": {"timestamp": 1764896071984, "change_id": 100103930221, "instrument_name": "ETH-PERPETUAL", "bids": [[3148.85, 1514.0], [3148.65, 20619.0], [3148.45, 9000.0], [3148.3, 25000.0], [3148.2, 3259.0], [3148.1, 9000.0], [3148.05, 4996.0], [3148.0, 9491.0], [3147.95, 3830.0], [3147.9, 1315.0], [3147.85, 3650.0], [3147.8, 7742.0], [3147.75, 3817.0], [3147.7, 2687.0], [3147.65, 9000.0], [3147.55, 2035.0], [3147.5, 2999.0], [3147.45, 3817.0], [3147.4, 33.0], [3147.35, 3823.0]], "asks": [[3148.9, 81513.0], [3149.25, 10716.0], [3149.3, 18108.0], [3149.4, 23090.0], [3149.45, 9000.0], [3149.55, 7440.0], [3149.6, 17782.0], [3149.65, 3827.0], [3149.8, 325.0], [3149.85, 12839.0], [3149.95, 985.0], [3150.0, 7080.0], [3150.05, 12946.0], [3150.1, 1146.0], [3150.15, 3839.0], [3150.3, 3832.0], [3150.35, 12839.0], [3150.45, 1440.0], [3150.55, 3839.0], [3150.6, 12092.0]]}}}
{"jsonrpc": "2.0", "method": "subscription", "params": {"channel": "book.ETH-PERPETUAL.none.20.100ms", "data": {"timestamp": 1764896072297, "change_id": 100103930612, "instrument_name": "ETH-PERPETUAL", "bids": [[3148.85, 1356.0], [3148.65, 20619.0], [3148.5, 5000.0], [3148.45, 9000.0], [3148.3, 25000.0], [3148.2, 3259.0], [3148.1, 9000.0], [3148.05, 4996.0], [3148.0, 9491.0], [3147.95, 3830.0], [3147.9, 1315.0], [3147.85, 3650.0], [3147.8, 7742.0], [3147.75, 3817.0], [3147.7, 2687.0], [3147.65, 9000.0], [3147.55, 2035.0], [3147.5, 2999.0], [3147.45, 3817.0], [3147.4, 33.0]], "asks": [[3148.9, 81786.0], [3149.25, 10687.0], [3149.3, 18108.0], [3149.4, 23090.0], [3149.45, 9000.0], [3149.55, 7440.0], [3149.6, 17782.0], [3149.65, 3827.0], [3149.75, 1420.0], [3149.8, 325.0], [3149.85, 12839.0], [3149.95, 985.0], [3150.0, 7080.0], [3150.05, 12946.0], [3150.1, 1146.0], [3150.15, 3839.0], [3150.3, 3832.0], [3150.35, 12839.0], [3150.45, 1440.0], [3150.55, 3839.0]]}}}
{"jsonrpc": "2.0", "method": "subscription", "params": {"channel": "book.ETH-PERPETUAL.none.20.100ms", "data": {"timestamp": 1764896072655, "change_id": 100103931144, "instrument_name": "ETH-PERPETUAL", "bids": [[3148.85, 1356.0], [3148.65, 20619.0], [3148.5, 5000.0], [3148.45, 9000.0], [3148.3, 25000.0], [3148.2, 3259.0], [3148.1, 9000.0], [3148.05, 4996.0], [3148.0, 9491.0], [3147.95, 3830.0], [3147.9, 1315.0], [3147.85, 3650.0], [3147.8, 7742.0], [3147.75, 3817.0], [3147.7, 2687.0], [3147.65, 9000.0], [3147.55, 2035.0], [3147.5, 2999.0], [3147.45, 3817.0], [3147.4, 33.0]], "asks": [[3148.9, 82535.0], [3149.25, 10687.0], [3149.3, 18108.0], [3149.4, 23090.0], [3149.45, 9000.0], [3149.55, 7440.0], [3149.6, 17782.0], [3149.65, 3827.0], [3149.75, 1420.0], [3149.8, 325.0], [3149.85, 12839.0], [3149.95, 985.0], [3150.0, 12090.0], [3150.05, 12946.0], [3150.15, 3839.0], [3150.3, 3832.0], [3150.35, 12839.0], [3150.45, 1440.0], [3150.55, 3839.0], [3150.6, 12092.0]]}}}
{"jsonrpc": "2.0", "method": "subscription", "params": {"channel": "book.ETH-PERPETUAL.none.20.100ms", "data": {"timestamp": 1764896072982, "change_id": 100103931691, "instrument_name": "ETH-PERPETUAL", "bids": [[3148.65, 20619.0], [3148.45, 9000.0], [3148.3, 25000.0], [3148.1, 9000.0], [3148.05, 3234.0], [3148.0, 5690.0], [3147.95, 3830.0], [3147.9, 3220.0], [3147.85, 3450.0], [3147.8, 7742.0], [3147.75, 3817.0], [3147.7, 2687.0], [3147.65, 9000.0], [3147.55, 1139.0], [3147.45, 3817.0], [3147.4, 3032.0], [3147.35, 3823.0], [3147.3, 12808.0], [3147.15, 1512.0], [3147.1, 3934.0]], "asks": [[3148.7, 89243.0], [3148.8, 8896.0], [3148.85, 12195.0], [3148.9, 17606.0], [3149.25, 10687.0], [3149.3, 18108.0], [3149.4, 23090.0], [3149.45, 9000.0], [3149.55, 7440.0], [3149.6, 17782.0], [3149.65, 3827.0], [3149.75, 1420.0], [3149.8, 325.0], [3149.85, 12839.0], [3149.95, 985.0], [3150.0, 12090.0], [3150.05, 12946.0], [3150.15, 3839.0], [3150.2, 32919.0], [3150.3, 3832.0]]}}}
{"jsonrpc": "2.0", "method": "subscription", "params": {"channel": "book.ETH-PERPETUAL.none.20.100ms", "data": {"timestamp": 1764896073318, "change_id": 100103932631, "instrument_name": "ETH-PERPETUAL", "bids": [[3148.65, 20619.0], [3148.1, 9000.0], [3148.0, 90.0], [3147.95, 25000.0], [3147.8, 1142.0], [3147.75, 5730.0], [3147.7, 5345.0], [3147.65, 16000.0], [3147.6, 3843.0], [3147.55, 9057.0], [3147.45, 3817.0], [3147.4, 33.0], [3147.35, 3823.0], [3147.3, 12808.0], [3147.15, 4511.0], [3147.1, 3934.0], [3147.0, 1167.0], [3146.95, 3908.0], [3146.85, 1173.0], [3146.75, 3929.0]], "asks": [[3148.7, 98192.0], [3148.75, 1290.0], [3148.8, 2772.0], [3148.85, 6500.0], [3148.9, 2787.0], [3149.1, 8799.0], [3149.2, 20008.0], [3149.25, 5405.0], [3149.35, 19202.0], [3149.4, 3082.0], [3149.45, 9000.0], [3149.55, 325.0], [3149.65, 3827.0], [3149.8, 325.0], [3149.85, 12839.0], [3149.95, 985.0], [3150.0, 12090.0], [3150.05, 12946.0], [3150.15, 3839.0], [3150.2, 32919.0]]}}}
{"jsonrpc": "2.0", "method": "subscription", "params": {"channel": "book.ETH-PERPETUAL.none.20.100ms", "data": {"timestamp": 1764896073629, "change_id": 100103933139, "instrument_name": "ETH-PERPETUAL", "bids": [[3148.65, 20619.0], [3148.15, 5000.0], [3148.1, 9000.0], [3148.0, 90.0], [3147.95, 25000.0], [3147.8, 1142.0], [3147.75, 5730.0], [3147.7, 5345.0], [3147.65, 16000.0], [3147.6, 3843.0], [3147.55, 9057.0], [3147.45, 3817.0], [3147.4, 33.0], [3147.35, 3823.0], [3147.3, 12808.0], [3147.2, 2999.0], [3147.15, 1512.0], [3147.1, 3934.0], [3147.0, 1167.0], [3146.95, 3908.0]], "asks": [[3148.7, 101564.0], [3148.8, 1940.0], [3148.85, 6500.0], [3149.1, 6725.0], [3149.15, 2070.0], [3149.2, 20008.0], [3149.25, 5405.0], [3149.35, 19202.0], [3149.4, 3082.0], [3149.45, 9000.0], [3149.55, 325.0], [3149.65, 3827.0], [3149.8, 325.0], [3149.85, 12839.0], [3149.95, 985.0], [3150.0, 7080.0], [3150.15, 13665.0], [3150.2, 32919.0], [3150.3, 3832.0], [3150.35, 12839.0]]}}}
{"jsonrpc": "2.0", "method": "subscription", "params": {"channel": "book.ETH-PERPETUAL.none.20.100ms", "data": {"timestamp": 1764896073977, "change_id": 100103933382, "instrument_name": "ETH-PERPETUAL", "bids": [[3148.65, 20238.0], [3148.15, 5000.0], [3148.1, 9000.0], [3148.0, 90.0], [3147.95, 25000.0], [3147.8, 1142.0], [3147.75, 5730.0], [3147.7, 5345.0], [3147.65, 16000.0], [3147.6, 3843.0], [3147.55, 9057.0], [3147.45, 3817.0], [3147.4, 33.0], [3147.35, 3823.0], [3147.3, 12808.0], [3147.15, 4511.0], [3147.1, 3934.0], [3147.0, 1167.0], [3146.95, 3908.0], [3146.85, 1173.0]], "asks": [[3148.7, 101143.0], [3148.8, 7097.0], [3148.85, 6500.0], [3148.9, 18106.0], [3149.05, 5972.0], [3149.1, 20008.0], [3149.15, 2070.0], [3149.25, 5405.0], [3149.35, 19202.0], [3149.4, 3082.0], [3149.45, 9000.0], [3149.55, 325.0], [3149.65, 3827.0], [3149.8, 325.0], [3149.85, 12839.0], [3149.95, 985.0], [3150.0, 7080.0], [3150.15, 13665.0], [3150.2, 32919.0], [3150.3, 3832.0]]}}}
{"jsonrpc": "2.0", "method": "subscription", "params": {"channel": "book.ETH-PERPETUAL.none.20.100ms", "data": {"timestamp": 1764896074300, "change_id": 100103933970, "instrument_name": "ETH-PERPETUAL", "bids": [[3148.65, 17357.0], [3148.15, 5000.0], [3148.1, 9000.0], [3148.0, 90.0], [3147.75, 14146.0], [3147.7, 25000.0], [3147.65, 19819.0], [3147.6, 4219.0], [3147.55, 1315.0], [3147.5, 7742.0], [3147.45, 5733.0], [3147.35, 3823.0], [3147.3, 12808.0], [3147.2, 2999.0], [3147.15, 1512.0], [3147.1, 3934.0], [3147.0, 1167.0], [3146.95, 3908.0], [3146.9, 38.0], [3146.85, 1173.0]], "asks": [[3148.7, 101749.0], [3148.8, 7097.0], [3148.85, 6500.0], [3148.9, 18106.0], [3149.0, 2687.0], [3149.05, 9000.0], [3149.15, 6145.0], [3149.2, 20222.0], [3149.25, 5405.0], [3149.35, 17782.0], [3149.4, 3082.0], [3149.45, 9000.0], [3149.55, 325.0], [3149.65, 3827.0], [3149.8, 325.0], [3149.85, 12839.0], [3149.95, 985.0], [3150.0, 7080.0], [3150.15, 13665.0], [3150.2, 32919.0]]}}}
{"jsonrpc": "2.0", "method": "subscription", "params": {"channel": "book.ETH-PERPETUAL.none.20.100ms", "data": {"timestamp": 1764896074617, "change_id": 100103934547, "instrument_name": "ETH-PERPETUAL", "bids": [[3148.65, 16913.0], [3148.15, 5000.0], [3148.1, 9000.0], [3148.0, 90.0], [3147.75, 14146.0], [3147.7, 25000.0], [3147.65, 19819.0], [3147.6, 4219.0], [3147.55, 1315.0], [3147.5, 7742.0], [3147.45, 3817.0], [3147.35, 3823.0], [3147.3, 12808.0], [3147.2, 2999.0], [3147.15, 1512.0], [3147.1, 3934.0], [3147.0, 1167.0], [3146.95, 3908.0], [3146.9, 38.0], [3146.85, 1173.0]], "asks": [[3148.7, 101542.0], [3148.8, 7097.0], [3148.85, 6500.0], [3148.9, 18106.0], [3149.0, 8315.0], [3149.05, 9000.0], [3149.1, 20008.0], [3149.3, 6728.0], [3149.35, 17782.0], [3149.4, 3082.0], [3149.45, 9000.0], [3149.55, 5238.0], [3149.6, 12631.0], [3149.65, 3827.0], [3149.8, 325.0], [3149.85, 12839.0], [3149.95, 985.0], [3150.0, 7080.0], [3150.15, 13665.0], [3150.2, 32919.0]]}}}
{"jsonrpc": "2.0", "method": "subscription", "params": {"channel": "book.ETH-PERPETUAL.none.20.100ms", "data": {"timestamp": 1764896074971, "change_id": 100103935157, "instrument_name": "ETH-PERPETUAL", "bids": [[3148.15, 30000.0], [3148.1, 9000.0], [3148.0, 90.0], [3147.8, 1137.0], [3147.75, 5726.0], [3147.7, 4776.0], [3147.65, 16000.0], [3147.6, 4219.0], [3147.55, 1315.0], [3147.5, 7742.0], [3147.45, 3817.0], [3147.35, 3823.0], [3147.3, 12808.0], [3147.2, 2999.0], [3147.15, 1512.0], [3147.1, 3934.0], [3147.0, 1167.0], [3146.95, 3908.0], [3146.9, 38.0], [3146.85, 1173.0]], "asks": [[3148.2, 82255.0], [3148.65, 3347.0], [3148.7, 11212.0], [3148.8, 7097.0], [3148.85, 6500.0], [3148.9, 18106.0], [3148.95, 14292.0], [3149.0, 20008.0], [3149.05, 9000.0], [3149.1, 18918.0], [3149.15, 3806.0], [3149.3, 1420.0], [3149.4, 3082.0], [3149.45, 12806.0], [3149.55, 4913.0], [3149.6, 12631.0], [3149.65, 3827.0], [3149.8, 3832.0], [3149.85, 12839.0], [3149.95, 3098.0]]}}}
{"jsonrpc": "2.0", "method": "subscription", "params": {"channel": "book.ETH-PERPETUAL.none.20.100ms", "data": {"timestamp": 1764896075280, "change_id": 100103935575, "instrument_name": "ETH-PERPETUAL", "bids": [[3148.15, 5000.0], [3148.1, 9000.0], [3148.0, 90.0], [3147.9, 25000.0], [3147.8, 1137.0], [3147.75, 5726.0], [3147.7, 11276.0], [3147.65, 16000.0], [3147.6, 4219.0], [3147.55, 1315.0], [3147.5, 7742.0], [3147.45, 3817.0], [3147.35, 3823.0], [3147.3, 12808.0], [3147.2, 2999.0], [3147.15, 1512.0], [3147.1, 3934.0], [3147.0, 1167.0], [3146.95, 3908.0], [3146.9, 38.0]], "asks": [[3148.2, 82100.0], [3148.65, 3347.0], [3148.7, 10343.0], [3148.8, 7097.0], [3148.85, 6500.0], [3148.9, 18106.0], [3148.95, 13185.0], [3149.05, 29008.0], [3149.1, 18918.0], [3149.15, 3806.0], [3149.3, 1420.0], [3149.4, 3082.0], [3149.45, 12806.0], [3149.55, 4913.0], [3149.6, 12631.0], [3149.65, 3827.0], [3149.8, 3832.0], [3149.85, 12839.0], [3149.95, 3098.0], [3150.0, 7080.0]]}}}
{"jsonrpc": "2.0", "method": "subscription", "params": {"channel": "book.ETH-PERPETUAL.none.20.100ms", "data": {"timestamp": 1764896075619, "change_id": 100103936077, "instrument_name": "ETH-PERPETUAL", "bids": [[3148.15, 5000.0], [3148.1, 9000.0], [3148.0, 90.0], [3147.9, 25000.0], [3147.8, 1137.0], [3147.75, 5726.0], [3147.7, 11276.0], [3147.65, 16000.0], [3147.6, 4219.0], [3147.55, 1315.0], [3147.5, 7742.0], [3147.45, 3817.0], [3147.35, 3823.0], [3147.3, 12808.0], [3147.2, 2999.0], [3147.15, 1512.0], [3147.1, 3934.0], [3147.0, 1167.0], [3146.95, 3908.0], [3146.9, 38.0]], "asks": [[3148.2, 82569.0], [3148.65, 3347.0], [3148.7, 10067.0], [3148.8, 7097.0], [3148.85, 6500.0], [3148.9, 18106.0], [3148.95, 13185.0], [3149.05, 29008.0], [3149.1, 18927.0], [3149.15, 3806.0], [3149.3, 1420.0], [3149.4, 3082.0], [3149.45, 12806.0], [3149.55, 1142.0], [3149.65, 3827.0], [3149.8, 3832.0], [3149.85, 12839.0], [3149.95, 3098.0], [3150.0, 7080.0], [3150.1, 1146.0]]}}}
{"jsonrpc": "2.0", "method": "subscription", "params": {"channel": "book.ETH-PERPETUAL.none.20.100ms", "data": {"timestamp": 1764896075960, "change_id": 100103936266, "instrument_name": "ETH-PERPETUAL", "bids": [[3148.15, 5000.0], [3148.1, 9000.0], [3148.0, 90.0], [3147.9, 25000.0], [3147.8, 1137.0], [3147.75, 5726.0], [3147.7, 4776.0], [3147.65, 16000.0], [3147.6, 4219.0], [3147.55, 1315.0], [3147.5, 7742.0], [3147.45, 3817.0], [3147.35, 3823.0], [3147.3, 12808.0], [3147.15, 4511.0], [3147.1, 3934.0], [3147.0, 1167.0], [3146.95, 3908.0], [3146.9, 38.0], [3146.85, 1173.0]], "asks": [[3148.2, 76712.0], [3148.65, 3347.0], [3148.7, 10025.0], [3148.8, 7097.0], [3148.85, 6500.0], [3148.9, 18106.0], [3148.95, 13185.0], [3149.05, 29179.0], [3149.1, 18918.0], [3149.15, 3806.0], [3149.3, 1420.0], [3149.4, 3082.0], [3149.45, 12806.0], [3149.55, 4772.0], [3149.6, 12650.0], [3149.65, 3827.0], [3149.8, 3832.0], [3149.85, 12839.0], [3149.95, 3098.0], [3150.0, 7080.0]]}}}
{"jsonrpc": "2.0", "method": "subscription", "params": {"channel": "book.ETH-PERPETUAL.none.20.100ms", "data": {"timestamp": 1764896076287, "change_id": 100103936753, "instrument_name": "ETH-PERPETUAL", "bids": [[3148.1, 9000.0], [3148.05, 5000.0], [3148.0, 90.0], [3147.9, 25000.0], [3147.7, 4776.0], [3147.65, 16000.0], [3147.6, 4219.0], [3147.55, 1315.0], [3147.5, 7742.0], [3147.45, 3817.0], [3147.35, 3823.0], [3147.3, 12808.0], [3147.25, 1467.0], [3147.2, 5721.0], [3147.15, 1512.0], [3147.1, 3934.0], [3147.05, 2999.0], [3147.0, 1167.0], [3146.95, 3908.0], [3146.9, 38.0]], "asks": [[3148.15, 31477.0], [3148.2, 58208.0], [3148.65, 3347.0], [3148.7, 10025.0], [3148.8, 7097.0], [3148.85, 6500.0], [3148.9, 18106.0], [3148.95, 16990.0], [3149.0, 395.0], [3149.05, 29008.0], [3149.1, 18918.0], [3149.15, 3806.0], [3149.3, 1420.0], [3149.4, 3082.0], [3149.45, 12806.0], [3149.55, 4772.0], [3149.6, 12650.0], [3149.65, 3827.0], [3149.8, 3832.0], [3149.85, 12839.0]]}}}
{"jsonrpc": "2.0", "method": "subscription", "params": {"channel": "book.ETH-PERPETUAL.none.20.100ms", "data": {"timestamp": 1764896076619, "change_id": 100103937283, "instrument_name": "ETH-PERPETUAL", "bids": [[3148.1, 9000.0], [3148.0, 90.0], [3147.9, 25000.0], [3147.7, 4776.0], [3147.65, 16000.0], [3147.6, 4219.0], [3147.55, 1315.0], [3147.5, 7742.0], [3147.45, 3817.0], [3147.35, 3823.0], [3147.3, 12808.0], [3147.25, 1467.0], [3147.2, 5721.0], [3147.15, 1512.0], [3147.1, 3934.0], [3147.05, 2999.0], [3147.0, 1167.0], [3146.95, 3908.0], [3146.9, 38.0], [3146.85, 1173.0]], "asks": [[3148.15, 32823.0], [3148.2, 56542.0], [3148.65, 3347.0], [3148.7, 10025.0], [3148.8, 7097.0], [3148.85, 6500.0], [3148.9, 18106.0], [3148.95, 12789.0], [3149.0, 521.0], [3149.05, 29008.0], [3149.1, 1136.0], [3149.15, 3806.0], [3149.3, 6728.0], [3149.35, 17782.0], [3149.4, 3082.0], [3149.45, 12806.0], [3149.55, 4772.0], [3149.6, 12650.0], [3149.65, 3827.0], [3149.8, 3832.0]]}}}
{"jsonrpc": "2.0", "method": "subscription", "params": {"channel": "book.ETH-PERPETUAL.none.20.100ms", "data": {"timestamp": 1764896076949, "change_id": 100103937435, "instrument_name": "ETH-PERPETUAL", "bids": [[3148.1, 9000.0], [3148.0, 90.0], [3147.9, 25000.0], [3147.7, 4776.0], [3147.65, 16000.0], [3147.6, 4219.0], [3147.55, 1315.0], [3147.5, 7742.0], [3147.45, 3817.0], [3147.35, 3823.0], [3147.3, 12808.0], [3147.25, 1467.0], [3147.2, 5721.0], [3147.15, 1512.0], [3147.1, 3934.0], [3147.05, 2999.0], [3147.0, 1167.0], [3146.95, 3908.0], [3146.9, 38.0], [3146.85, 1173.0]], "asks": [[3148.15, 32553.0], [3148.2, 50042.0], [3148.65, 3347.0], [3148.7, 10025.0], [3148.8, 7097.0], [3148.85, 6500.0], [3148.9, 18106.0], [3148.95, 12789.0], [3149.0, 521.0], [3149.05, 9000.0], [3149.1, 21144.0], [3149.15, 3806.0], [3149.3, 6728.0], [3149.35, 17782.0], [3149.4, 3082.0], [3149.45, 12806.0], [3149.55, 4772.0], [3149.6, 12650.0], [3149.65, 3827.0], [3149.8, 3832.0]]}}}
{"jsonrpc": "2.0", "method": "subscription", "params": {"channel": "book.ETH-PERPETUAL.none.20.100ms", "data": {"timestamp": 1764896077279, "change_id": 100103937855, "instrument_name": "ETH-PERPETUAL", "bids": [[3148.1, 14000.0], [3148.0, 90.0], [3147.95, 7463.0], [3147.9, 25000.0], [3147.7, 4776.0], [3147.65, 16000.0], [3147.6, 4219.0], [3147.55, 1315.0], [3147.5, 7742.0], [3147.45, 3817.0], [3147.35, 3823.0], [3147.3, 12808.0], [3147.25, 1467.0], [3147.2, 5721.0], [3147.15, 4511.0], [3147.1, 3934.0], [3147.0, 1167.0], [3146.95, 3908.0], [3146.9, 38.0], [3146.85, 1173.0]], "asks": [[3148.15, 31999.0], [3148.2, 50042.0], [3148.3, 330.0], [3148.65, 3347.0], [3148.7, 10025.0], [3148.8, 7097.0], [3148.85, 6500.0], [3148.9, 18106.0], [3148.95, 12789.0], [3149.05, 9000.0], [3149.1, 21144.0], [3149.15, 3806.0], [3149.3, 6728.0], [3149.35, 17782.0], [3149.4, 3082.0], [3149.45, 12806.0], [3149.55, 4772.0], [3149.6, 12650.0], [3149.65, 3827.0], [3149.8, 3832.0]]}}}
{"jsonrpc": "2.0", "method": "subscription", "params": {"channel": "book.ETH-PERPETUAL.none.20.100ms", "data": {"timestamp": 1764896077536, "change_id": 100103938297, "instrument_name": "ETH-PERPETUAL", "bids": [[3148.1, 14000.0], [3148.0, 90.0], [3147.9, 25000.0], [3147.7, 4776.0], [3147.65, 16000.0], [3147.6, 4219.0], [3147.55, 1315.0], [3147.5, 7742.0], [3147.45, 3817.0], [3147.35, 3823.0], [3147.3, 12808.0], [3147.25, 1467.0], [3147.2, 5721.0], [3147.15, 4511.0], [3147.1, 3934.0], [3147.0, 1167.0], [3146.95, 3908.0], [3146.9, 38.0], [3146.85, 1173.0], [3146.75, 3929.0]], "asks": [[3148.15, 31996.0], [3148.2, 50042.0], [3148.3, 330.0], [3148.65, 3347.0], [3148.7, 10025.0], [3148.8, 7097.0], [3148.85, 6500.0], [3148.9, 18106.0], [3148.95, 4130.0], [3149.0, 8315.0], [3149.05, 9000.0], [3149.1, 21144.0], [3149.15, 3806.0], [3149.3, 6728.0], [3149.35, 17782.0], [3149.4, 3082.0], [3149.45, 12806.0], [3149.55, 4772.0], [3149.6, 12650.0], [3149.65, 3827.0]]}}}
{"jsonrpc": "2.0", "method": "subscription", "params": {"channel": "book.ETH-PERPETUAL.none.20.100ms", "data": {"timestamp": 1764896077941, "change_id": 100103938534, "instrument_name": "ETH-PERPETUAL", "bids": [[3148.1, 39000.0], [3148.0, 90.0], [3147.7, 4776.0], [3147.65, 16000.0], [3147.6, 4219.0], [3147.55, 1315.0], [3147.5, 7742.0], [3147.45, 3817.0], [3147.35, 3823.0], [3147.3, 12808.0], [3147.25, 1467.0], [3147.2, 8720.0], [3147.15, 1512.0], [3147.1, 3934.0], [3147.0, 1167.0], [3146.95, 3908.0], [3146.9, 38.0], [3146.85, 1173.0], [3146.75, 3929.0], [3146.7, 3869.0]], "asks": [[3148.15, 31942.0], [3148.2, 50042.0], [3148.65, 3347.0], [3148.7, 10025.0], [3148.8, 7097.0], [3148.85, 6500.0], [3148.9, 18106.0], [3148.95, 4130.0], [3149.0, 2687.0], [3149.05, 9000.0], [3149.1, 6963.0], [3149.15, 3806.0], [3149.25, 20008.0], [3149.3, 6728.0], [3149.35, 17782.0], [3149.4, 3082.0], [3149.45, 12806.0], [3149.55, 1142.0], [3149.65, 3827.0], [3149.8, 3832.0]]}}}
{"jsonrpc": "2.0", "method": "subscription", "params": {"channel": "book.ETH-PERPETUAL.none.20.100ms", "data": {"timestamp": 1764896078260, "change_id": 100103938920, "instrument_name": "ETH-PERPETUAL", "bids": [[3148.1, 39000.0], [3148.0, 90.0], [3147.7, 11276.0], [3147.65, 16000.0], [3147.6, 4219.0], [3147.55, 1315.0], [3147.5, 7742.0], [3147.45, 3817.0], [3147.35, 3823.0], [3147.3, 12808.0], [3147.2, 8720.0], [3147.15, 1512.0], [3147.1, 3934.0], [3147.0, 1167.0], [3146.95, 3908.0], [3146.9, 38.0], [3146.85, 1173.0], [3146.75, 3929.0], [3146.7, 3869.0], [3146.65, 9000.0]], "asks": [[3148.15, 31991.0], [3148.2, 50000.0], [3148.65, 3347.0], [3148.7, 10025.0], [3148.8, 7097.0], [3148.85, 6500.0], [3148.9, 18106.0], [3148.95, 4130.0], [3149.0, 2687.0], [3149.05, 9000.0], [3149.1, 6963.0], [3149.15, 3806.0], [3149.25, 20008.0], [3149.3, 6728.0], [3149.35, 17782.0], [3149.4, 3082.0], [3149.45, 12806.0], [3149.55, 13871.0], [3149.65, 3827.0], [3149.8, 3832.0]]}}}
{"jsonrpc": "2.0", "method": "subscription", "params": {"channel": "book.ETH-PERPETUAL.none.20.100ms", "data": {"timestamp": 1764896078607, "change_id": 100103939524, "instrument_name": "ETH-PERPETUAL", "bids": [[3148.1, 14000.0], [3148.0, 90.0], [3147.9, 7463.0], [3147.85, 25000.0], [3147.7, 4776.0], [3147.65, 16000.0], [3147.6, 4219.0], [3147.55, 1315.0], [3147.5, 7742.0], [3147.45, 3817.0], [3147.35, 3823.0], [3147.3, 12808.0], [3147.25, 2603.0], [3147.2, 8720.0], [3147.15, 1512.0], [3147.1, 3934.0], [3147.0, 1167.0], [3146.95, 3908.0], [3146.9, 38.0], [3146.85, 1173.0]], "asks": [[3148.15, 31640.0], [3148.2, 50000.0], [3148.65, 3347.0], [3148.7, 10025.0], [3148.8, 7097.0], [3148.85, 6500.0], [3148.9, 18106.0], [3148.95, 4130.0], [3149.0, 2687.0], [3149.05, 9000.0], [3149.1, 21144.0], [3149.15, 3806.0], [3149.3, 1420.0], [3149.35, 17782.0], [3149.4, 3082.0], [3149.45, 12806.0], [3149.55, 13871.0], [3149.65, 3827.0], [3149.8, 3832.0], [3149.85, 12839.0]]}}}
{"jsonrpc": "2.0", "method": "subscription", "params": {"channel": "book.ETH-PERPETUAL.none.20.100ms", "data": {"timestamp": 1764896078921, "change_id": 100103939581, "instrument_name": "ETH-PERPETUAL", "bids": [[3148.1, 14000.0], [3148.0, 90.0], [3147.9, 7463.0], [3147.85, 25000.0], [3147.7, 4776.0], [3147.65, 16000.0], [3147.6, 4219.0], [3147.55, 1315.0], [3147.5, 7742.0], [3147.45, 3817.0], [3147.35, 3823.0], [3147.3, 12808.0], [3147.25, 2603.0], [3147.2, 8720.0], [3147.15, 1512.0], [3147.1, 3934.0], [3147.0, 1167.0], [3146.95, 3908.0], [3146.9, 38.0], [3146.85, 1173.0]], "asks": [[3148.15, 31964.0], [3148.2, 50000.0], [3148.65, 3347.0], [3148.7, 10025.0], [3148.8, 7097.0], [3148.85, 6500.0], [3148.9, 18106.0], [3148.95, 4130.0], [3149.0, 2687.0], [3149.05, 9000.0], [3149.1, 1136.0], [3149.15, 3806.0], [3149.3, 21428.0], [3149.35, 17782.0], [3149.4, 3082.0], [3149.45, 12806.0], [3149.55, 13871.0], [3149.65, 3827.0], [3149.8, 3832.0], [3149.85, 12839.0]]}}}
{"jsonrpc": "2.0", "method": "subscription", "params": {"channel": "book.ETH-PERPETUAL.none.20.100ms", "data": {"timestamp": 1764896079230, "change_id": 100103940030, "instrument_name": "ETH-PERPETUAL", "bids": [[3148.1, 14000.0], [3148.0, 90.0], [3147.85, 7463.0], [3147.8, 25000.0], [3147.7, 11276.0], [3147.65, 16000.0], [3147.6, 4219.0], [3147.55, 1315.0], [3147.5, 7742.0], [3147.45, 3817.0], [3147.35, 3823.0], [3147.3, 15411.0], [3147.2, 8720.0], [3147.15, 1512.0], [3147.1, 3934.0], [3147.0, 1167.0], [3146.95, 3908.0], [3146.9, 38.0], [3146.85, 1173.0], [3146.75, 3929.0]], "asks": [[3148.15, 31553.0], [3148.2, 50000.0], [3148.65, 3347.0], [3148.7, 10025.0], [3148.8, 7097.0], [3148.85, 6500.0], [3148.9, 18106.0], [3148.95, 4130.0], [3149.0, 2687.0], [3149.05, 9000.0], [3149.1, 1136.0], [3149.15, 3806.0], [3149.3, 21428.0], [3149.35, 17782.0], [3149.4, 3082.0], [3149.45, 12806.0], [3149.55, 13871.0], [3149.65, 3827.0], [3149.8, 3832.0], [3149.85, 12839.0]]}}}
{"jsonrpc": "2.0", "method": "subscription", "params": {"channel": "book.ETH-PERPETUAL.none.20.100ms", "data": {"timestamp": 1764896079498, "change_id": 100103940569, "instrument_name": "ETH-PERPETUAL", "bids": [[3148.1, 14000.0], [3148.0, 90.0], [3147.85, 7463.0], [3147.8, 25000.0], [3147.7, 4776.0], [3147.65, 16000.0], [3147.6, 4219.0], [3147.55, 1315.0], [3147.5, 7742.0], [3147.45, 3817.0], [3147.35, 3823.0], [3147.3, 15411.0], [3147.2, 8720.0], [3147.15, 1512.0], [3147.1, 5221.0], [3147.0, 1167.0], [3146.95, 3908.0], [3146.9, 38.0], [3146.85, 1173.0], [3146.75, 3929.0]], "asks": [[3148.15, 31613.0], [3148.2, 50000.0], [3148.65, 3347.0], [3148.7, 10025.0], [3148.8, 7097.0], [3148.85, 6500.0], [3148.9, 18106.0], [3148.95, 4130.0], [3149.0, 2687.0], [3149.05, 9000.0], [3149.1, 21144.0], [3149.15, 3806.0], [3149.3, 1420.0], [3149.35, 17782.0], [3149.4, 3082.0], [3149.45, 12806.0], [3149.55, 13871.0], [3149.65, 3827.0], [3149.8, 3832.0], [3149.85, 12839.0]]}}}
{"jsonrpc": "2.0", "method": "subscription", "params": {"channel": "book.ETH-PERPETUAL.none.20.100ms", "data": {"timestamp": 1764896079930, "change_id": 100103940660, "instrument_name": "ETH-PERPETUAL", "bids": [[3148.1, 14000.0], [3148.0, 90.0], [3147.85, 7463.0], [3147.8, 25000.0], [3147.7, 4776.0], [3147.65, 22500.0], [3147.6, 4219.0], [3147.55, 1315.0], [3147.5, 7742.0], [3147.45, 3817.0], [3147.35, 3823.0], [3147.3, 15411.0], [3147.2, 8720.0], [3147.15, 1512.0], [3147.1, 5221.0], [3147.0, 1167.0], [3146.95, 3908.0], [3146.9, 38.0], [3146.85, 1173.0], [3146.75, 3929.0]], "asks": [[3148.15, 32064.0], [3148.2, 50000.0], [3148.65, 3347.0], [3148.7, 10025.0], [3148.8, 7097.0], [3148.85, 6500.0], [3148.9, 18106.0], [3148.95, 4130.0], [3149.0, 8315.0], [3149.05, 9000.0], [3149.1, 21144.0], [3149.15, 3806.0], [3149.3, 1420.0], [3149.35, 17782.0], [3149.4, 3082.0], [3149.45, 12806.0], [3149.55, 13871.0], [3149.6, 1063.0], [3149.65, 3827.0], [3149.8, 3832.0]]}}}
{"jsonrpc": "2.0", "method": "subscription", "params": {"channel": "book.ETH-PERPETUAL.none.20.100ms", "data": {"timestamp": 1764896080165, "change_id": 100103941073, "instrument_name": "ETH-PERPETUAL", "bids": [[3148.1, 14000.0], [3148.0, 90.0], [3147.85, 7463.0], [3147.8, 25000.0], [3147.7, 4776.0], [3147.65, 16000.0], [3147.6, 4219.0], [3147.55, 1315.0], [3147.5, 7742.0], [3147.45, 3817.0], [3147.35, 3823.0], [3147.3, 12808.0], [3147.25, 2603.0], [3147.2, 5721.0], [3147.15, 4511.0], [3147.1, 5221.0], [3147.0, 1167.0], [3146.95, 3908.0], [3146.9, 38.0], [3146.85, 1173.0]], "asks": [[3148.15, 32079.0], [3148.2, 50000.0], [3148.65, 3347.0], [3148.7, 10025.0], [3148.8, 7097.0], [3148.85, 6500.0], [3148.9, 18106.0], [3148.95, 4130.0], [3149.0, 8315.0], [3149.05, 9000.0], [3149.1, 21144.0], [3149.15, 3806.0], [3149.3, 1420.0], [3149.35, 17782.0], [3149.4, 3082.0], [3149.45, 12806.0], [3149.55, 1142.0], [3149.6, 1063.0], [3149.65, 3827.0], [3149.8, 3832.0]]}}}
{"jsonrpc": "2.0", "method": "subscription", "params": {"channel": "book.ETH-PERPETUAL.none.20.100ms", "data": {"timestamp": 1764896080534, "change_id": 100103941604, "instrument_name": "ETH-PERPETUAL", "bids": [[3148.1, 14000.0], [3148.0, 90.0], [3147.85, 7463.0], [3147.8, 25000.0], [3147.7, 4776.0], [3147.65, 16000.0], [3147.6, 4219.0], [3147.55, 1315.0], [3147.5, 7742.0], [3147.45, 3817.0], [3147.35, 3823.0], [3147.3, 12808.0], [3147.25, 2603.0], [3147.2, 5721.0], [3147.15, 4511.0], [3147.1, 5221.0], [3147.0, 1167.0], [3146.95, 3908.0], [3146.9, 38.0], [3146.85, 1173.0]], "asks": [[3148.15, 32152.0], [3148.2, 50000.0], [3148.65, 3347.0], [3148.7, 10025.0], [3148.8, 7097.0], [3148.85, 6500.0], [3148.9, 18106.0], [3148.95, 4130.0], [3149.0, 2687.0], [3149.05, 9000.0], [3149.1, 21144.0], [3149.15, 3806.0], [3149.3, 1420.0], [3149.35, 17782.0], [3149.4, 3082.0], [3149.45, 12806.0], [3149.5, 12297.0], [3149.55, 1142.0], [3149.6, 1063.0], [3149.65, 3827.0]]}}}
{"jsonrpc": "2.0", "method": "subscription", "params": {"channel": "book.ETH-PERPETUAL.none.20.100ms", "data": {"timestamp": 1764896080907, "change_id": 100103941686, "instrument_name": "ETH-PERPETUAL", "bids": [[3148.1, 14000.0], [3148.0, 90.0], [3147.85, 7463.0], [3147.8, 25000.0], [3147.7, 4776.0], [3147.65, 16000.0], [3147.6, 4219.0], [3147.55, 1315.0], [3147.5, 7742.0], [3147.45, 3817.0], [3147.35, 3823.0], [3147.3, 12808.0], [3147.25, 2603.0], [3147.2, 5721.0], [3147.15, 4511.0], [3147.1, 5221.0], [3147.0, 1167.0], [3146.95, 3908.0], [3146.9, 38.0], [3146.85, 1173.0]], "asks": [[3148.15, 32154.0], [3148.2, 50000.0], [3148.65, 3347.0], [3148.7, 10025.0], [3148.8, 7097.0], [3148.85, 6500.0], [3148.9, 18106.0], [3148.95, 4130.0], [3149.0, 8315.0], [3149.05, 9000.0], [3149.1, 21144.0], [3149.15, 3806.0], [3149.3, 1420.0], [3149.35, 17782.0], [3149.4, 3082.0], [3149.45, 12806.0], [3149.5, 12297.0], [3149.55, 1142.0], [3149.6, 1063.0], [3149.65, 3827.0]]}}}
{"jsonrpc": "2.0", "method": "subscription", "params": {"channel": "book.ETH-PERPETUAL.none.20.100ms", "data": {"timestamp": 1764896081250, "change_id": 100103942065, "instrument_name": "ETH-PERPETUAL", "bids": [[3148.1, 14001.0], [3148.0, 90.0], [3147.85, 7463.0], [3147.8, 25000.0], [3147.7, 4776.0], [3147.65, 16000.0], [3147.6, 4219.0], [3147.55, 1315.0], [3147.5, 7742.0], [3147.45, 3817.0], [3147.35, 3823.0], [3147.3, 12808.0], [3147.25, 1708.0], [3147.2, 5721.0], [3147.15, 4511.0], [3147.1, 5221.0], [3147.0, 1167.0], [3146.95, 3908.0], [3146.9, 38.0], [3146.85, 1173.0]], "asks": [[3148.15, 32164.0], [3148.2, 50000.0], [3148.65, 3347.0], [3148.7, 10025.0], [3148.8, 7097.0], [3148.85, 6500.0], [3148.9, 18106.0], [3148.95, 4130.0], [3149.0, 8315.0], [3149.05, 9000.0], [3149.1, 21144.0], [3149.15, 3806.0], [3149.3, 1420.0], [3149.35, 17782.0], [3149.4, 3082.0], [3149.45, 12806.0], [3149.5, 12297.0], [3149.55, 1142.0], [3149.6, 1063.0], [3149.65, 3827.0]]}}}
{"jsonrpc": "2.0", "method": "subscription", "params": {"channel": "book.ETH-PERPETUAL.none.20.100ms", "data": {"timestamp": 1764896081564, "change_id": 100103942585, "instrument_name": "ETH-PERPETUAL", "bids": [[3148.1, 14001.0], [3148.0, 90.0], [3147.85, 7463.0], [3147.8, 25000.0], [3147.7, 4776.0], [3147.65, 16000.0], [3147.6, 4219.0], [3147.55, 1315.0], [3147.5, 7742.0], [3147.45, 3817.0], [3147.35, 3823.0], [3147.3, 12808.0], [3147.25, 1708.0], [3147.2, 5721.0], [3147.15, 4511.0], [3147.1, 5221.0], [3147.0, 1167.0], [3146.95, 3908.0], [3146.9, 38.0], [3146.85, 1173.0]], "asks": [[3148.15, 31752.0], [3148.2, 50000.0], [3148.65, 3347.0], [3148.7, 10025.0], [3148.8, 7097.0], [3148.85, 6500.0], [3148.9, 18106.0], [3148.95, 4130.0], [3149.0, 8315.0], [3149.05, 9000.0], [3149.1, 21144.0], [3149.15, 3806.0], [3149.3, 1420.0], [3149.35, 17782.0], [3149.4, 3082.0], [3149.45, 12806.0], [3149.5, 12297.0], [3149.55, 1142.0], [3149.6, 1063.0], [3149.65, 3827.0]]}}}
{"jsonrpc": "2.0", "method": "subscription", "params": {"channel": "book.ETH-PERPETUAL.none.20.100ms", "data": {"timestamp": 1764896081908, "change_id": 100103942870, "instrument_name": "ETH-PERPETUAL", "bids": [[3148.1, 51682.0], [3148.0, 90.0], [3147.7, 11276.0], [3147.65, 16000.0], [3147.6, 4219.0], [3147.55, 1315.0], [3147.5, 7742.0], [3147.45, 3817.0], [3147.4, 2999.0], [3147.35, 3823.0], [3147.3, 12808.0], [3147.25, 1708.0], [3147.2, 5721.0], [3147.15, 1512.0], [3147.1, 5221.0], [3147.0, 1167.0], [3146.95, 3908.0], [3146.9, 38.0], [3146.85, 1173.0], [3146.75, 3929.0]], "asks": [[3148.15, 4268.0], [3148.3, 6500.0], [3148.35, 7742.0], [3148.45, 12655.0], [3148.5, 50000.0], [3148.7, 2283.0], [3148.8, 9940.0], [3148.85, 6500.0], [3148.9, 18106.0], [3148.95, 4130.0], [3149.0, 2687.0], [3149.05, 9000.0], [3149.1, 1136.0], [3149.15, 3806.0], [3149.25, 11704.0], [3149.3, 21428.0], [3149.35, 17782.0], [3149.4, 3082.0], [3149.45, 12806.0], [3149.5, 12297.0]]}}}
{"jsonrpc": "2.0", "method": "subscription", "params": {"channel": "book.ETH-PERPETUAL.none.20.100ms", "data": {"timestamp": 1764896082243, "change_id": 100103943303, "instrument_name": "ETH-PERPETUAL", "bids": [[3148.1, 39001.0], [3148.0, 90.0], [3147.7, 11276.0], [3147.65, 16000.0], [3147.6, 4219.0], [3147.55, 1315.0], [3147.5, 7742.0], [3147.45, 3817.0], [3147.4, 2999.0], [3147.35, 3823.0], [3147.3, 12808.0], [3147.25, 1746.0], [3147.2, 5721.0], [3147.15, 1512.0], [3147.1, 5221.0], [3147.0, 1167.0], [3146.95, 3908.0], [3146.85, 1173.0], [3146.75, 3929.0], [3146.7, 3869.0]], "asks": [[3148.15, 11949.0], [3148.3, 6500.0], [3148.35, 7742.0], [3148.4, 14925.0], [3148.45, 50000.0], [3148.7, 2283.0], [3148.8, 9940.0], [3148.85, 6500.0], [3148.9, 18106.0], [3148.95, 4130.0], [3149.0, 2687.0], [3149.05, 9000.0], [3149.1, 1136.0], [3149.15, 3806.0], [3149.3, 21428.0], [3149.35, 17782.0], [3149.4, 3082.0], [3149.45, 12806.0], [3149.5, 12297.0], [3149.55, 1142.0]]}}}
{"jsonrpc": "2.0", "method": "subscription", "params": {"channel": "book.ETH-PERPETUAL.none.20.100ms", "data": {"timestamp": 1764896082566, "change_id": 100103943857, "instrument_name": "ETH-PERPETUAL", "bids": [[3148.1, 39001.0], [3148.0, 90.0], [3147.8, 1940.0], [3147.75, 6500.0], [3147.7, 11276.0], [3147.65, 16000.0], [3147.6, 4219.0], [3147.55, 1315.0], [3147.5, 7742.0], [3147.45, 3817.0], [3147.4, 2999.0], [3147.35, 3823.0], [3147.3, 12808.0], [3147.25, 1746.0], [3147.2, 5721.0], [3147.15, 1512.0], [3147.1, 5221.0], [3147.0, 1167.0], [3146.95, 3908.0], [3146.85, 1173.0]], "asks": [[3148.15, 11754.0], [3148.3, 6500.0], [3148.35, 14242.0], [3148.4, 14925.0], [3148.45, 50000.0], [3148.7, 2283.0], [3148.8, 9940.0], [3148.85, 6500.0], [3148.9, 18106.0], [3148.95, 4130.0], [3149.0, 2687.0], [3149.05, 9000.0], [3149.1, 1136.0], [3149.15, 3806.0], [3149.3, 21428.0], [3149.35, 17782.0], [3149.4, 3082.0], [3149.45, 12806.0], [3149.55, 1142.0], [3149.6, 1063.0]]}}}
{"jsonrpc": "2.0", "method": "subscription", "params": {"channel": "book.ETH-PERPETUAL.none.20.100ms", "data": {"timestamp": 1764896082898, "change_id": 100103943966, "instrument_name": "ETH-PERPETUAL", "bids": [[3148.1, 39001.0], [3148.0, 90.0], [3147.8, 1940.0], [3147.75, 6500.0], [3147.7, 11276.0], [3147.65, 16000.0], [3147.6, 4219.0], [3147.55, 1315.0], [3147.5, 7742.0], [3147.45, 3817.0], [3147.4, 2999.0], [3147.35, 3823.0], [3147.3, 12808.0], [3147.25, 1746.0], [3147.2, 5721.0], [3147.15, 1512.0], [3147.1, 5221.0], [3147.0, 1167.0], [3146.95, 3908.0], [3146.85, 1173.0]], "asks": [[3148.15, 18103.0], [3148.3, 6500.0], [3148.35, 7742.0], [3148.4, 1940.0], [3148.45, 6500.0], [3148.5, 10164.0], [3148.55, 50000.0], [3148.7, 2283.0], [3148.8, 9940.0], [3148.85, 6500.0], [3148.9, 18106.0], [3148.95, 4130.0], [3149.0, 2687.0], [3149.05, 9000.0], [3149.1, 1136.0], [3149.15, 3806.0], [3149.25, 11704.0], [3149.3, 21428.0], [3149.35, 17782.0], [3149.4, 3082.0]]}}}
{"jsonrpc": "2.0", "method": "subscription", "params": {"channel": "book.ETH-PERPETUAL.none.20.100ms", "data": {"timestamp": 1764896083208, "change_id": 100103944389, "instrument_name": "ETH-PERPETUAL", "bids": [[3148.1, 39001.0], [3148.0, 90.0], [3147.8, 1940.0], [3147.75, 6500.0], [3147.7, 11276.0], [3147.65, 16000.0], [3147.6, 4219.0], [3147.55, 1315.0], [3147.5, 7742.0], [3147.45, 3817.0], [3147.4, 2999.0], [3147.35, 3823.0], [3147.3, 12808.0], [3147.25, 1746.0], [3147.2, 5721.0], [3147.15, 1512.0], [3147.1, 5221.0], [3147.0, 1167.0], [3146.95, 3908.0], [3146.85, 1173.0]], "asks": [[3148.15, 17636.0], [3148.3, 6500.0], [3148.35, 7742.0], [3148.4, 1940.0], [3148.45, 6500.0], [3148.5, 10164.0], [3148.55, 50000.0], [3148.7, 2283.0], [3148.8, 9940.0], [3148.85, 6500.0], [3148.9, 18106.0], [3148.95, 4130.0], [3149.0, 2687.0], [3149.05, 9000.0], [3149.1, 1136.0], [3149.15, 3806.0], [3149.3, 21428.0], [3149.35, 17782.0], [3149.4, 3082.0], [3149.45, 12806.0]]}}}
{"jsonrpc": "2.0", "method": "subscription", "params": {"channel": "book.ETH-PERPETUAL.none.20.100ms", "data": {"timestamp": 1764896083546, "change_id": 100103944924, "instrument_name": "ETH-PERPETUAL", "bids": [[3148.1, 39001.0], [3148.0, 90.0], [3147.8, 1940.0], [3147.75, 6500.0], [3147.7, 11276.0], [3147.65, 16000.0], [3147.6, 4219.0], [3147.55, 1315.0], [3147.5, 7742.0], [3147.45, 3817.0], [3147.35, 6822.0], [3147.3, 12808.0], [3147.25, 1746.0], [3147.2, 5721.0], [3147.15, 1512.0], [3147.1, 5221.0], [3147.0, 1167.0], [3146.95, 3908.0], [3146.85, 1173.0], [3146.75, 3929.0]], "asks": [[3148.15, 14175.0], [3148.3, 6500.0], [3148.35, 7742.0], [3148.4, 1940.0], [3148.45, 6500.0], [3148.5, 10164.0], [3148.55, 50000.0], [3148.7, 2283.0], [3148.8, 9940.0], [3148.85, 6500.0], [3148.9, 18106.0], [3148.95, 4130.0], [3149.0, 2687.0], [3149.05, 9000.0], [3149.1, 1136.0], [3149.15, 3806.0], [3149.3, 21428.0], [3149.35, 17782.0], [3149.4, 3082.0], [3149.45, 12806.0]]}}}
{"jsonrpc": "2.0", "method": "subscription", "params": {"channel": "book.ETH-PERPETUAL.none.20.100ms", "data": {"timestamp": 1764896083886, "change_id": 100103945006, "instrument_name": "ETH-PERPETUAL", "bids": [[3148.1, 39001.0], [3148.0, 90.0], [3147.8, 1940.0], [3147.75, 6500.0], [3147.7, 11276.0], [3147.65, 16000.0], [3147.6, 4219.0], [3147.55, 1315.0], [3147.5, 7742.0], [3147.45, 3817.0], [3147.35, 6822.0], [3147.3, 12808.0], [3147.25, 1746.0], [3147.2, 5721.0], [3147.15, 1512.0], [3147.1, 5221.0], [3147.0, 1167.0], [3146.95, 3908.0], [3146.85, 1173.0], [3146.75, 3929.0]], "asks": [[3148.15, 18098.0], [3148.3, 6500.0], [3148.35, 13342.0], [3148.4, 1940.0], [3148.45, 6500.0], [3148.5, 10164.0], [3148.55, 50000.0], [3148.7, 2283.0], [3148.8, 9940.0], [3148.85, 6500.0], [3148.9, 18106.0], [3148.95, 4130.0], [3149.0, 2687.0], [3149.05, 9000.0], [3149.1, 1136.0], [3149.15, 3806.0], [3149.25, 11704.0], [3149.3, 21428.0], [3149.35, 17782.0], [3149.4, 3082.0]]}}}
{"jsonrpc": "2.0", "method": "subscription", "params": {"channel": "book.ETH-PERPETUAL.none.20.100ms", "data": {"timestamp": 1764896084227, "change_id": 100103945471, "instrument_name": "ETH-PERPETUAL", "bids": [[3148.1, 39001.0], [3148.0, 90.0], [3147.7, 4776.0], [3147.65, 16000.0], [3147.6, 4219.0], [3147.55, 1315.0], [3147.5, 7742.0], [3147.45, 3817.0], [3147.35, 3823.0], [3147.3, 15807.0], [3147.25, 1746.0], [3147.2, 5721.0], [3147.15, 1512.0], [3147.1, 5221.0], [3147.0, 1167.0], [3146.95, 3908.0], [3146.85, 1173.0], [3146.75, 3929.0], [3146.7, 3869.0], [3146.65, 9000.0]], "asks": [[3148.15, 25883.0], [3148.2, 330.0], [3148.25, 5923.0], [3148.3, 6500.0], [3148.35, 29423.0], [3148.4, 50000.0], [3148.45, 6500.0], [3148.7, 2283.0], [3148.8, 9940.0], [3148.85, 6500.0], [3148.9, 18106.0], [3148.95, 4130.0], [3149.0, 2687.0], [3149.05, 9000.0], [3149.1, 21144.0], [3149.15, 21588.0], [3149.3, 1420.0], [3149.4, 3082.0], [3149.45, 12806.0], [3149.55, 1142.0]]}}}
{"jsonrpc": "2.0", "method": "subscription", "params": {"channel": "book.ETH-PERPETUAL.none.20.100ms", "data": {"timestamp": 1764896084553, "change_id": 100103946062, "instrument_name": "ETH-PERPETUAL", "bids": [[3148.1, 14001.0], [3148.0, 90.0], [3147.9, 7463.0], [3147.85, 25000.0], [3147.7, 4776.0], [3147.65, 16000.0], [3147.6, 4219.0], [3147.55, 1315.0], [3147.5, 7742.0], [3147.45, 3817.0], [3147.35, 3823.0], [3147.3, 15422.0], [3147.25, 3037.0], [3147.2, 5721.0], [3147.15, 1512.0], [3147.1, 5221.0], [3147.0, 1167.0], [3146.95, 3908.0], [3146.85, 1173.0], [3146.75, 3929.0]], "asks": [[3148.15, 17154.0], [3148.2, 330.0], [3148.25, 5923.0], [3148.3, 6500.0], [3148.35, 63342.0], [3148.4, 1940.0], [3148.45, 6500.0], [3148.7, 2283.0], [3148.8, 9940.0], [3148.85, 6500.0], [3148.9, 18106.0], [3148.95, 4130.0], [3149.0, 2687.0], [3149.05, 9000.0], [3149.1, 1136.0], [3149.15, 3806.0], [3149.3, 21428.0], [3149.35, 17782.0], [3149.4, 3082.0], [3149.45, 12806.0]]}}}
{"jsonrpc": "2.0", "method": "subscription", "params": {"channel": "book.ETH-PERPETUAL.none.20.100ms", "data": {"timestamp": 1764896084878, "change_id": 100103946179, "instrument_name": "ETH-PERPETUAL", "bids": [[3148.1, 14001.0], [3148.0, 90.0], [3147.9, 7463.0], [3147.85, 25000.0], [3147.7, 11276.0], [3147.65, 16000.0], [3147.6, 4219.0], [3147.55, 1315.0], [3147.5, 7742.0], [3147.45, 3817.0], [3147.35, 3823.0], [3147.3, 15422.0], [3147.25, 3037.0], [3147.2, 5721.0], [3147.15, 1512.0], [3147.1, 5221.0], [3147.0, 1167.0], [3146.95, 3908.0], [3146.85, 1173.0], [3146.75, 3929.0]], "asks": [[3148.15, 17056.0], [3148.2, 6830.0], [3148.25, 5923.0], [3148.3, 6500.0], [3148.35, 63342.0], [3148.7, 2283.0], [3148.8, 9940.0], [3148.85, 6500.0], [3148.9, 18106.0], [3148.95, 4130.0], [3149.0, 2687.0], [3149.05, 9000.0], [3149.1, 1136.0], [3149.15, 3806.0], [3149.25, 11704.0], [3149.3, 21428.0], [3149.35, 17782.0], [3149.4, 3082.0], [3149.45, 12806.0], [3149.55, 1142.0]]}}}
{"jsonrpc": "2.0", "method": "subscription", "params": {"channel": "book.ETH-PERPETUAL.none.20.100ms", "data": {"timestamp": 1764896085178, "change_id": 100103946565, "instrument_name": "ETH-PERPETUAL", "bids": [[3148.1, 14001.0], [3148.0, 90.0], [3147.9, 7463.0], [3147.85, 25000.0], [3147.7, 11276.0], [3147.65, 16000.0], [3147.6, 4219.0], [3147.55, 1315.0], [3147.5, 7742.0], [3147.45, 3817.0], [3147.35, 3823.0], [3147.3, 15422.0], [3147.25, 3037.0], [3147.2, 5721.0], [3147.15, 1512.0], [3147.1, 5221.0], [3147.0, 1167.0], [3146.95, 3908.0], [3146.85, 1173.0], [3146.75, 3929.0]], "asks": [[3148.15, 17158.0], [3148.2, 6500.0], [3148.25, 5923.0], [3148.3, 6500.0], [3148.35, 63342.0], [3148.7, 2283.0], [3148.8, 9940.0], [3148.85, 6500.0], [3148.9, 18106.0], [3148.95, 4130.0], [3149.0, 2687.0], [3149.05, 9000.0], [3149.1, 1136.0], [3149.15, 3806.0], [3149.3, 21428.0], [3149.35, 17782.0], [3149.4, 3082.0], [3149.45, 12806.0], [3149.55, 1142.0], [3149.6, 1063.0]]}}}
{"jsonrpc": "2.0", "method": "subscription", "params": {"channel": "book.ETH-PERPETUAL.none.20.100ms", "data": {"timestamp": 1764896085499, "change_id": 100103947080, "instrument_name": "ETH-PERPETUAL", "bids": [[3148.1, 14001.0], [3148.0, 90.0], [3147.9, 7463.0], [3147.85, 25000.0], [3147.7, 11276.0], [3147.65, 16000.0], [3147.6, 4219.0], [3147.55, 1315.0], [3147.5, 7742.0], [3147.45, 3817.0], [3147.35, 3823.0], [3147.3, 14527.0], [3147.25, 3037.0], [3147.2, 5721.0], [3147.15, 1512.0], [3147.1, 5221.0], [3147.0, 1167.0], [3146.95, 3908.0], [3146.85, 1173.0], [3146.75, 3929.0]], "asks": [[3148.15, 18460.0], [3148.2, 6500.0], [3148.25, 20091.0], [3148.3, 6500.0], [3148.35, 63342.0], [3148.7, 2283.0], [3148.8, 9940.0], [3148.85, 6500.0], [3148.9, 18106.0], [3148.95, 4130.0], [3149.0, 2687.0], [3149.05, 9000.0], [3149.1, 1136.0], [3149.15, 3806.0], [3149.3, 21428.0], [3149.35, 17782.0], [3149.4, 3082.0], [3149.45, 12806.0], [3149.55, 1142.0], [3149.6, 1063.0]]}}}
{"jsonrpc": "2.0", "method": "subscription", "params": {"channel": "book.ETH-PERPETUAL.none.20.100ms", "data": {"timestamp": 1764896085872, "change_id": 100103947187, "instrument_name": "ETH-PERPETUAL", "bids": [[3148.1, 14001.0], [3148.0, 90.0], [3147.9, 7463.0], [3147.85, 25000.0], [3147.7, 4776.0], [3147.65, 22500.0], [3147.6, 4219.0], [3147.55, 1315.0], [3147.5, 7742.0], [3147.45, 3817.0], [3147.35, 3823.0], [3147.3, 12808.0], [3147.25, 2641.0], [3147.2, 5721.0], [3147.15, 4511.0], [3147.1, 5221.0], [3147.0, 1167.0], [3146.95, 3908.0], [3146.85, 1173.0], [3146.75, 3929.0]], "asks": [[3148.15, 18562.0], [3148.2, 6500.0], [3148.25, 20091.0], [3148.3, 6500.0], [3148.35, 57742.0], [3148.7, 2283.0], [3148.8, 9940.0], [3148.85, 6500.0], [3148.9, 18106.0], [3148.95, 4504.0], [3149.0, 2687.0], [3149.05, 9000.0], [3149.1, 1136.0], [3149.15, 3806.0], [3149.25, 11704.0], [3149.3, 21428.0], [3149.35, 17782.0], [3149.4, 3082.0], [3149.45, 12806.0], [3149.55, 1142.0]]}}}
{"jsonrpc": "2.0", "method": "subscription", "params": {"channel": "book.ETH-PERPETUAL.none.20.100ms", "data": {"timestamp": 1764896086170, "change_id": 100103947581, "instrument_name": "ETH-PERPETUAL", "bids": [[3148.1, 14001.0], [3148.0, 90.0], [3147.9, 7463.0], [3147.85, 25000.0], [3147.7, 4776.0], [3147.65, 22500.0], [3147.6, 4219.0], [3147.55, 1315.0], [3147.5, 7742.0], [3147.45, 3817.0], [3147.35, 3823.0], [3147.3, 12808.0], [3147.25, 2641.0], [3147.2, 5721.0], [3147.15, 4511.0], [3147.1, 5221.0], [3147.0, 1167.0], [3146.95, 3908.0], [3146.85, 1173.0], [3146.75, 3929.0]], "asks": [[3148.15, 19600.0], [3148.2, 6500.0], [3148.25, 20091.0], [3148.3, 6500.0], [3148.35, 57742.0], [3148.7, 2283.0], [3148.8, 9940.0], [3148.85, 6500.0], [3148.9, 18106.0], [3148.95, 4730.0], [3149.0, 2687.0], [3149.05, 9000.0], [3149.1, 1136.0], [3149.15, 3806.0], [3149.3, 21428.0], [3149.35, 17782.0], [3149.4, 3082.0], [3149.45, 12806.0], [3149.55, 1142.0], [3149.6, 1063.0]]}}}
{"jsonrpc": "2.0", "method": "subscription", "params": {"channel": "book.ETH-PERPETUAL.none.20.100ms", "data": {"timestamp": 1764896086517, "change_id": 100103948108, "instrument_name": "ETH-PERPETUAL", "bids": [[3148.1, 14001.0], [3148.0, 90.0], [3147.9, 7463.0], [3147.85, 25000.0], [3147.7, 4776.0], [3147.65, 22500.0], [3147.6, 4219.0], [3147.55, 1315.0], [3147.5, 7742.0], [3147.45, 3817.0], [3147.35, 3823.0], [3147.3, 12808.0], [3147.25, 2641.0], [3147.2, 8720.0], [3147.15, 1512.0], [3147.1, 5221.0], [3147.0, 1167.0], [3146.95, 3908.0], [3146.85, 1173.0], [3146.75, 3929.0]], "asks": [[3148.15, 18996.0], [3148.2, 6500.0], [3148.25, 20091.0], [3148.3, 6500.0], [3148.35, 57742.0], [3148.7, 2283.0], [3148.8, 9940.0], [3148.85, 6500.0], [3148.9, 18106.0], [3148.95, 4130.0], [3149.0, 2687.0], [3149.05, 9365.0], [3149.1, 1136.0], [3149.15, 3806.0], [3149.3, 21428.0], [3149.35, 17782.0], [3149.4, 3082.0], [3149.45, 12806.0], [3149.55, 1142.0], [3149.6, 1063.0]]}}}
{"jsonrpc": "2.0", "method": "subscription", "params": {"channel": "book.ETH-PERPETUAL.none.20.100ms", "data": {"timestamp": 1764896086857, "change_id": 100103948237, "instrument_name": "ETH-PERPETUAL", "bids": [[3148.1, 14001.0], [3148.0, 90.0], [3147.85, 25000.0], [3147.7, 4776.0], [3147.65, 16000.0], [3147.6, 1532.0], [3147.55, 1315.0], [3147.45, 3817.0], [3147.35, 3823.0], [3147.3, 12808.0], [3147.25, 2641.0], [3147.2, 8720.0], [3147.15, 1512.0], [3147.1, 5221.0], [3147.0, 1167.0], [3146.95, 3908.0], [3146.85, 1173.0], [3146.75, 3929.0], [3146.7, 3869.0], [3146.65, 9000.0]], "asks": [[3148.15, 19728.0], [3148.2, 6500.0], [3148.25, 20091.0], [3148.3, 6500.0], [3148.35, 57742.0], [3148.7, 2283.0], [3148.8, 9940.0], [3148.85, 6500.0], [3148.9, 18106.0], [3148.95, 4130.0], [3149.0, 3075.0], [3149.05, 9000.0], [3149.1, 21144.0], [3149.15, 3806.0], [3149.3, 1420.0], [3149.35, 17782.0], [3149.4, 3082.0], [3149.45, 12806.0], [3149.55, 1142.0], [3149.6, 1063.0]]}}}
{"jsonrpc": "2.0", "method": "subscription", "params": {"channel": "book.ETH-PERPETUAL.none.20.100ms", "data": {"timestamp": 1764896087160, "change_id": 100103948650, "instrument_name": "ETH-PERPETUAL", "bids": [[3148.1, 14001.0], [3148.0, 90.0], [3147.85, 25000.0], [3147.7, 4776.0], [3147.65, 16000.0], [3147.6, 3647.0], [3147.55, 1315.0], [3147.45, 11559.0], [3147.35, 3823.0], [3147.3, 12808.0], [3147.25, 2641.0], [3147.2, 8720.0], [3147.15, 1512.0], [3147.1, 5221.0], [3147.0, 1167.0], [3146.95, 3908.0], [3146.85, 1173.0], [3146.75, 3929.0], [3146.7, 3869.0], [3146.65, 9000.0]], "asks": [[3148.15, 20792.0], [3148.2, 25676.0], [3148.25, 50000.0], [3148.3, 6500.0], [3148.35, 7742.0], [3148.7, 2283.0], [3148.8, 9940.0], [3148.85, 6500.0], [3148.9, 18106.0], [3148.95, 4130.0], [3149.0, 23083.0], [3149.05, 9000.0], [3149.1, 18918.0], [3149.15, 3806.0], [3149.3, 1420.0], [3149.4, 3082.0], [3149.45, 12806.0], [3149.5, 12655.0], [3149.55, 1142.0], [3149.6, 1063.0]]}}}
{"jsonrpc": "2.0", "method": "subscription", "params": {"channel": "book.ETH-PERPETUAL.none.20.100ms", "data": {"timestamp": 1764896087466, "change_id": 100103949077, "instrument_name": "ETH-PERPETUAL", "bids": [[3148.1, 14001.0], [3148.0, 90.0], [3147.85, 25000.0], [3147.7, 4776.0], [3147.65, 16000.0], [3147.6, 3647.0], [3147.55, 1315.0], [3147.45, 11559.0], [3147.35, 3823.0], [3147.3, 12808.0], [3147.25, 2641.0], [3147.2, 8720.0], [3147.15, 1512.0], [3147.1, 5221.0], [3147.0, 1167.0], [3146.95, 3908.0], [3146.85, 1173.0], [3146.75, 3929.0], [3146.7, 3869.0], [3146.65, 9000.0]], "asks": [[3148.15, 19770.0], [3148.2, 25676.0], [3148.25, 50000.0], [3148.3, 6500.0], [3148.35, 7742.0], [3148.7, 2283.0], [3148.8, 9940.0], [3148.85, 6500.0], [3148.9, 18106.0], [3148.95, 4130.0], [3149.0, 2955.0], [3149.05, 9000.0], [3149.1, 21144.0], [3149.15, 3806.0], [3149.3, 1420.0], [3149.35, 17782.0], [3149.4, 3082.0], [3149.45, 12806.0], [3149.5, 12655.0], [3149.55, 1142.0]]}}}
{"jsonrpc": "2.0", "method": "subscription", "params": {"channel": "book.ETH-PERPETUAL.none.20.100ms", "data": {"timestamp": 1764896087856, "change_id": 100103949345, "instrument_name": "ETH-PERPETUAL", "bids": [[3148.1, 14001.0], [3148.0, 90.0], [3147.85, 25000.0], [3147.7, 11276.0], [3147.65, 16000.0], [3147.6, 3647.0], [3147.55, 1315.0], [3147.45, 11559.0], [3147.35, 3823.0], [3147.3, 12808.0], [3147.25, 1746.0], [3147.2, 8720.0], [3147.15, 1512.0], [3147.1, 5221.0], [3147.0, 1167.0], [3146.95, 3908.0], [3146.85, 1173.0], [3146.75, 3929.0], [3146.7, 3869.0], [3146.65, 9000.0]], "asks": [[3148.15, 20870.0], [3148.2, 25676.0], [3148.25, 50000.0], [3148.3, 6500.0], [3148.35, 7742.0], [3148.7, 2283.0], [3148.8, 9940.0], [3148.85, 6500.0], [3148.9, 18106.0], [3148.95, 4130.0], [3149.0, 8583.0], [3149.05, 9000.0], [3149.1, 38926.0], [3149.15, 3806.0], [3149.3, 1420.0], [3149.4, 3082.0], [3149.45, 12806.0], [3149.5, 12655.0], [3149.55, 1142.0], [3149.6, 1063.0]]}}}
{"jsonrpc": "2.0", "method": "subscription", "params": {"channel": "book.ETH-PERPETUAL.none.20.100ms", "data": {"timestamp": 1764896088103, "change_id": 100103949552, "instrument_name": "ETH-PERPETUAL", "bids": [[3148.1, 14001.0], [3148.0, 90.0], [3147.85, 25000.0], [3147.75, 8657.0], [3147.7, 6500.0], [3147.65, 22500.0], [3147.6, 3647.0], [3147.55, 1315.0], [3147.45, 11559.0], [3147.35, 3823.0], [3147.3, 12808.0], [3147.25, 1746.0], [3147.2, 8720.0], [3147.15, 1512.0], [3147.1, 5221.0], [3147.0, 1167.0], [3146.95, 3908.0], [3146.85, 1173.0], [3146.75, 3929.0], [3146.7, 3869.0]], "asks": [[3148.15, 20795.0], [3148.2, 25676.0], [3148.25, 50000.0], [3148.3, 6500.0], [3148.35, 7742.0], [3148.7, 2283.0], [3148.8, 9940.0], [3148.85, 6500.0], [3148.9, 18106.0], [3148.95, 4130.0], [3149.0, 8583.0], [3149.05, 9000.0], [3149.1, 21144.0], [3149.15, 3806.0], [3149.3, 1420.0], [3149.35, 17782.0], [3149.4, 3082.0], [3149.45, 12806.0], [3149.5, 12655.0], [3149.55, 1142.0]]}}}
{"jsonrpc": "2.0", "method": "subscription", "params": {"channel": "book.ETH-PERPETUAL.none.20.100ms", "data": {"timestamp": 1764896088521, "change_id": 100103950336, "instrument_name": "ETH-PERPETUAL", "bids": [[3148.1, 14001.0], [3148.0, 90.0], [3147.9, 7463.0], [3147.85, 25000.0], [3147.75, 8657.0], [3147.7, 6500.0], [3147.65, 22500.0], [3147.6, 3647.0], [3147.55, 1315.0], [3147.45, 11559.0], [3147.35, 3823.0], [3147.3, 15422.0], [3147.25, 3037.0], [3147.2, 5721.0], [3147.15, 1512.0], [3147.1, 5221.0], [3147.0, 1167.0], [3146.95, 3908.0], [3146.85, 1173.0], [3146.75, 3929.0]], "asks": [[3148.15, 21393.0], [3148.2, 25676.0], [3148.25, 50000.0], [3148.35, 7742.0], [3148.7, 2283.0], [3148.8, 9940.0], [3148.85, 6500.0], [3148.9, 18106.0], [3148.95, 4130.0], [3149.0, 8315.0], [3149.05, 9217.0], [3149.1, 21144.0], [3149.15, 3806.0], [3149.3, 1420.0], [3149.35, 17782.0], [3149.4, 3082.0], [3149.45, 12806.0], [3149.5, 12655.0], [3149.55, 1142.0], [3149.6, 1063.0]]}}}
{"jsonrpc": "2.0", "method": "subscription", "params": {"channel": "book.ETH-PERPETUAL.none.20.100ms", "data": {"timestamp": 1764896088819, "change_id": 100103950429, "instrument_name": "ETH-PERPETUAL", "bids": [[3148.1, 14001.0], [3148.0, 90.0], [3147.9, 7463.0], [3147.85, 25000.0], [3147.75, 8657.0], [3147.7, 6500.0], [3147.65, 22500.0], [3147.6, 3647.0], [3147.55, 1315.0], [3147.45, 11559.0], [3147.35, 3823.0], [3147.3, 15422.0], [3147.25, 3037.0], [3147.2, 5721.0], [3147.15, 1512.0], [3147.1, 5221.0], [3147.0, 1167.0], [3146.95, 3908.0], [3146.85, 1173.0], [3146.75, 3929.0]], "asks": [[3148.15, 20448.0], [3148.2, 25676.0], [3148.25, 50000.0], [3148.35, 7742.0], [3148.7, 2283.0], [3148.8, 9940.0], [3148.85, 6500.0], [3148.9, 18106.0], [3148.95, 4130.0], [3149.0, 8315.0], [3149.05, 9073.0], [3149.1, 21144.0], [3149.15, 3806.0], [3149.3, 1420.0], [3149.35, 17782.0], [3149.4, 3082.0], [3149.45, 12806.0], [3149.5, 12655.0], [3149.55, 1142.0], [3149.6, 1063.0]]}}}
{"jsonrpc": "2.0", "method": "subscription", "params": {"channel": "book.ETH-PERPETUAL.none.20.100ms", "data": {"timestamp": 1764896089180, "change_id": 100103950831, "instrument_name": "ETH-PERPETUAL", "bids": [[3148.1, 14001.0], [3148.0, 90.0], [3147.9, 7463.0], [3147.85, 25000.0], [3147.75, 8657.0], [3147.7, 6500.0], [3147.65, 22500.0], [3147.6, 3647.0], [3147.55, 1315.0], [3147.45, 11559.0], [3147.35, 3823.0], [3147.3, 15422.0], [3147.25, 38.0], [3147.2, 8720.0], [3147.15, 1512.0], [3147.1, 5221.0], [3147.0, 1167.0], [3146.95, 3908.0], [3146.85, 1173.0], [3146.75, 3929.0]], "asks": [[3148.15, 19887.0], [3148.2, 25676.0], [3148.25, 50000.0], [3148.35, 7742.0], [3148.7, 2283.0], [3148.8, 9940.0], [3148.85, 6500.0], [3148.9, 18106.0], [3148.95, 4130.0], [3149.0, 9265.0], [3149.05, 9000.0], [3149.1, 21144.0], [3149.15, 3806.0], [3149.3, 6728.0], [3149.35, 17782.0], [3149.4, 3082.0], [3149.45, 12806.0], [3149.55, 1142.0], [3149.6, 1063.0], [3149.65, 3827.0]]}}}
{"jsonrpc": "2.0", "method": "subscription", "params": {"channel": "book.ETH-PERPETUAL.none.20.100ms", "data": {"timestamp": 1764896089502, "change_id": 100103951348, "instrument_name": "ETH-PERPETUAL", "bids": [[3148.1, 14001.0], [3148.0, 90.0], [3147.9, 7463.0], [3147.85, 25000.0], [3147.75, 8657.0], [3147.7, 6500.0], [3147.65, 22500.0], [3147.6, 3647.0], [3147.55, 1315.0], [3147.45, 11559.0], [3147.35, 3823.0], [3147.3, 15422.0], [3147.25, 38.0], [3147.2, 8720.0], [3147.15, 1512.0], [3147.1, 5221.0], [3147.0, 1167.0], [3146.95, 3908.0], [3146.85, 1173.0], [3146.75, 3929.0]], "asks": [[3148.15, 20329.0], [3148.2, 25676.0], [3148.25, 50000.0], [3148.35, 7742.0], [3148.7, 2283.0], [3148.8, 9940.0], [3148.85, 6500.0], [3148.9, 18106.0], [3148.95, 4130.0], [3149.0, 9502.0], [3149.05, 9000.0], [3149.1, 21144.0], [3149.15, 3806.0], [3149.3, 6728.0], [3149.35, 17782.0], [3149.4, 3082.0], [3149.45, 12806.0], [3149.5, 12418.0], [3149.55, 1142.0], [3149.6, 1063.0]]}}}
{"jsonrpc": "2.0", "method": "subscription", "params": {"channel": "book.ETH-PERPETUAL.none.20.100ms", "data": {"timestamp": 1764896089825, "change_id": 100103951419, "instrument_name": "ETH-PERPETUAL", "bids": [[3148.1, 14001.0], [3148.0, 90.0], [3147.9, 7463.0], [3147.85, 25000.0], [3147.75, 8657.0], [3147.7, 6500.0], [3147.65, 22500.0], [3147.6, 3647.0], [3147.55, 1315.0], [3147.45, 11559.0], [3147.35, 3823.0], [3147.3, 15422.0], [3147.25, 38.0], [3147.2, 8720.0], [3147.15, 1512.0], [3147.1, 5221.0], [3147.0, 1167.0], [3146.95, 3908.0], [3146.85, 1173.0], [3146.75, 3929.0]], "asks": [[3148.15, 20413.0], [3148.2, 25676.0], [3148.25, 50000.0], [3148.35, 7742.0], [3148.7, 2283.0], [3148.8, 9940.0], [3148.85, 6500.0], [3148.9, 18106.0], [3148.95, 4130.0], [3149.0, 9502.0], [3149.05, 9000.0], [3149.1, 21144.0], [3149.15, 3806.0], [3149.3, 6728.0], [3149.35, 17782.0], [3149.4, 3082.0], [3149.45, 12806.0], [3149.5, 12418.0], [3149.55, 1142.0], [3149.6, 1063.0]]}}}
{"jsonrpc": "2.0", "method": "subscription", "params": {"channel": "book.ETH-PERPETUAL.none.20.100ms", "data": {"timestamp": 1764896090077, "change_id": 100103951556, "instrument_name": "ETH-PERPETUAL", "bids": [[3148.1, 14001.0], [3148.0, 90.0], [3147.9, 7463.0], [3147.85, 25000.0], [3147.75, 8657.0], [3147.7, 6500.0], [3147.65, 22500.0], [3147.6, 3647.0], [3147.55, 1315.0], [3147.45, 11559.0], [3147.35, 3823.0], [3147.3, 15422.0], [3147.25, 38.0], [3147.2, 8720.0], [3147.15, 1512.0], [3147.1, 5221.0], [3147.0, 1167.0], [3146.95, 3908.0], [3146.85, 1173.0], [3146.75, 3929.0]], "asks": [[3148.15, 19802.0], [3148.2, 25676.0], [3148.25, 50000.0], [3148.35, 7742.0], [3148.7, 2283.0], [3148.8, 9940.0], [3148.85, 6500.0], [3148.9, 18106.0], [3148.95, 4130.0], [3149.0, 9502.0], [3149.05, 9000.0], [3149.1, 21144.0], [3149.15, 3806.0], [3149.3, 6728.0], [3149.35, 17782.0], [3149.4, 7135.0], [3149.45, 12806.0], [3149.5, 12418.0], [3149.55, 1142.0], [3149.6, 1063.0]]}}}
{"jsonrpc": "2.0", "method": "subscription", "params": {"channel": "book.ETH-PERPETUAL.none.20.100ms", "data": {"timestamp": 1764896090506, "change_id": 100103952415, "instrument_name": "ETH-PERPETUAL", "bids": [[3148.1, 14001.0], [3148.0, 90.0], [3147.9, 7463.0], [3147.85, 25000.0], [3147.75, 8657.0], [3147.7, 6500.0], [3147.65, 22500.0], [3147.6, 3647.0], [3147.55, 1315.0], [3147.45, 11559.0], [3147.35, 3823.0], [3147.3, 15422.0], [3147.25, 3037.0], [3147.2, 5721.0], [3147.15, 1512.0], [3147.1, 5221.0], [3147.0, 1167.0], [3146.95, 3908.0], [3146.85, 1173.0], [3146.75, 3929.0]], "asks": [[3148.15, 19470.0], [3148.2, 25676.0], [3148.35, 57742.0], [3148.7, 2283.0], [3148.8, 9940.0], [3148.85, 6500.0], [3148.9, 18106.0], [3148.95, 4130.0], [3149.0, 2687.0], [3149.05, 9000.0], [3149.1, 21144.0], [3149.15, 3806.0], [3149.3, 6728.0], [3149.35, 17782.0], [3149.4, 7135.0], [3149.45, 12806.0], [3149.5, 12418.0], [3149.55, 1142.0], [3149.6, 1063.0], [3149.65, 3827.0]]}}}
{"jsonrpc": "2.0", "method": "subscription", "params": {"channel": "book.ETH-PERPETUAL.none.20.100ms", "data": {"timestamp": 1764896090808, "change_id": 100103952509, "instrument_name": "ETH-PERPETUAL", "bids": [[3148.1, 14001.0], [3148.0, 90.0], [3147.9, 7463.0], [3147.85, 25000.0], [3147.75, 8657.0], [3147.7, 6500.0], [3147.65, 22500.0], [3147.6, 3647.0], [3147.55, 1315.0], [3147.45, 11559.0], [3147.35, 3823.0], [3147.3, 15422.0], [3147.25, 3037.0], [3147.2, 5721.0], [3147.15, 1512.0], [3147.1, 5221.0], [3147.0, 1167.0], [3146.95, 3908.0], [3146.85, 1173.0], [3146.75, 3929.0]], "asks": [[3148.15, 18831.0], [3148.2, 19176.0], [3148.3, 6500.0], [3148.35, 57742.0], [3148.7, 2283.0], [3148.8, 9940.0], [3148.85, 6500.0], [3148.9, 18106.0], [3148.95, 4130.0], [3149.0, 2687.0], [3149.05, 9263.0], [3149.1, 21144.0], [3149.15, 3806.0], [3149.3, 6728.0], [3149.35, 17782.0], [3149.4, 7135.0], [3149.45, 12806.0], [3149.5, 12418.0], [3149.55, 1142.0], [3149.6, 1063.0]]}}}
{"jsonrpc": "2.0", "method": "subscription", "params": {"channel": "book.ETH-PERPETUAL.none.20.100ms", "data": {"timestamp": 1764896091163, "change_id": 100103952971, "instrument_name": "ETH-PERPETUAL", "bids": [[3148.1, 14001.0], [3148.0, 90.0], [3147.9, 7463.0], [3147.85, 25000.0], [3147.75, 4776.0], [3147.65, 16000.0], [3147.6, 3647.0], [3147.55, 1315.0], [3147.45, 11559.0], [3147.35, 3823.0], [3147.3, 12808.0], [3147.25, 1746.0], [3147.2, 5721.0], [3147.15, 4511.0], [3147.1, 5221.0], [3147.0, 1167.0], [3146.95, 3908.0], [3146.85, 1173.0], [3146.75, 3929.0], [3146.7, 3869.0]], "asks": [[3148.15, 19854.0], [3148.2, 19176.0], [3148.25, 50000.0], [3148.3, 6500.0], [3148.35, 7742.0], [3148.7, 2283.0], [3148.8, 9940.0], [3148.85, 6500.0], [3148.9, 18106.0], [3148.95, 6041.0], [3149.0, 8363.0], [3149.05, 9000.0], [3149.1, 38926.0], [3149.15, 3806.0], [3149.3, 1420.0], [3149.4, 3082.0], [3149.45, 12806.0], [3149.55, 1142.0], [3149.6, 1063.0], [3149.65, 3827.0]]}}}
{"jsonrpc": "2.0", "method": "subscription", "params": {"channel": "book.ETH-PERPETUAL.none.20.100ms", "data": {"timestamp": 1764896091490, "change_id": 100103953524, "instrument_name": "ETH-PERPETUAL", "bids": [[3148.1, 14001.0], [3148.0, 90.0], [3147.9, 7463.0], [3147.85, 25000.0], [3147.75, 4776.0], [3147.65, 16000.0], [3147.6, 3647.0], [3147.55, 1315.0], [3147.45, 11559.0], [3147.35, 3823.0], [3147.3, 12808.0], [3147.25, 1746.0], [3147.2, 5721.0], [3147.15, 4511.0], [3147.1, 5221.0], [3147.0, 1167.0], [3146.95, 3908.0], [3146.85, 1173.0], [3146.75, 3929.0], [3146.7, 3869.0]], "asks": [[3148.15, 20617.0], [3148.2, 19176.0], [3148.25, 50000.0], [3148.3, 6500.0], [3148.35, 7742.0], [3148.7, 2283.0], [3148.8, 9940.0], [3148.85, 6500.0], [3148.9, 18106.0], [3148.95, 6041.0], [3149.0, 28371.0], [3149.05, 9000.0], [3149.1, 18918.0], [3149.15, 3806.0], [3149.3, 1420.0], [3149.4, 3082.0], [3149.45, 12806.0], [3149.5, 12617.0], [3149.55, 1142.0], [3149.6, 1063.0]]}}}
{"jsonrpc": "2.0", "method": "subscription", "params": {"channel": "book.ETH-PERPETUAL.none.20.100ms", "data": {"timestamp": 1764896091829, "change_id": 100103953675, "instrument_name": "ETH-PERPETUAL", "bids": [[3148.1, 39001.0], [3148.0, 90.0], [3147.75, 8046.0], [3147.7, 6500.0], [3147.65, 22500.0], [3147.6, 3647.0], [3147.55, 1315.0], [3147.45, 11559.0], [3147.35, 3823.0], [3147.3, 12808.0], [3147.25, 3037.0], [3147.2, 5721.0], [3147.15, 1512.0], [3147.1, 5221.0], [3147.0, 1167.0], [3146.95, 3908.0], [3146.85, 1173.0], [3146.75, 3929.0], [3146.7, 3869.0], [3146.65, 9000.0]], "asks": [[3148.15, 20723.0], [3148.2, 19176.0], [3148.25, 6500.0], [3148.3, 50330.0], [3148.35, 7742.0], [3148.7, 2283.0], [3148.8, 9940.0], [3148.85, 6500.0], [3148.9, 18106.0], [3148.95, 4130.0], [3149.0, 8363.0], [3149.05, 9000.0], [3149.1, 21194.0], [3149.15, 3806.0], [3149.3, 1420.0], [3149.35, 17782.0], [3149.4, 3082.0], [3149.45, 12806.0], [3149.5, 12617.0], [3149.55, 1142.0]]}}}
{"jsonrpc": "2.0", "method": "subscription", "params": {"channel": "book.ETH-PERPETUAL.none.20.100ms", "data": {"timestamp": 1764896092163, "change_id": 100103954071, "instrument_name": "ETH-PERPETUAL", "bids": [[3148.1, 39001.0], [3148.0, 90.0], [3147.75, 8046.0], [3147.7, 6500.0], [3147.65, 22500.0], [3147.6, 3647.0], [3147.55, 1315.0], [3147.45, 11559.0], [3147.35, 3823.0], [3147.3, 12808.0], [3147.25, 3037.0], [3147.2, 5721.0], [3147.15, 1512.0], [3147.1, 5221.0], [3147.0, 1167.0], [3146.95, 3908.0], [3146.85, 1173.0], [3146.75, 3929.0], [3146.7, 3869.0], [3146.65, 9000.0]], "asks": [[3148.15, 20149.0], [3148.2, 19176.0], [3148.25, 6500.0], [3148.3, 51000.0], [3148.35, 7742.0], [3148.7, 2283.0], [3148.8, 9940.0], [3148.85, 6500.0], [3148.9, 18106.0], [3148.95, 4130.0], [3149.0, 8315.0], [3149.05, 9000.0], [3149.1, 21144.0], [3149.15, 3806.0], [3149.3, 1420.0], [3149.35, 17782.0], [3149.4, 3082.0], [3149.45, 12806.0], [3149.5, 12617.0], [3149.55, 1142.0]]}}}
{"jsonrpc": "2.0", "method": "subscription", "params": {"channel": "book.ETH-PERPETUAL.none.20.100ms", "data": {"timestamp": 1764896092458, "change_id": 100103954451, "instrument_name": "ETH-PERPETUAL", "bids": [[3148.1, 38967.0], [3148.0, 90.0], [3147.75, 8046.0], [3147.7, 6500.0], [3147.65, 22500.0], [3147.6, 3647.0], [3147.55, 1315.0], [3147.45, 11559.0], [3147.35, 3823.0], [3147.3, 12808.0], [3147.25, 3037.0], [3147.2, 5721.0], [3147.15, 1512.0], [3147.1, 5221.0], [3147.0, 1167.0], [3146.95, 3908.0], [3146.85, 1173.0], [3146.75, 3929.0], [3146.7, 3869.0], [3146.65, 9000.0]], "asks": [[3148.15, 12552.0], [3148.2, 19176.0], [3148.3, 50330.0], [3148.35, 7742.0], [3148.7, 2283.0], [3148.8, 9940.0], [3148.85, 6500.0], [3148.9, 18106.0], [3148.95, 4130.0], [3149.0, 2687.0], [3149.05, 9000.0], [3149.1, 1136.0], [3149.15, 3806.0], [3149.3, 21428.0], [3149.35, 17782.0], [3149.4, 3082.0], [3149.45, 12806.0], [3149.5, 12617.0], [3149.55, 1142.0], [3149.6, 1063.0]]}}}
{"jsonrpc": "2.0", "method": "subscription", "params": {"channel": "book.ETH-PERPETUAL.none.20.100ms", "data": {"timestamp": 1764896092815, "change_id": 100103954717, "instrument_name": "ETH-PERPETUAL", "bids": [[3148.1, 38967.0], [3148.0, 90.0], [3147.85, 1940.0], [3147.8, 6500.0], [3147.75, 8046.0], [3147.7, 6500.0], [3147.65, 22500.0], [3147.6, 3647.0], [3147.55, 1315.0], [3147.45, 11559.0], [3147.35, 3823.0], [3147.3, 12808.0], [3147.25, 3037.0], [3147.2, 5721.0], [3147.15, 1512.0], [3147.1, 5221.0], [3147.0, 1167.0], [3146.95, 3908.0], [3146.85, 1173.0], [3146.75, 3929.0]], "asks": [[3148.15, 13099.0], [3148.2, 19176.0], [3148.3, 50000.0], [3148.35, 7742.0], [3148.7, 2283.0], [3148.8, 9940.0], [3148.85, 6500.0], [3148.9, 18106.0], [3148.95, 4130.0], [3149.0, 2687.0], [3149.05, 9000.0], [3149.1, 1136.0], [3149.15, 3806.0], [3149.3, 21428.0], [3149.35, 17782.0], [3149.4, 3082.0], [3149.45, 12806.0], [3149.5, 12617.0], [3149.55, 1142.0], [3149.6, 1063.0]]}}}
{"jsonrpc": "2.0", "method": "subscription", "params": {"channel": "book.ETH-PERPETUAL.none.20.100ms", "data": {"timestamp": 1764896093154, "change_id": 100103955116, "instrument_name": "ETH-PERPETUAL", "bids": [[3148.1, 38967.0], [3148.0, 90.0], [3147.85, 1940.0], [3147.8, 6500.0], [3147.75, 8046.0], [3147.7, 6500.0], [3147.65, 22500.0], [3147.6, 3647.0], [3147.55, 1315.0], [3147.45, 11559.0], [3147.35, 3823.0], [3147.3, 12808.0], [3147.25, 3037.0], [3147.2, 5721.0], [3147.15, 1512.0], [3147.1, 5221.0], [3147.0, 1167.0], [3146.95, 3908.0], [3146.85, 1173.0], [3146.75, 3929.0]], "asks": [[3148.15, 13696.0], [3148.2, 19176.0], [3148.3, 50000.0], [3148.35, 7742.0], [3148.7, 2283.0], [3148.8, 9940.0], [3148.85, 6500.0], [3148.9, 18106.0], [3148.95, 4130.0], [3149.0, 2687.0], [3149.05, 9000.0], [3149.1, 1136.0], [3149.15, 3806.0], [3149.25, 11704.0], [3149.3, 21428.0], [3149.35, 17782.0], [3149.4, 3082.0], [3149.45, 12806.0], [3149.5, 12617.0], [3149.55, 1142.0]]}}}
{"jsonrpc": "2.0", "method": "subscription", "params": {"channel": "book.ETH-PERPETUAL.none.20.100ms", "data": {"timestamp": 1764896093442, "change_id": 100103955568, "instrument_name": "ETH-PERPETUAL", "bids": [[3148.1, 49371.0], [3148.0, 90.0], [3147.85, 1940.0], [3147.8, 6500.0], [3147.75, 8046.0], [3147.7, 6500.0], [3147.65, 22500.0], [3147.6, 3647.0], [3147.55, 1315.0], [3147.45, 11559.0], [3147.35, 6822.0], [3147.3, 12808.0], [3147.25, 38.0], [3147.2, 5721.0], [3147.15, 1512.0], [3147.1, 5221.0], [3147.0, 1167.0], [3146.95, 3908.0], [3146.85, 1173.0], [3146.75, 3929.0]], "asks": [[3148.15, 13035.0], [3148.3, 50000.0], [3148.35, 7742.0], [3148.7, 2283.0], [3148.8, 9940.0], [3148.85, 6500.0], [3148.9, 18106.0], [3148.95, 4130.0], [3149.0, 2687.0], [3149.05, 9000.0], [3149.1, 1136.0], [3149.15, 3806.0], [3149.3, 21428.0], [3149.35, 17782.0], [3149.4, 3082.0], [3149.45, 12806.0], [3149.55, 1142.0], [3149.6, 1063.0], [3149.65, 3827.0], [3149.8, 3832.0]]}}}
{"jsonrpc": "2.0", "method": "subscription", "params": {"channel": "book.ETH-PERPETUAL.none.20.100ms", "data": {"timestamp": 1764896093789, "change_id": 100103955866, "instrument_name": "ETH-PERPETUAL", "bids": [[3148.1, 55871.0], [3148.0, 90.0], [3147.95, 1940.0], [3147.9, 6500.0], [3147.85, 1940.0], [3147.8, 6500.0], [3147.75, 8046.0], [3147.7, 6500.0], [3147.65, 22500.0], [3147.6, 3647.0], [3147.55, 1315.0], [3147.45, 11559.0], [3147.35, 6822.0], [3147.3, 12808.0], [3147.25, 38.0], [3147.2, 5721.0], [3147.15, 1512.0], [3147.1, 5221.0], [3147.0, 1167.0], [3146.95, 3908.0]], "asks": [[3148.15, 12020.0], [3148.35, 57742.0], [3148.7, 2283.0], [3148.8, 1233.0], [3148.95, 4130.0], [3149.0, 2687.0], [3149.05, 9000.0], [3149.1, 1136.0], [3149.15, 3806.0], [3149.3, 21428.0], [3149.35, 17782.0], [3149.4, 3082.0], [3149.45, 12806.0], [3149.55, 13531.0], [3149.6, 1063.0], [3149.65, 3827.0], [3149.8, 3832.0], [3149.85, 12839.0], [3149.95, 3098.0], [3150.0, 7080.0]]}}}
{"jsonrpc": "2.0", "method": "subscription", "params": {"channel": "book.ETH-PERPETUAL.none.20.100ms", "data": {"timestamp": 1764896094138, "change_id": 100103956205, "instrument_name": "ETH-PERPETUAL", "bids": [[3148.1, 49371.0], [3148.0, 90.0], [3147.95, 1940.0], [3147.9, 6500.0], [3147.85, 1940.0], [3147.8, 6500.0], [3147.75, 8046.0], [3147.7, 6500.0], [3147.65, 22500.0], [3147.6, 3647.0], [3147.55, 1315.0], [3147.45, 11559.0], [3147.35, 6822.0], [3147.3, 12808.0], [3147.25, 1746.0], [3147.2, 5721.0], [3147.15, 1512.0], [3147.1, 5221.0], [3147.0, 1167.0], [3146.95, 3908.0]], "asks": [[3148.15, 12755.0], [3148.35, 57742.0], [3148.55, 5404.0], [3148.6, 18104.0], [3148.7, 2283.0], [3148.8, 1233.0], [3148.95, 4130.0], [3149.0, 2687.0], [3149.05, 9000.0], [3149.1, 1136.0], [3149.15, 3806.0], [3149.25, 11704.0], [3149.3, 21428.0], [3149.35, 17782.0], [3149.4, 3082.0], [3149.45, 12806.0], [3149.55, 13531.0], [3149.6, 1063.0], [3149.65, 3827.0], [3149.8, 3832.0]]}}}
{"jsonrpc": "2.0", "method": "subscription", "params": {"channel": "book.ETH-PERPETUAL.none.20.100ms", "data": {"timestamp": 1764896094471, "change_id": 100103956639, "instrument_name": "ETH-PERPETUAL", "bids": [[3148.1, 49371.0], [3148.0, 90.0], [3147.95, 1940.0], [3147.9, 6500.0], [3147.85, 1940.0], [3147.8, 6500.0], [3147.75, 8046.0], [3147.7, 6500.0], [3147.65, 22500.0], [3147.6, 3647.0], [3147.55, 1315.0], [3147.45, 11559.0], [3147.35, 6822.0], [3147.3, 12808.0], [3147.25, 1746.0], [3147.2, 5721.0], [3147.15, 1512.0], [3147.1, 5221.0], [3147.0, 1167.0], [3146.95, 3908.0]], "asks": [[3148.15, 10663.0], [3148.35, 57742.0], [3148.55, 5404.0], [3148.6, 18104.0], [3148.7, 2283.0], [3148.8, 1233.0], [3148.95, 4130.0], [3149.0, 2687.0], [3149.05, 9000.0], [3149.1, 1136.0], [3149.15, 3806.0], [3149.3, 21428.0], [3149.35, 17782.0], [3149.4, 3082.0], [3149.45, 12806.0], [3149.55, 13531.0], [3149.6, 1063.0], [3149.65, 3827.0], [3149.8, 3832.0], [3149.85, 12839.0]]}}}
{"jsonrpc": "2.0", "method": "subscription", "params": {"channel": "book.ETH-PERPETUAL.none.20.100ms", "data": {"timestamp": 1764896094806, "change_id": 100103956879, "instrument_name": "ETH-PERPETUAL", "bids": [[3148.1, 49371.0], [3148.0, 90.0], [3147.95, 1940.0], [3147.9, 6500.0], [3147.85, 1940.0], [3147.8, 6500.0], [3147.75, 8046.0], [3147.7, 6500.0], [3147.65, 22500.0], [3147.6, 3647.0], [3147.55, 1315.0], [3147.45, 11559.0], [3147.35, 6822.0], [3147.3, 12808.0], [3147.25, 1746.0], [3147.2, 5721.0], [3147.15, 1512.0], [3147.1, 5221.0], [3147.0, 1167.0], [3146.95, 3908.0]], "asks": [[3148.15, 10838.0], [3148.3, 6100.0], [3148.35, 57742.0], [3148.55, 5404.0], [3148.6, 18104.0], [3148.7, 2283.0], [3148.8, 1233.0], [3148.95, 4130.0], [3149.0, 2687.0], [3149.05, 9000.0], [3149.1, 1136.0], [3149.15, 3806.0], [3149.3, 21428.0], [3149.35, 17782.0], [3149.4, 3082.0], [3149.45, 12806.0], [3149.55, 13531.0], [3149.6, 1063.0], [3149.65, 3827.0], [3149.8, 3832.0]]}}}
{"jsonrpc": "2.0", "method": "subscription", "params": {"channel": "book.ETH-PERPETUAL.none.20.100ms", "data": {"timestamp": 1764896095108, "change_id": 100103957111, "instrument_name": "ETH-PERPETUAL", "bids": [[3148.1, 49371.0], [3148.0, 90.0], [3147.95, 1940.0], [3147.9, 6500.0], [3147.85, 1940.0], [3147.8, 6500.0], [3147.75, 8046.0], [3147.7, 6500.0], [3147.65, 22500.0], [3147.6, 3647.0], [3147.55, 1315.0], [3147.45, 11559.0], [3147.4, 2999.0], [3147.35, 3823.0], [3147.3, 12808.0], [3147.25, 1746.0], [3147.2, 5721.0], [3147.15, 1512.0], [3147.1, 5221.0], [3147.0, 1167.0]], "asks": [[3148.15, 13644.0], [3148.3, 6100.0], [3148.35, 57742.0], [3148.55, 5404.0], [3148.6, 18104.0], [3148.7, 2283.0], [3148.8, 1233.0], [3148.95, 4130.0], [3149.0, 2687.0], [3149.05, 9000.0], [3149.1, 1136.0], [3149.15, 3806.0], [3149.3, 21428.0], [3149.35, 17782.0], [3149.4, 3082.0], [3149.45, 12806.0], [3149.55, 13531.0], [3149.6, 1063.0], [3149.65, 3827.0], [3149.8, 3832.0]]}}}
{"jsonrpc": "2.0", "method": "subscription", "params": {"channel": "book.ETH-PERPETUAL.none.20.100ms", "data": {"timestamp": 1764896095468, "change_id": 100103957724, "instrument_name": "ETH-PERPETUAL", "bids": [[3148.1, 38967.0], [3148.0, 90.0], [3147.85, 1940.0], [3147.8, 6500.0], [3147.75, 8046.0], [3147.7, 6500.0], [3147.65, 22500.0], [3147.6, 3647.0], [3147.55, 1315.0], [3147.45, 11559.0], [3147.35, 3823.0], [3147.3, 12808.0], [3147.25, 38.0], [3147.2, 5721.0], [3147.15, 1512.0], [3147.1, 5221.0], [3147.0, 1167.0], [3146.95, 3908.0], [3146.85, 1173.0], [3146.75, 3929.0]], "asks": [[3148.15, 13277.0], [3148.25, 19057.0], [3148.3, 56100.0], [3148.35, 7742.0], [3148.55, 5404.0], [3148.6, 18104.0], [3148.7, 2283.0], [3148.8, 1233.0], [3148.95, 4130.0], [3149.0, 22695.0], [3149.05, 9000.0], [3149.1, 18918.0], [3149.15, 3806.0], [3149.3, 1420.0], [3149.4, 3082.0], [3149.45, 12806.0], [3149.55, 13531.0], [3149.6, 1063.0], [3149.65, 3827.0], [3149.8, 3832.0]]}}}
{"jsonrpc": "2.0", "method": "subscription", "params": {"channel": "book.ETH-PERPETUAL.none.20.100ms", "data": {"timestamp": 1764896095795, "change_id": 100103958029, "instrument_name": "ETH-PERPETUAL", "bids": [[3148.1, 13967.0], [3148.0, 90.0], [3147.95, 1940.0], [3147.9, 15903.0], [3147.85, 25000.0], [3147.8, 6500.0], [3147.75, 8046.0], [3147.7, 6500.0], [3147.65, 22500.0], [3147.6, 3647.0], [3147.55, 1315.0], [3147.45, 11559.0], [3147.35, 3823.0], [3147.3, 12808.0], [3147.25, 2641.0], [3147.2, 8720.0], [3147.15, 1512.0], [3147.1, 5221.0], [3147.0, 1167.0], [3146.95, 3908.0]], "asks": [[3148.15, 20901.0], [3148.2, 6000.0], [3148.25, 19057.0], [3148.3, 56100.0], [3148.35, 7742.0], [3148.55, 5404.0], [3148.6, 18104.0], [3148.7, 2283.0], [3148.8, 1233.0], [3148.95, 4159.0], [3149.0, 2687.0], [3149.05, 29008.0], [3149.1, 18918.0], [3149.15, 3806.0], [3149.3, 1420.0], [3149.4, 3082.0], [3149.45, 12806.0], [3149.55, 1142.0], [3149.6, 1063.0], [3149.65, 3827.0]]}}}
{"jsonrpc": "2.0", "method": "subscription", "params": {"channel": "book.ETH-PERPETUAL.none.20.100ms", "data": {"timestamp": 1764896096104, "change_id": 100103958270, "instrument_name": "ETH-PERPETUAL", "bids": [[3148.1, 13967.0], [3148.0, 90.0], [3147.95, 8440.0], [3147.9, 15903.0], [3147.85, 25000.0], [3147.8, 6500.0], [3147.75, 8046.0], [3147.7, 6500.0], [3147.65, 22500.0], [3147.6, 3647.0], [3147.55, 1315.0], [3147.45, 11559.0], [3147.35, 3823.0], [3147.3, 15807.0], [3147.25, 1746.0], [3147.2, 5721.0], [3147.15, 1512.0], [3147.1, 5221.0], [3147.0, 1167.0], [3146.95, 3908.0]], "asks": [[3148.15, 12602.0], [3148.2, 6500.0], [3148.25, 19057.0], [3148.3, 50000.0], [3148.35, 7742.0], [3148.55, 5404.0], [3148.6, 18104.0], [3148.7, 2283.0], [3148.8, 1233.0], [3148.95, 4130.0], [3149.0, 2687.0], [3149.05, 9000.0], [3149.1, 21144.0], [3149.15, 3806.0], [3149.3, 1420.0], [3149.35, 17782.0], [3149.4, 3082.0], [3149.45, 12806.0], [3149.5, 12893.0], [3149.55, 1142.0]]}}}
{"jsonrpc": "2.0", "method": "subscription", "params": {"channel": "book.ETH-PERPETUAL.none.20.100ms", "data": {"timestamp": 1764896096455, "change_id": 100103958880, "instrument_name": "ETH-PERPETUAL", "bids": [[3148.1, 13967.0], [3148.0, 90.0], [3147.95, 8440.0], [3147.9, 6500.0], [3147.85, 25000.0], [3147.8, 6500.0], [3147.75, 8046.0], [3147.7, 6500.0], [3147.65, 22500.0], [3147.6, 3647.0], [3147.55, 1315.0], [3147.45, 11559.0], [3147.35, 3823.0], [3147.3, 15807.0], [3147.25, 1746.0], [3147.2, 5721.0], [3147.15, 1512.0], [3147.1, 5221.0], [3147.0, 1167.0], [3146.95, 3908.0]], "asks": [[3148.15, 11088.0], [3148.25, 19057.0], [3148.3, 50000.0], [3148.35, 7742.0], [3148.55, 5404.0], [3148.6, 18104.0], [3148.7, 2283.0], [3148.8, 1233.0], [3148.95, 4130.0], [3149.0, 2687.0], [3149.05, 9000.0], [3149.1, 21144.0], [3149.15, 3806.0], [3149.3, 1420.0], [3149.35, 17782.0], [3149.4, 3082.0], [3149.45, 12806.0], [3149.5, 12893.0], [3149.55, 1142.0], [3149.6, 1063.0]]}}}
{"jsonrpc": "2.0", "method": "subscription", "params": {"channel": "book.ETH-PERPETUAL.none.20.100ms", "data": {"timestamp": 1764896096749, "change_id": 100103959140, "instrument_name": "ETH-PERPETUAL", "bids": [[3148.1, 13967.0], [3148.0, 90.0], [3147.95, 8440.0], [3147.9, 6500.0], [3147.85, 25000.0], [3147.8, 6500.0], [3147.75, 8046.0], [3147.7, 6500.0], [3147.65, 22500.0], [3147.6, 3647.0], [3147.55, 1315.0], [3147.45, 11559.0], [3147.35, 3823.0], [3147.3, 15807.0], [3147.25, 1746.0], [3147.2, 5721.0], [3147.15, 1512.0], [3147.1, 5221.0], [3147.0, 1167.0], [3146.95, 3908.0]], "asks": [[3148.15, 10778.0], [3148.2, 6500.0], [3148.25, 19057.0], [3148.3, 50000.0], [3148.35, 7742.0], [3148.55, 5404.0], [3148.6, 18104.0], [3148.7, 2283.0], [3148.8, 1233.0], [3148.95, 4130.0], [3149.0, 2687.0], [3149.05, 9000.0], [3149.1, 21144.0], [3149.15, 3806.0], [3149.3, 1420.0], [3149.35, 17782.0], [3149.4, 3082.0], [3149.45, 12806.0], [3149.5, 12893.0], [3149.55, 1142.0]]}}}
{"jsonrpc": "2.0", "method": "subscription", "params": {"channel": "book.ETH-PERPETUAL.none.20.100ms", "data": {"timestamp": 1764896097090, "change_id": 100103959292, "instrument_name": "ETH-PERPETUAL", "bids": [[3148.1, 13967.0], [3148.0, 3971.0], [3147.95, 6500.0], [3147.9, 15903.0], [3147.85, 25000.0], [3147.8, 6500.0], [3147.75, 8046.0], [3147.7, 6500.0], [3147.65, 22500.0], [3147.6, 3647.0], [3147.55, 1315.0], [3147.45, 11559.0], [3147.35, 3823.0], [3147.3, 15422.0], [3147.25, 3037.0], [3147.2, 5721.0], [3147.15, 1512.0], [3147.1, 5221.0], [3147.0, 1167.0], [3146.95, 3908.0]], "asks": [[3148.15, 10059.0], [3148.2, 6500.0], [3148.25, 19057.0], [3148.3, 50000.0], [3148.35, 7742.0], [3148.55, 5404.0], [3148.6, 18104.0], [3148.7, 2283.0], [3148.8, 1233.0], [3148.95, 4130.0], [3149.0, 2687.0], [3149.05, 9000.0], [3149.1, 21144.0], [3149.15, 3806.0], [3149.3, 1420.0], [3149.35, 17782.0], [3149.4, 3082.0], [3149.45, 12806.0], [3149.5, 12893.0], [3149.55, 1142.0]]}}}
{"jsonrpc": "2.0", "method": "subscription", "params": {"channel": "book.ETH-PERPETUAL.none.20.100ms", "data": {"timestamp": 1764896097371, "change_id": 100103959793, "instrument_name": "ETH-PERPETUAL", "bids": [[3148.1, 13967.0], [3148.0, 3971.0], [3147.95, 6500.0], [3147.9, 15903.0], [3147.85, 25000.0], [3147.8, 6500.0], [3147.75, 8046.0], [3147.7, 6500.0], [3147.65, 22500.0], [3147.6, 3647.0], [3147.55, 1315.0], [3147.45, 11559.0], [3147.35, 3823.0], [3147.3, 15422.0], [3147.25, 3037.0], [3147.2, 5721.0], [3147.15, 1512.0], [3147.1, 5221.0], [3147.0, 1167.0], [3146.95, 3908.0]], "asks": [[3148.15, 10348.0], [3148.2, 6500.0], [3148.25, 19057.0], [3148.3, 50000.0], [3148.35, 7742.0], [3148.55, 5404.0], [3148.6, 18104.0], [3148.7, 2283.0], [3148.8, 1233.0], [3148.95, 4130.0], [3149.0, 8315.0], [3149.05, 9000.0], [3149.1, 21144.0], [3149.15, 3806.0], [3149.3, 1420.0], [3149.35, 17782.0], [3149.4, 3082.0], [3149.45, 12806.0], [3149.5, 12893.0], [3149.55, 1142.0]]}}}
{"jsonrpc": "2.0", "method": "subscription", "params": {"channel": "book.ETH-PERPETUAL.none.20.100ms", "data": {"timestamp": 1764896097767, "change_id": 100103960215, "instrument_name": "ETH-PERPETUAL", "bids": [[3148.1, 49117.0], [3148.0, 2030.0], [3147.95, 6500.0], [3147.9, 1940.0], [3147.8, 6500.0], [3147.75, 8046.0], [3147.7, 6500.0], [3147.65, 22500.0], [3147.6, 3647.0], [3147.55, 1315.0], [3147.45, 11559.0], [3147.35, 6822.0], [3147.3, 12808.0], [3147.25, 38.0], [3147.2, 5721.0], [3147.15, 1512.0], [3147.1, 5221.0], [3147.0, 1167.0], [3146.95, 3908.0], [3146.85, 1173.0]], "asks": [[3148.15, 7707.0], [3148.2, 330.0], [3148.25, 19057.0], [3148.35, 57742.0], [3148.55, 5404.0], [3148.6, 18104.0], [3148.7, 2283.0], [3148.8, 1233.0], [3148.95, 4130.0], [3149.0, 2687.0], [3149.05, 9000.0], [3149.1, 1136.0], [3149.15, 3806.0], [3149.3, 21428.0], [3149.35, 17782.0], [3149.4, 3082.0], [3149.45, 12806.0], [3149.5, 12893.0], [3149.55, 1142.0], [3149.6, 1063.0]]}}}
{"jsonrpc": "2.0", "method": "subscription", "params": {"channel": "book.ETH-PERPETUAL.none.20.100ms", "data": {"timestamp": 1764896098114, "change_id": 100103960447, "instrument_name": "ETH-PERPETUAL", "bids": [[3148.1, 49117.0], [3148.0, 2030.0], [3147.95, 6500.0], [3147.9, 1940.0], [3147.8, 6500.0], [3147.75, 8046.0], [3147.7, 6500.0], [3147.65, 22500.0], [3147.6, 3647.0], [3147.55, 1315.0], [3147.45, 11559.0], [3147.4, 2999.0], [3147.35, 3823.0], [3147.3, 12808.0], [3147.25, 38.0], [3147.2, 5721.0], [3147.15, 1512.0], [3147.1, 5221.0], [3147.0, 1167.0], [3146.95, 3908.0]], "asks": [[3148.15, 1995.0], [3148.2, 714.0], [3148.25, 19057.0], [3148.35, 57742.0], [3148.55, 5404.0], [3148.6, 18104.0], [3148.7, 2283.0], [3148.8, 1233.0], [3148.95, 4130.0], [3149.0, 2687.0], [3149.05, 9000.0], [3149.1, 1136.0], [3149.15, 3806.0], [3149.3, 21428.0], [3149.35, 17782.0], [3149.4, 3082.0], [3149.45, 12806.0], [3149.5, 12893.0], [3149.55, 1142.0], [3149.6, 1063.0]]}}}
{"jsonrpc": "2.0", "method": "subscription", "params": {"channel": "book.ETH-PERPETUAL.none.20.100ms", "data": {"timestamp": 1764896098430, "change_id": 100103960951, "instrument_name": "ETH-PERPETUAL", "bids": [[3148.1, 49117.0], [3148.0, 2030.0], [3147.95, 6500.0], [3147.9, 1940.0], [3147.8, 6500.0], [3147.75, 8046.0], [3147.7, 6500.0], [3147.65, 22500.0], [3147.6, 3647.0], [3147.55, 1315.0], [3147.5, 2999.0], [3147.45, 11559.0], [3147.35, 3823.0], [3147.3, 12808.0], [3147.25, 1746.0], [3147.2, 5721.0], [3147.15, 1512.0], [3147.1, 5221.0], [3147.0, 1167.0], [3146.95, 3908.0]], "asks": [[3148.15, 2929.0], [3148.2, 714.0], [3148.35, 7742.0], [3148.4, 10164.0], [3148.45, 50000.0], [3148.55, 5404.0], [3148.6, 18104.0], [3148.7, 2283.0], [3148.8, 1233.0], [3148.95, 4130.0], [3149.0, 2687.0], [3149.05, 9000.0], [3149.1, 1136.0], [3149.15, 3806.0], [3149.25, 11704.0], [3149.3, 21428.0], [3149.35, 17782.0], [3149.4, 3082.0], [3149.45, 12806.0], [3149.5, 12893.0]]}}}
{"jsonrpc": "2.0", "method": "subscription", "params": {"channel": "book.ETH-PERPETUAL.none.20.100ms", "data": {"timestamp": 1764896098772, "change_id": 100103961280, "instrument_name": "ETH-PERPETUAL", "bids": [[3148.1, 53517.0], [3148.0, 2030.0], [3147.95, 6500.0], [3147.9, 1940.0], [3147.8, 6500.0], [3147.75, 8046.0], [3147.7, 6500.0], [3147.65, 22500.0], [3147.6, 3647.0], [3147.55, 1315.0], [3147.45, 11559.0], [3147.4, 2999.0], [3147.35, 3823.0], [3147.3, 12808.0], [3147.25, 1746.0], [3147.2, 5721.0], [3147.15, 1512.0], [3147.1, 5221.0], [3147.0, 1167.0], [3146.95, 3908.0]], "asks": [[3148.15, 11038.0], [3148.2, 1000.0], [3148.35, 7742.0], [3148.4, 10164.0], [3148.45, 50000.0], [3148.55, 5404.0], [3148.6, 18104.0], [3148.7, 2283.0], [3148.8, 1233.0], [3148.95, 4130.0], [3149.0, 2687.0], [3149.05, 9000.0], [3149.1, 1136.0], [3149.15, 3806.0], [3149.3, 21428.0], [3149.35, 17782.0], [3149.4, 3082.0], [3149.45, 12806.0], [3149.5, 12893.0], [3149.55, 1142.0]]}}}
{"jsonrpc": "2.0", "method": "subscription", "params": {"channel": "book.ETH-PERPETUAL.none.20.100ms", "data": {"timestamp": 1764896099048, "change_id": 100103961428, "instrument_name": "ETH-PERPETUAL", "bids": [[3148.1, 38967.0], [3148.0, 2030.0], [3147.95, 6500.0], [3147.9, 1940.0], [3147.8, 6500.0], [3147.75, 8046.0], [3147.7, 6500.0], [3147.65, 22500.0], [3147.6, 3647.0], [3147.55, 1315.0], [3147.45, 11559.0], [3147.4, 2999.0], [3147.35, 3823.0], [3147.3, 12808.0], [3147.25, 1746.0], [3147.2, 5721.0], [3147.15, 1512.0], [3147.1, 5221.0], [3147.0, 1167.0], [3146.95, 3908.0]], "asks": [[3148.15, 9705.0], [3148.2, 1000.0], [3148.35, 7742.0], [3148.4, 10164.0], [3148.45, 50000.0], [3148.55, 5404.0], [3148.6, 18104.0], [3148.7, 2283.0], [3148.8, 1233.0], [3148.95, 4130.0], [3149.0, 2687.0], [3149.05, 9000.0], [3149.1, 1136.0], [3149.15, 3806.0], [3149.3, 21428.0], [3149.35, 17782.0], [3149.4, 3082.0], [3149.45, 12806.0], [3149.5, 12893.0], [3149.55, 1142.0]]}}}
{"jsonrpc": "2.0", "method": "subscription", "params": {"channel": "book.ETH-PERPETUAL.none.20.100ms", "data": {"timestamp": 1764896099393, "change_id": 100103962044, "instrument_name": "ETH-PERPETUAL", "bids": [[3148.1, 38967.0], [3148.0, 2030.0], [3147.95, 6500.0], [3147.9, 1940.0], [3147.8, 6500.0], [3147.75, 8046.0], [3147.7, 6500.0], [3147.65, 22500.0], [3147.6, 3647.0], [3147.55, 1315.0], [3147.5, 2999.0], [3147.45, 11559.0], [3147.35, 3823.0], [3147.3, 12808.0], [3147.25, 1746.0], [3147.2, 5721.0], [3147.15, 1512.0], [3147.1, 5221.0], [3147.0, 1167.0], [3146.95, 3908.0]], "asks": [[3148.15, 9774.0], [3148.2, 1000.0], [3148.35, 7742.0], [3148.4, 10164.0], [3148.45, 50000.0], [3148.55, 5404.0], [3148.6, 18104.0], [3148.7, 2283.0], [3148.8, 1233.0], [3148.95, 4130.0], [3149.0, 2687.0], [3149.05, 9000.0], [3149.1, 1136.0], [3149.15, 3806.0], [3149.25, 11704.0], [3149.3, 21428.0], [3149.35, 17782.0], [3149.4, 3082.0], [3149.45, 12806.0], [3149.5, 12893.0]]}}}
{"jsonrpc": "2.0", "method": "subscription", "params": {"channel": "book.ETH-PERPETUAL.none.20.100ms", "data": {"timestamp": 1764896099766, "change_id": 100103962336, "instrument_name": "ETH-PERPETUAL", "bids": [[3148.1, 45467.0], [3148.0, 2030.0], [3147.95, 6500.0], [3147.9, 1940.0], [3147.8, 6500.0], [3147.75, 8046.0], [3147.7, 6500.0], [3147.65, 22500.0], [3147.6, 3647.0], [3147.55, 1315.0], [3147.5, 2999.0], [3147.45, 11559.0], [3147.35, 3823.0], [3147.3, 12808.0], [3147.25, 1746.0], [3147.2, 5721.0], [3147.15, 1512.0], [3147.1, 5221.0], [3147.0, 1167.0], [3146.95, 3908.0]], "asks": [[3148.15, 9903.0], [3148.2, 1000.0], [3148.35, 7742.0], [3148.4, 10164.0], [3148.45, 50000.0], [3148.55, 5404.0], [3148.6, 18104.0], [3148.7, 2283.0], [3148.8, 1233.0], [3148.95, 4130.0], [3149.0, 2687.0], [3149.05, 9000.0], [3149.1, 1136.0], [3149.15, 3806.0], [3149.3, 21428.0], [3149.35, 17782.0], [3149.4, 3082.0], [3149.45, 12806.0], [3149.5, 12893.0], [3149.55, 1142.0]]}}}
{"jsonrpc": "2.0", "method": "subscription", "params": {"channel": "book.ETH-PERPETUAL.none.20.100ms", "data": {"timestamp": 1764896100018, "change_id": 100103962466, "instrument_name": "ETH-PERPETUAL", "bids": [[3148.1, 45467.0], [3148.0, 2030.0], [3147.95, 6500.0], [3147.9, 1940.0], [3147.8, 6500.0], [3147.75, 8046.0], [3147.7, 6500.0], [3147.65, 22500.0], [3147.6, 3647.0], [3147.55, 1315.0], [3147.45, 11559.0], [3147.4, 2999.0], [3147.35, 3823.0], [3147.3, 12808.0], [3147.25, 1746.0], [3147.2, 5721.0], [3147.15, 1512.0], [3147.1, 5221.0], [3147.0, 1167.0], [3146.95, 3908.0]], "asks": [[3148.15, 11245.0], [3148.2, 1000.0], [3148.35, 7742.0], [3148.4, 10164.0], [3148.45, 50000.0], [3148.55, 5404.0], [3148.6, 18104.0], [3148.7, 2283.0], [3148.8, 1233.0], [3148.95, 4130.0], [3149.0, 2687.0], [3149.05, 9000.0], [3149.1, 1136.0], [3149.15, 3806.0], [3149.3, 21428.0], [3149.35, 17782.0], [3149.4, 3082.0], [3149.45, 12806.0], [3149.55, 1142.0], [3149.6, 1063.0]]}}}
{"jsonrpc": "2.0", "method": "subscription", "params": {"channel": "book.ETH-PERPETUAL.none.20.100ms", "data": {"timestamp": 1764896100428, "change_id": 100103963119, "instrument_name": "ETH-PERPETUAL", "bids": [[3148.1, 38967.0], [3148.0, 2030.0], [3147.95, 6500.0], [3147.9, 1940.0], [3147.8, 6500.0], [3147.75, 8046.0], [3147.7, 6500.0], [3147.65, 22500.0], [3147.6, 3647.0], [3147.55, 1315.0], [3147.45, 11559.0], [3147.35, 3823.0], [3147.3, 12808.0], [3147.25, 1746.0], [3147.2, 5721.0], [3147.15, 1512.0], [3147.1, 5221.0], [3147.0, 1167.0], [3146.95, 3908.0], [3146.85, 1173.0]], "asks": [[3148.15, 10729.0], [3148.2, 1000.0], [3148.35, 57742.0], [3148.55, 5404.0], [3148.6, 18104.0], [3148.7, 2283.0], [3148.8, 1233.0], [3148.95, 4130.0], [3149.0, 2687.0], [3149.05, 9000.0], [3149.1, 1136.0], [3149.15, 3806.0], [3149.25, 11704.0], [3149.3, 21428.0], [3149.35, 17782.0], [3149.4, 3082.0], [3149.45, 12806.0], [3149.5, 12423.0], [3149.55, 1142.0], [3149.6, 1063.0]]}}}
{"jsonrpc": "2.0", "method": "subscription", "params": {"channel": "book.ETH-PERPETUAL.none.20.100ms", "data": {"timestamp": 1764896100746, "change_id": 100103963415, "instrument_name": "ETH-PERPETUAL", "bids": [[3148.1, 38967.0], [3148.0, 2030.0], [3147.95, 6500.0], [3147.9, 1940.0], [3147.8, 6500.0], [3147.75, 8046.0], [3147.7, 6500.0], [3147.65, 22500.0], [3147.6, 3647.0], [3147.55, 1315.0], [3147.45, 11559.0], [3147.4, 2999.0], [3147.35, 3823.0], [3147.3, 12808.0], [3147.25, 1746.0], [3147.2, 5721.0], [3147.15, 1512.0], [3147.1, 5221.0], [3147.0, 1167.0], [3146.95, 3908.0]], "asks": [[3148.15, 10266.0], [3148.2, 1000.0], [3148.3, 17236.0], [3148.35, 57742.0], [3148.55, 5404.0], [3148.6, 18104.0], [3148.7, 2283.0], [3148.8, 1233.0], [3148.95, 4130.0], [3149.0, 2687.0], [3149.05, 9000.0], [3149.1, 1136.0], [3149.15, 3806.0], [3149.3, 21428.0], [3149.35, 17782.0], [3149.4, 3082.0], [3149.45, 12806.0], [3149.5, 12423.0], [3149.55, 1142.0], [3149.6, 1063.0]]}}}
{"jsonrpc": "2.0", "method": "subscription", "params": {"channel": "book.ETH-PERPETUAL.none.20.100ms", "data": {"timestamp": 1764896101083, "change_id": 100103963573, "instrument_name": "ETH-PERPETUAL", "bids": [[3148.1, 38967.0], [3148.0, 90.0], [3147.9, 1940.0], [3147.8, 6500.0], [3147.75, 8046.0], [3147.7, 6500.0], [3147.65, 22500.0], [3147.6, 3647.0], [3147.55, 1315.0], [3147.45, 11559.0], [3147.4, 2999.0], [3147.35, 3823.0], [3147.3, 12808.0], [3147.25, 1746.0], [3147.2, 5721.0], [3147.15, 1512.0], [3147.1, 5221.0], [3147.0, 1167.0], [3146.95, 3908.0], [3146.85, 1173.0]], "asks": [[3148.15, 11397.0], [3148.2, 1000.0], [3148.3, 17236.0], [3148.35, 52311.0], [3148.4, 7742.0], [3148.55, 5404.0], [3148.6, 18104.0], [3148.7, 2283.0], [3148.8, 1233.0], [3148.95, 4130.0], [3149.0, 2687.0], [3149.05, 9000.0], [3149.1, 1136.0], [3149.15, 3806.0], [3149.3, 21428.0], [3149.35, 17782.0], [3149.4, 3082.0], [3149.45, 12806.0], [3149.5, 12423.0], [3149.55, 1142.0]]}}}
{"jsonrpc": "2.0", "method": "subscription", "params": {"channel": "book.ETH-PERPETUAL.none.20.100ms", "data": {"timestamp": 1764896101407, "change_id": 100103964196, "instrument_name": "ETH-PERPETUAL", "bids": [[3148.1, 13967.0], [3148.0, 90.0], [3147.9, 9155.0], [3147.85, 25000.0], [3147.8, 6500.0], [3147.75, 8046.0], [3147.7, 6500.0], [3147.65, 22500.0], [3147.6, 3647.0], [3147.55, 1315.0], [3147.45, 11559.0], [3147.35, 3823.0], [3147.3, 12808.0], [3147.25, 38.0], [3147.2, 8720.0], [3147.15, 1512.0], [3147.1, 5221.0], [3147.0, 1167.0], [3146.95, 3908.0], [3146.85, 1173.0]], "asks": [[3148.15, 10349.0], [3148.2, 1000.0], [3148.25, 14925.0], [3148.3, 50000.0], [3148.35, 2311.0], [3148.4, 7742.0], [3148.55, 5404.0], [3148.6, 18104.0], [3148.7, 2283.0], [3148.8, 1233.0], [3148.95, 4535.0], [3149.0, 8315.0], [3149.05, 9000.0], [3149.1, 21144.0], [3149.15, 3806.0], [3149.3, 1420.0], [3149.35, 17782.0], [3149.4, 3082.0], [3149.45, 12806.0], [3149.5, 12423.0]]}}}
{"jsonrpc": "2.0", "method": "subscription", "params": {"channel": "book.ETH-PERPETUAL.none.20.100ms", "data": {"timestamp": 1764896101731, "change_id": 100103964513, "instrument_name": "ETH-PERPETUAL", "bids": [[3148.1, 13967.0], [3148.0, 90.0], [3147.95, 1940.0], [3147.9, 15655.0], [3147.85, 25000.0], [3147.8, 6500.0], [3147.75, 8046.0], [3147.7, 6500.0], [3147.65, 22500.0], [3147.6, 3647.0], [3147.55, 1315.0], [3147.45, 11559.0], [3147.35, 3823.0], [3147.3, 12808.0], [3147.25, 2641.0], [3147.2, 8720.0], [3147.15, 1512.0], [3147.1, 5221.0], [3147.0, 1167.0], [3146.95, 3908.0]], "asks": [[3148.15, 18989.0], [3148.2, 1000.0], [3148.25, 14925.0], [3148.3, 50000.0], [3148.35, 2311.0], [3148.4, 7742.0], [3148.55, 5404.0], [3148.6, 18104.0], [3148.7, 2283.0], [3148.8, 1233.0], [3148.9, 758.0], [3148.95, 4130.0], [3149.0, 2687.0], [3149.05, 9000.0], [3149.1, 1136.0], [3149.15, 3806.0], [3149.3, 21428.0], [3149.35, 17782.0], [3149.4, 3082.0], [3149.45, 12806.0]]}}}
{"jsonrpc": "2.0", "method": "subscription", "params": {"channel": "book.ETH-PERPETUAL.none.20.100ms", "data": {"timestamp": 1764896102079, "change_id": 100103964698, "instrument_name": "ETH-PERPETUAL", "bids": [[3148.1, 13967.0], [3148.0, 90.0], [3147.95, 1940.0], [3147.9, 15655.0], [3147.85, 25000.0], [3147.8, 6500.0], [3147.75, 8046.0], [3147.7, 6500.0], [3147.65, 22500.0], [3147.6, 3647.0], [3147.55, 1315.0], [3147.45, 11559.0], [3147.35, 3823.0], [3147.3, 12808.0], [3147.25, 1746.0], [3147.2, 5721.0], [3147.15, 4511.0], [3147.1, 5221.0], [3147.0, 1167.0], [3146.95, 3908.0]], "asks": [[3148.15, 9544.0], [3148.2, 1000.0], [3148.25, 14925.0], [3148.3, 50000.0], [3148.35, 2311.0], [3148.4, 7742.0], [3148.55, 5404.0], [3148.6, 18104.0], [3148.7, 2283.0], [3148.8, 1233.0], [3148.9, 1332.0], [3148.95, 4130.0], [3149.0, 2687.0], [3149.05, 9000.0], [3149.1, 1136.0], [3149.15, 3806.0], [3149.3, 21428.0], [3149.35, 17782.0], [3149.4, 3082.0], [3149.45, 12806.0]]}}}
{"jsonrpc": "2.0", "method": "subscription", "params": {"channel": "book.ETH-PERPETUAL.none.20.100ms", "data": {"timestamp": 1764896102407, "change_id": 100103965401, "instrument_name": "ETH-PERPETUAL", "bids": [[3148.1, 51151.0], [3148.0, 90.0], [3147.95, 1940.0], [3147.9, 8440.0], [3147.8, 6500.0], [3147.75, 8046.0], [3147.7, 6500.0], [3147.65, 22500.0], [3147.6, 3647.0], [3147.55, 1315.0], [3147.5, 2999.0], [3147.45, 11559.0], [3147.35, 3823.0], [3147.3, 12808.0], [3147.25, 1746.0], [3147.2, 5721.0], [3147.15, 1512.0], [3147.1, 5221.0], [3147.0, 1167.0], [3146.95, 3908.0]], "asks": [[3148.15, 8811.0], [3148.2, 1000.0], [3148.3, 50000.0], [3148.55, 5404.0], [3148.6, 18104.0], [3148.7, 2283.0], [3148.8, 1233.0], [3148.95, 4130.0], [3149.0, 2687.0], [3149.05, 9000.0], [3149.1, 1136.0], [3149.15, 3806.0], [3149.25, 11704.0], [3149.3, 21428.0], [3149.35, 17782.0], [3149.4, 3082.0], [3149.45, 12806.0], [3149.5, 12730.0], [3149.55, 1142.0], [3149.6, 1063.0]]}}}
{"jsonrpc": "2.0", "method": "subscription", "params": {"channel": "book.ETH-PERPETUAL.none.20.100ms", "data": {"timestamp": 1764896102740, "change_id": 100103965748, "instrument_name": "ETH-PERPETUAL", "bids": [[3148.1, 38967.0], [3148.0, 90.0], [3147.9, 4200.0], [3147.8, 6500.0], [3147.75, 16446.0], [3147.7, 6500.0], [3147.65, 23242.0], [3147.6, 1532.0], [3147.55, 1315.0], [3147.45, 3817.0], [3147.35, 3823.0], [3147.3, 15807.0], [3147.25, 1746.0], [3147.2, 5721.0], [3147.15, 1512.0], [3147.1, 5221.0], [3147.0, 1167.0], [3146.95, 3908.0], [3146.85, 1173.0], [3146.75, 3929.0]], "asks": [[3148.15, 9373.0], [3148.2, 1000.0], [3148.25, 6500.0], [3148.3, 50000.0], [3148.35, 7742.0], [3148.55, 5404.0], [3148.6, 18104.0], [3148.7, 2283.0], [3148.8, 1233.0], [3148.95, 4130.0], [3149.0, 2687.0], [3149.05, 9000.0], [3149.1, 1136.0], [3149.15, 3806.0], [3149.3, 21428.0], [3149.35, 17782.0], [3149.4, 3082.0], [3149.45, 12806.0], [3149.5, 12730.0], [3149.55, 1142.0]]}}}
{"jsonrpc": "2.0", "method": "subscription", "params": {"channel": "book.ETH-PERPETUAL.none.20.100ms", "data": {"timestamp": 1764896103072, "change_id": 100103965895, "instrument_name": "ETH-PERPETUAL", "bids": [[3148.1, 13967.0], [3148.0, 90.0], [3147.9, 4200.0], [3147.8, 6500.0], [3147.75, 16446.0], [3147.7, 6500.0], [3147.65, 23242.0], [3147.6, 1532.0], [3147.55, 1315.0], [3147.45, 3817.0], [3147.35, 3823.0], [3147.3, 15422.0], [3147.25, 3037.0], [3147.2, 5721.0], [3147.15, 1512.0], [3147.1, 5221.0], [3147.0, 1167.0], [3146.95, 3908.0], [3146.85, 1173.0], [3146.75, 3929.0]], "asks": [[3148.15, 8709.0], [3148.2, 1000.0], [3148.25, 6500.0], [3148.3, 50000.0], [3148.35, 7742.0], [3148.55, 5404.0], [3148.6, 18104.0], [3148.7, 2283.0], [3148.8, 1233.0], [3148.95, 4130.0], [3149.0, 2804.0], [3149.05, 9000.0], [3149.1, 1136.0], [3149.15, 3806.0], [3149.3, 21428.0], [3149.35, 17782.0], [3149.4, 3082.0], [3149.45, 12806.0], [3149.5, 12730.0], [3149.55, 1142.0]]}}}
{"jsonrpc": "2.0", "method": "subscription", "params": {"channel": "book.ETH-PERPETUAL.none.20.100ms", "data": {"timestamp": 1764896103393, "change_id": 100103966557, "instrument_name": "ETH-PERPETUAL", "bids": [[3148.1, 13967.0], [3148.0, 90.0], [3147.9, 9155.0], [3147.8, 31500.0], [3147.75, 8046.0], [3147.7, 6500.0], [3147.65, 23242.0], [3147.6, 3843.0], [3147.55, 1315.0], [3147.45, 12217.0], [3147.35, 3823.0], [3147.3, 15422.0], [3147.25, 3037.0], [3147.2, 5721.0], [3147.15, 1512.0], [3147.1, 5221.0], [3147.0, 1167.0], [3146.95, 3908.0], [3146.85, 1173.0], [3146.75, 3929.0]], "asks": [[3148.15, 10464.0], [3148.2, 1000.0], [3148.25, 23736.0], [3148.3, 50000.0], [3148.35, 7742.0], [3148.55, 5404.0], [3148.6, 18104.0], [3148.7, 2283.0], [3148.8, 1233.0], [3148.95, 4130.0], [3149.0, 2687.0], [3149.05, 9000.0], [3149.1, 1136.0], [3149.15, 3806.0], [3149.3, 21428.0], [3149.35, 17782.0], [3149.4, 3082.0], [3149.45, 12806.0], [3149.5, 12730.0], [3149.55, 1142.0]]}}}
{"jsonrpc": "2.0", "method": "subscription", "params": {"channel": "book.ETH-PERPETUAL.none.20.100ms", "data": {"timestamp": 1764896103701, "change_id": 100103966868, "instrument_name": "ETH-PERPETUAL", "bids": [[3148.1, 38967.0], [3148.0, 90.0], [3147.9, 1940.0], [3147.8, 6500.0], [3147.75, 8046.0], [3147.7, 6500.0], [3147.65, 23242.0], [3147.6, 3843.0], [3147.55, 1315.0], [3147.45, 12217.0], [3147.35, 6822.0], [3147.3, 12808.0], [3147.25, 38.0], [3147.2, 5721.0], [3147.15, 1512.0], [3147.1, 5221.0], [3147.0, 1167.0], [3146.95, 3908.0], [3146.85, 1173.0], [3146.75, 3929.0]], "asks": [[3148.15, 10357.0], [3148.2, 1000.0], [3148.25, 17236.0], [3148.3, 50000.0], [3148.35, 7742.0], [3148.55, 5404.0], [3148.6, 18104.0], [3148.7, 2283.0], [3148.8, 1233.0], [3148.95, 4130.0], [3149.0, 2687.0], [3149.05, 9000.0], [3149.1, 1136.0], [3149.15, 3806.0], [3149.2, 20008.0], [3149.3, 1420.0], [3149.35, 17782.0], [3149.4, 3082.0], [3149.45, 12806.0], [3149.5, 12730.0]]}}}
{"jsonrpc": "2.0", "method": "subscription", "params": {"channel": "book.ETH-PERPETUAL.none.20.100ms", "data": {"timestamp": 1764896104064, "change_id": 100103967022, "instrument_name": "ETH-PERPETUAL", "bids": [[3148.1, 38967.0], [3148.0, 90.0], [3147.9, 1940.0], [3147.8, 6500.0], [3147.75, 8046.0], [3147.7, 6500.0], [3147.65, 23242.0], [3147.6, 3843.0], [3147.55, 1315.0], [3147.45, 12217.0], [3147.35, 6822.0], [3147.3, 12808.0], [3147.25, 38.0], [3147.2, 5721.0], [3147.15, 1512.0], [3147.1, 5221.0], [3147.0, 1167.0], [3146.95, 3908.0], [3146.85, 1173.0], [3146.75, 3929.0]], "asks": [[3148.15, 10027.0], [3148.2, 1000.0], [3148.25, 17236.0], [3148.3, 50000.0], [3148.35, 7742.0], [3148.55, 5404.0], [3148.6, 18104.0], [3148.7, 2283.0], [3148.8, 1233.0], [3148.95, 4130.0], [3149.0, 2687.0], [3149.05, 9000.0], [3149.1, 1136.0], [3149.15, 3806.0], [3149.3, 21428.0], [3149.35, 17782.0], [3149.4, 3082.0], [3149.45, 12806.0], [3149.5, 12730.0], [3149.55, 1142.0]]}}}
{"jsonrpc": "2.0", "method": "subscription", "params": {"channel": "book.ETH-PERPETUAL.none.20.100ms", "data": {"timestamp": 1764896104371, "change_id": 100103967601, "instrument_name": "ETH-PERPETUAL", "bids": [[3148.1, 49792.0], [3148.0, 90.0], [3147.9, 1940.0], [3147.8, 6500.0], [3147.75, 8046.0], [3147.7, 6500.0], [3147.65, 23242.0], [3147.6, 3843.0], [3147.55, 1315.0], [3147.45, 12217.0], [3147.4, 2999.0], [3147.35, 3823.0], [3147.3, 12808.0], [3147.25, 38.0], [3147.2, 5721.0], [3147.15, 1512.0], [3147.1, 5221.0], [3147.0, 1167.0], [3146.95, 3908.0], [3146.85, 1173.0]], "asks": [[3148.15, 10139.0], [3148.2, 764.0], [3148.3, 50000.0], [3148.55, 5404.0], [3148.6, 18104.0], [3148.7, 2283.0], [3148.8, 1233.0], [3148.95, 4130.0], [3149.0, 2687.0], [3149.05, 9000.0], [3149.1, 1136.0], [3149.15, 3806.0], [3149.3, 1420.0], [3149.35, 37790.0], [3149.4, 3082.0], [3149.45, 12806.0], [3149.55, 1142.0], [3149.6, 1063.0], [3149.65, 3827.0], [3149.8, 3832.0]]}}}
{"jsonrpc": "2.0", "method": "subscription", "params": {"channel": "book.ETH-PERPETUAL.none.20.100ms", "data": {"timestamp": 1764896104717, "change_id": 100103968014, "instrument_name": "ETH-PERPETUAL", "bids": [[3148.1, 56292.0], [3148.0, 2030.0], [3147.95, 6500.0], [3147.9, 1940.0], [3147.8, 6500.0], [3147.75, 8046.0], [3147.7, 6500.0], [3147.65, 23242.0], [3147.6, 3843.0], [3147.55, 1315.0], [3147.45, 12217.0], [3147.4, 2999.0], [3147.35, 3823.0], [3147.3, 12808.0], [3147.25, 1746.0], [3147.2, 5721.0], [3147.15, 1512.0], [3147.1, 5221.0], [3147.0, 1167.0], [3146.95, 3908.0]], "asks": [[3148.15, 9514.0], [3148.2, 1130.0], [3148.3, 50000.0], [3148.35, 2311.0], [3148.4, 7742.0], [3148.55, 5404.0], [3148.6, 18104.0], [3148.7, 2283.0], [3148.8, 1233.0], [3148.95, 4130.0], [3149.0, 2687.0], [3149.05, 9000.0], [3149.1, 1136.0], [3149.15, 3806.0], [3149.25, 20008.0], [3149.3, 1420.0], [3149.35, 17782.0], [3149.4, 3082.0], [3149.45, 12806.0], [3149.55, 13640.0]]}}}
