{"jsonrpc": "2.0", "id": 1, "result": ["book.ETH-PERPETUAL.none.20.100ms"], "usIn": 1772207274408903, "usOut": 1772207274409077, "usDiff": 174, "testnet": false}
{"jsonrpc": "2.0", "method": "subscription", "params": {"channel": "book.ETH-PERPETUAL.none.20.100ms", "data": {"timestamp": 1772207274406, "change_id": 111090138120, "instrument_name": "ETH-PERPETUAL", "bids": [[1948.45, 43209.0], [1948.3, 2.0], [1948.25, 3048.0], [1948.2, 10721.0], [1948.0, 212.0], [1947.9, 1271.0], [1947.85, 1416.0], [1947.8, 9656.0], [1947.75, 19984.0], [1947.7, 2843.0], [1947.6, 3054.0], [1947.55, 17760.0], [1947.5, 9818.0], [1947.4, 2198.0], [1947.35, 2849.0], [1947.3, 4516.0], [1947.25, 2845.0], [1947.2, 12085.0], [1947.15, 2847.0], [1947.05, 2843.0]], "asks": [[1948.5, 89498.0], [1948.65, 15966.0], [1948.7, 51194.0], [1948.85, 1773.0], [1948.9, 5939.0], [1949.1, 1073.0], [1949.15, 110.0], [1949.2, 2852.0], [1949.3, 1065.0], [1949.35, 2852.0], [1949.5, 2856.0], [1949.55, 200.0], [1949.6, 2853.0], [1949.7, 2837.0], [1949.75, 20004.0], [1949.8, 2834.0], [1949.85, 17779.0], [1949.9, 25228.0], [1950.0, 60.0], [1950.05, 2830.0]]}}}
{"jsonrpc": "2.0", "method": "subscription", "params": {"channel": "book.ETH-PERPETUAL.none.20.100ms", "data": {"timestamp": 1772207274605, "change_id": 111090138427, "instrument_name": "ETH-PERPETUAL", "bids": [[1948.45, 43309.0], [1948.3, 2.0], [1948.25, 3048.0], [1948.2, 10721.0], [1948.0, 212.0], [1947.9, 1271.0], [1947.85, 1416.0], [1947.8, 9656.0], [1947.75, 19984.0], [1947.7, 2843.0], [1947.65, 17760.0], [1947.6, 3054.0], [1947.5, 9818.0], [1947.4, 2198.0], [1947.35, 2849.0], [1947.3, 4516.0], [1947.25, 2845.0], [1947.2, 12085.0], [1947.15, 2847.0], [1947.05, 2843.0]], "asks": [[1948.5, 89769.0], [1948.65, 15966.0], [1948.7, 50000.0], [1948.85, 1773.0], [1948.9, 5939.0], [1949.1, 1073.0], [1949.15, 110.0], [1949.2, 2852.0], [1949.3, 1065.0], [1949.35, 2852.0], [1949.5, 2856.0], [1949.55, 200.0], [1949.6, 2853.0], [1949.7, 2837.0], [1949.8, 22838.0], [1949.85, 17779.0], [1949.9, 25228.0], [1950.0, 60.0], [1950.05, 2830.0], [1950.15, 2831.0]]}}}
{"jsonrpc": "2.0", "method": "subscription", "params": {"channel": "book.ETH-PERPETUAL.none.20.100ms", "data": {"timestamp": 1772207274912, "change_id": 111090138839, "instrument_name": "ETH-PERPETUAL", "bids": [[1948.45, 43209.0], [1948.3, 2.0], [1948.25, 3048.0], [1948.2, 10721.0], [1948.0, 212.0], [1947.9, 1271.0], [1947.85, 1416.0], [1947.8, 9656.0], [1947.75, 19984.0], [1947.7, 2843.0], [1947.65, 17760.0], [1947.6, 3054.0], [1947.5, 9818.0], [1947.4, 2198.0], [1947.35, 2849.0], [1947.3, 4516.0], [1947.25, 2845.0], [1947.2, 12085.0], [1947.15, 2847.0], [1947.05, 2843.0]], "asks": [[1948.5, 89769.0], [1948.65, 15966.0], [1948.7, 50000.0], [1948.85, 1773.0], [1948.9, 5939.0], [1949.1, 1073.0], [1949.15, 110.0], [1949.2, 2852.0], [1949.3, 1065.0], [1949.35, 2852.0], [1949.5, 2856.0], [1949.55, 200.0], [1949.6, 2853.0], [1949.7, 2837.0], [1949.75, 20004.0], [1949.8, 2834.0], [1949.85, 17779.0], [1949.9, 25228.0], [1950.0, 60.0], [1950.05, 2830.0]]}}}
{"jsonrpc": "2.0", "method": "subscription", "params": {"channel": "book.ETH-PERPETUAL.none.20.100ms", "data": {"timestamp": 1772207275303, "change_id": 111090139344, "instrument_name": "ETH-PERPETUAL", "bids": [[1948.45, 38209.0], [1948.3, 2.0], [1948.25, 3048.0], [1948.2, 10721.0], [1948.0, 212.0], [1947.9, 1271.0], [1947.85, 1416.0], [1947.8, 9656.0], [1947.75, 19984.0], [1947.7, 2843.0], [1947.6, 3054.0], [1947.55, 17760.0], [1947.5, 9818.0], [1947.4, 2198.0], [1947.35, 2849.0], [1947.3, 4516.0], [1947.25, 2845.0], [1947.2, 12085.0], [1947.15, 2847.0], [1947.05, 2843.0]], "asks": [[1948.5, 89969.0], [1948.65, 15966.0], [1948.7, 50000.0], [1948.85, 1773.0], [1948.9, 5939.0], [1949.1, 1073.0], [1949.15, 110.0], [1949.2, 2852.0], [1949.3, 1065.0], [1949.35, 2852.0], [1949.5, 2856.0], [1949.6, 2853.0], [1949.7, 2837.0], [1949.75, 20004.0], [1949.8, 2834.0], [1949.85, 17779.0], [1949.9, 25228.0], [1950.0, 60.0], [1950.05, 2830.0], [1950.15, 2831.0]]}}}
{"jsonrpc": "2.0", "method": "subscription", "params": {"channel": "book.ETH-PERPETUAL.none.20.100ms", "data": {"timestamp": 1772207275633, "change_id": 111090139674, "instrument_name": "ETH-PERPETUAL", "bids": [[1948.45, 38209.0], [1948.3, 2.0], [1948.25, 3048.0], [1948.2, 10721.0], [1948.0, 212.0], [1947.9, 1271.0], [1947.85, 1416.0], [1947.8, 2842.0], [1947.75, 19984.0], [1947.7, 2843.0], [1947.6, 7842.0], [1947.55, 17760.0], [1947.5, 9818.0], [1947.4, 2198.0], [1947.35, 2849.0], [1947.3, 4516.0], [1947.25, 2845.0], [1947.15, 2847.0], [1947.05, 2843.0], [1946.95, 2837.0]], "asks": [[1948.5, 89769.0], [1948.65, 15966.0], [1948.7, 50000.0], [1948.85, 1773.0], [1948.9, 5939.0], [1949.1, 1073.0], [1949.15, 110.0], [1949.2, 2852.0], [1949.3, 1065.0], [1949.35, 2852.0], [1949.5, 2856.0], [1949.55, 200.0], [1949.6, 2853.0], [1949.7, 2837.0], [1949.75, 20004.0], [1949.8, 11975.0], [1949.85, 17779.0], [1949.9, 12843.0], [1950.0, 60.0], [1950.05, 2830.0]]}}}
{"jsonrpc": "2.0", "method": "subscription", "params": {"channel": "book.ETH-PERPETUAL.none.20.100ms", "data": {"timestamp": 1772207275888, "change_id": 111090140055, "instrument_name": "ETH-PERPETUAL", "bids": [[1948.45, 38309.0], [1948.3, 2.0], [1948.25, 3048.0], [1948.2, 10721.0], [1948.0, 212.0], [1947.9, 1271.0], [1947.85, 1416.0], [1947.8, 2842.0], [1947.75, 19984.0], [1947.7, 2843.0], [1947.6, 19796.0], [1947.55, 17760.0], [1947.5, 9818.0], [1947.4, 2198.0], [1947.35, 2849.0], [1947.3, 4516.0], [1947.25, 2845.0], [1947.15, 2847.0], [1947.05, 2843.0], [1946.95, 2837.0]], "asks": [[1948.5, 89769.0], [1948.65, 15966.0], [1948.7, 50000.0], [1948.85, 1773.0], [1948.9, 5939.0], [1949.1, 1073.0], [1949.15, 110.0], [1949.2, 2852.0], [1949.3, 1065.0], [1949.35, 2852.0], [1949.5, 2856.0], [1949.55, 200.0], [1949.6, 2853.0], [1949.7, 2837.0], [1949.75, 12059.0], [1949.8, 31979.0], [1949.85, 17779.0], [1949.9, 12843.0], [1950.0, 60.0], [1950.05, 2830.0]]}}}
{"jsonrpc": "2.0", "method": "subscription", "params": {"channel": "book.ETH-PERPETUAL.none.20.100ms", "data": {"timestamp": 1772207276274, "change_id": 111090140583, "instrument_name": "ETH-PERPETUAL", "bids": [[1948.45, 43309.0], [1948.3, 2.0], [1948.25, 3048.0], [1948.2, 10721.0], [1948.0, 212.0], [1947.9, 1271.0], [1947.85, 1416.0], [1947.8, 2842.0], [1947.75, 19984.0], [1947.7, 2843.0], [1947.6, 19796.0], [1947.55, 17760.0], [1947.5, 9818.0], [1947.4, 2198.0], [1947.35, 2849.0], [1947.3, 4516.0], [1947.25, 2845.0], [1947.15, 2847.0], [1947.05, 2843.0], [1946.95, 2837.0]], "asks": [[1948.5, 89769.0], [1948.6, 14925.0], [1948.65, 50000.0], [1948.85, 1773.0], [1948.9, 5939.0], [1949.1, 1073.0], [1949.15, 110.0], [1949.2, 2852.0], [1949.3, 1065.0], [1949.35, 2852.0], [1949.5, 2856.0], [1949.55, 200.0], [1949.6, 2853.0], [1949.7, 2837.0], [1949.75, 32063.0], [1949.8, 11975.0], [1949.85, 17779.0], [1949.9, 12843.0], [1950.0, 60.0], [1950.05, 2830.0]]}}}
{"jsonrpc": "2.0", "method": "subscription", "params": {"channel": "book.ETH-PERPETUAL.none.20.100ms", "data": {"timestamp": 1772207276617, "change_id": 111090141007, "instrument_name": "ETH-PERPETUAL", "bids": [[1948.45, 38309.0], [1948.3, 2.0], [1948.05, 1257.0], [1948.0, 4000.0], [1947.9, 1271.0], [1947.85, 1628.0], [1947.8, 2842.0], [1947.7, 8808.0], [1947.6, 23038.0], [1947.5, 9818.0], [1947.45, 17760.0], [1947.35, 2849.0], [1947.3, 4515.0], [1947.25, 2845.0], [1947.15, 2847.0], [1947.05, 2843.0], [1946.95, 10581.0], [1946.9, 25944.0], [1946.85, 2871.0], [1946.8, 5368.0]], "asks": [[1948.5, 94960.0], [1948.55, 50000.0], [1948.75, 8.0], [1948.85, 1773.0], [1948.9, 5939.0], [1949.0, 3.0], [1949.1, 1073.0], [1949.15, 110.0], [1949.2, 2852.0], [1949.3, 1065.0], [1949.35, 2852.0], [1949.4, 631.0], [1949.45, 715.0], [1949.5, 2862.0], [1949.6, 2853.0], [1949.65, 26822.0], [1949.7, 20616.0], [1949.75, 12059.0], [1949.8, 2834.0], [1949.9, 12843.0]]}}}
{"jsonrpc": "2.0", "method": "subscription", "params": {"channel": "book.ETH-PERPETUAL.none.20.100ms", "data": {"timestamp": 1772207276949, "change_id": 111090141597, "instrument_name": "ETH-PERPETUAL", "bids": [[1948.45, 38409.0], [1948.3, 2.0], [1948.05, 1257.0], [1948.0, 4000.0], [1947.95, 212.0], [1947.9, 1271.0], [1947.85, 1416.0], [1947.8, 2842.0], [1947.75, 19984.0], [1947.7, 2843.0], [1947.6, 3054.0], [1947.55, 17760.0], [1947.5, 9818.0], [1947.35, 2849.0], [1947.3, 4515.0], [1947.25, 2845.0], [1947.15, 14658.0], [1947.05, 2843.0], [1946.95, 10581.0], [1946.9, 25944.0]], "asks": [[1948.5, 94760.0], [1948.6, 14925.0], [1948.65, 50000.0], [1948.75, 8.0], [1948.85, 1773.0], [1948.9, 5939.0], [1949.0, 3.0], [1949.1, 1073.0], [1949.15, 110.0], [1949.2, 2852.0], [1949.3, 1065.0], [1949.35, 2852.0], [1949.45, 715.0], [1949.5, 2862.0], [1949.55, 200.0], [1949.6, 2853.0], [1949.7, 2837.0], [1949.75, 32063.0], [1949.8, 2834.0], [1949.85, 17779.0]]}}}
{"jsonrpc": "2.0", "method": "subscription", "params": {"channel": "book.ETH-PERPETUAL.none.20.100ms", "data": {"timestamp": 1772207277266, "change_id": 111090142112, "instrument_name": "ETH-PERPETUAL", "bids": [[1948.45, 38309.0], [1948.3, 5002.0], [1948.05, 1257.0], [1948.0, 4000.0], [1947.9, 1483.0], [1947.85, 1416.0], [1947.8, 2842.0], [1947.7, 2843.0], [1947.6, 23038.0], [1947.5, 9818.0], [1947.4, 17760.0], [1947.35, 2849.0], [1947.3, 4515.0], [1947.25, 2845.0], [1947.15, 14658.0], [1947.05, 2843.0], [1946.95, 10581.0], [1946.9, 25944.0], [1946.85, 2871.0], [1946.8, 5368.0]], "asks": [[1948.5, 94960.0], [1948.55, 50000.0], [1948.75, 8.0], [1948.85, 1773.0], [1948.9, 5939.0], [1949.0, 3.0], [1949.1, 1073.0], [1949.15, 110.0], [1949.2, 2852.0], [1949.3, 1065.0], [1949.35, 2852.0], [1949.5, 2862.0], [1949.6, 2853.0], [1949.65, 20004.0], [1949.7, 20616.0], [1949.75, 12059.0], [1949.8, 2834.0], [1949.9, 12843.0], [1950.0, 60.0], [1950.05, 2830.0]]}}}
{"jsonrpc": "2.0", "method": "subscription", "params": {"channel": "book.ETH-PERPETUAL.none.20.100ms", "data": {"timestamp": 1772207277553, "change_id": 111090142479, "instrument_name": "ETH-PERPETUAL", "bids": [[1948.45, 29431.0], [1948.3, 2.0], [1948.05, 1257.0], [1948.0, 4000.0], [1947.9, 1483.0], [1947.85, 1416.0], [1947.8, 2842.0], [1947.7, 2843.0], [1947.6, 3054.0], [1947.55, 19984.0], [1947.5, 9818.0], [1947.4, 17760.0], [1947.35, 2849.0], [1947.3, 4515.0], [1947.25, 2845.0], [1947.15, 14658.0], [1947.05, 2843.0], [1946.95, 10581.0], [1946.9, 25944.0], [1946.85, 2871.0]], "asks": [[1948.5, 94960.0], [1948.55, 50000.0], [1948.75, 8.0], [1948.85, 1773.0], [1948.9, 5939.0], [1949.0, 3.0], [1949.1, 1073.0], [1949.15, 110.0], [1949.2, 2852.0], [1949.3, 1065.0], [1949.35, 3483.0], [1949.45, 715.0], [1949.5, 2862.0], [1949.6, 2853.0], [1949.65, 20004.0], [1949.7, 20616.0], [1949.75, 12059.0], [1949.8, 2834.0], [1949.9, 12843.0], [1950.0, 60.0]]}}}
{"jsonrpc": "2.0", "method": "subscription", "params": {"channel": "book.ETH-PERPETUAL.none.20.100ms", "data": {"timestamp": 1772207277947, "change_id": 111090143507, "instrument_name": "ETH-PERPETUAL", "bids": [[1948.3, 2.0], [1947.8, 1194.0], [1947.75, 4000.0], [1947.65, 1630.0], [1947.5, 2843.0], [1947.45, 7122.0], [1947.35, 2849.0], [1947.3, 19984.0], [1947.25, 20605.0], [1947.15, 15310.0], [1947.05, 7358.0], [1946.95, 2837.0], [1946.85, 2871.0], [1946.8, 5368.0], [1946.75, 2871.0], [1946.7, 15112.0], [1946.6, 2876.0], [1946.5, 2876.0], [1946.4, 27892.0], [1946.35, 2876.0]], "asks": [[1948.35, 181845.0], [1948.5, 71.0], [1948.75, 8.0], [1948.8, 3780.0], [1948.85, 6723.0], [1948.9, 5939.0], [1948.95, 1038.0], [1949.0, 3476.0], [1949.1, 1073.0], [1949.15, 110.0], [1949.2, 2852.0], [1949.3, 1065.0], [1949.35, 2852.0], [1949.45, 37783.0], [1949.5, 2862.0], [1949.55, 10000.0], [1949.6, 2853.0], [1949.7, 2837.0], [1949.75, 12059.0], [1949.8, 2834.0]]}}}
{"jsonrpc": "2.0", "method": "subscription", "params": {"channel": "book.ETH-PERPETUAL.none.20.100ms", "data": {"timestamp": 1772207278191, "change_id": 111090143811, "instrument_name": "ETH-PERPETUAL", "bids": [[1948.3, 2.0], [1947.8, 2313.0], [1947.75, 4000.0], [1947.7, 4259.0], [1947.65, 212.0], [1947.5, 2843.0], [1947.45, 7122.0], [1947.35, 2849.0], [1947.3, 19984.0], [1947.25, 2845.0], [1947.2, 17760.0], [1947.15, 15310.0], [1947.05, 7358.0], [1946.95, 2837.0], [1946.85, 2871.0], [1946.8, 5368.0], [1946.75, 2871.0], [1946.7, 15112.0], [1946.6, 2876.0], [1946.5, 2876.0]], "asks": [[1948.35, 181945.0], [1948.5, 71.0], [1948.75, 8.0], [1948.8, 3780.0], [1948.85, 6723.0], [1948.9, 5939.0], [1948.95, 1038.0], [1949.0, 2845.0], [1949.1, 1073.0], [1949.15, 110.0], [1949.2, 2852.0], [1949.3, 1065.0], [1949.35, 2852.0], [1949.4, 20004.0], [1949.45, 17779.0], [1949.5, 2862.0], [1949.55, 10000.0], [1949.6, 2853.0], [1949.7, 2837.0], [1949.75, 12059.0]]}}}
{"jsonrpc": "2.0", "method": "subscription", "params": {"channel": "book.ETH-PERPETUAL.none.20.100ms", "data": {"timestamp": 1772207278612, "change_id": 111090144449, "instrument_name": "ETH-PERPETUAL", "bids": [[1948.3, 8080.0], [1947.8, 2313.0], [1947.75, 4000.0], [1947.7, 4259.0], [1947.65, 212.0], [1947.5, 2843.0], [1947.45, 7122.0], [1947.35, 2849.0], [1947.3, 19984.0], [1947.25, 2845.0], [1947.2, 17760.0], [1947.15, 15310.0], [1947.05, 7358.0], [1946.95, 2837.0], [1946.85, 2871.0], [1946.8, 5368.0], [1946.75, 2871.0], [1946.7, 15112.0], [1946.6, 2876.0], [1946.5, 2876.0]], "asks": [[1948.35, 182145.0], [1948.5, 70.0], [1948.75, 8.0], [1948.8, 1773.0], [1948.9, 5939.0], [1948.95, 1038.0], [1949.0, 2845.0], [1949.1, 1073.0], [1949.15, 110.0], [1949.2, 14707.0], [1949.25, 631.0], [1949.3, 1065.0], [1949.35, 2852.0], [1949.4, 20004.0], [1949.45, 17779.0], [1949.5, 2862.0], [1949.55, 10000.0], [1949.6, 2853.0], [1949.7, 2837.0], [1949.75, 12059.0]]}}}
{"jsonrpc": "2.0", "method": "subscription", "params": {"channel": "book.ETH-PERPETUAL.none.20.100ms", "data": {"timestamp": 1772207278935, "change_id": 111090144931, "instrument_name": "ETH-PERPETUAL", "bids": [[1948.3, 8080.0], [1947.8, 2313.0], [1947.75, 4000.0], [1947.7, 4259.0], [1947.65, 212.0], [1947.5, 2843.0], [1947.45, 7122.0], [1947.4, 19984.0], [1947.35, 2849.0], [1947.25, 2845.0], [1947.2, 17760.0], [1947.15, 15310.0], [1947.05, 7358.0], [1946.95, 2837.0], [1946.85, 2871.0], [1946.8, 5368.0], [1946.75, 2871.0], [1946.7, 15112.0], [1946.6, 2876.0], [1946.5, 2876.0]], "asks": [[1948.35, 182045.0], [1948.5, 70.0], [1948.65, 2007.0], [1948.7, 6723.0], [1948.75, 8.0], [1948.8, 1773.0], [1948.9, 5939.0], [1948.95, 1038.0], [1949.0, 2845.0], [1949.1, 1073.0], [1949.15, 110.0], [1949.2, 14707.0], [1949.25, 631.0], [1949.3, 1065.0], [1949.35, 2852.0], [1949.45, 20004.0], [1949.5, 2862.0], [1949.55, 27779.0], [1949.6, 2853.0], [1949.7, 2837.0]]}}}
{"jsonrpc": "2.0", "method": "subscription", "params": {"channel": "book.ETH-PERPETUAL.none.20.100ms", "data": {"timestamp": 1772207279270, "change_id": 111090145504, "instrument_name": "ETH-PERPETUAL", "bids": [[1948.3, 8080.0], [1947.8, 2313.0], [1947.75, 4212.0], [1947.7, 4259.0], [1947.5, 2843.0], [1947.45, 7122.0], [1947.4, 19984.0], [1947.35, 2849.0], [1947.3, 17760.0], [1947.25, 2845.0], [1947.15, 15310.0], [1947.05, 7358.0], [1946.95, 2837.0], [1946.85, 2871.0], [1946.8, 5368.0], [1946.75, 2871.0], [1946.7, 15112.0], [1946.6, 2876.0], [1946.5, 2876.0], [1946.4, 27892.0]], "asks": [[1948.35, 182045.0], [1948.5, 70.0], [1948.65, 2007.0], [1948.7, 6723.0], [1948.75, 8.0], [1948.8, 1773.0], [1948.9, 5939.0], [1948.95, 1038.0], [1949.0, 2845.0], [1949.1, 1073.0], [1949.15, 110.0], [1949.2, 14707.0], [1949.3, 1065.0], [1949.35, 2852.0], [1949.45, 20004.0], [1949.5, 2862.0], [1949.55, 10000.0], [1949.6, 2853.0], [1949.65, 17779.0], [1949.7, 2837.0]]}}}
{"jsonrpc": "2.0", "method": "subscription", "params": {"channel": "book.ETH-PERPETUAL.none.20.100ms", "data": {"timestamp": 1772207279519, "change_id": 111090145788, "instrument_name": "ETH-PERPETUAL", "bids": [[1948.3, 7537.0], [1948.0, 60.0], [1947.9, 1701.0], [1947.85, 5700.0], [1947.8, 2313.0], [1947.75, 4212.0], [1947.7, 4259.0], [1947.5, 2843.0], [1947.45, 7122.0], [1947.4, 19984.0], [1947.35, 2849.0], [1947.3, 17760.0], [1947.25, 2845.0], [1947.15, 15310.0], [1947.05, 7358.0], [1946.95, 2837.0], [1946.85, 2871.0], [1946.8, 5368.0], [1946.75, 2871.0], [1946.7, 15112.0]], "asks": [[1948.35, 181035.0], [1948.5, 70.0], [1948.65, 2007.0], [1948.7, 6723.0], [1948.75, 8.0], [1948.8, 1773.0], [1948.9, 5939.0], [1948.95, 1038.0], [1949.0, 2845.0], [1949.1, 1073.0], [1949.15, 110.0], [1949.2, 14707.0], [1949.3, 1696.0], [1949.35, 2852.0], [1949.45, 20004.0], [1949.5, 20641.0], [1949.55, 10000.0], [1949.6, 2853.0], [1949.7, 2837.0], [1949.75, 12059.0]]}}}
{"jsonrpc": "2.0", "method": "subscription", "params": {"channel": "book.ETH-PERPETUAL.none.20.100ms", "data": {"timestamp": 1772207279689, "change_id": 111090145851, "instrument_name": "ETH-PERPETUAL", "bids": [[1948.3, 7537.0], [1948.0, 60.0], [1947.9, 1701.0], [1947.85, 5700.0], [1947.8, 2313.0], [1947.75, 4212.0], [1947.7, 4259.0], [1947.5, 2843.0], [1947.45, 7122.0], [1947.4, 19984.0], [1947.35, 2849.0], [1947.3, 17760.0], [1947.25, 2845.0], [1947.15, 15310.0], [1947.05, 7358.0], [1946.95, 2837.0], [1946.85, 2871.0], [1946.8, 5368.0], [1946.75, 2871.0], [1946.7, 15112.0]], "asks": [[1948.35, 181035.0], [1948.5, 70.0], [1948.65, 2007.0], [1948.7, 6723.0], [1948.75, 8.0], [1948.8, 1773.0], [1948.9, 5939.0], [1948.95, 1038.0], [1949.0, 2845.0], [1949.1, 1073.0], [1949.15, 110.0], [1949.2, 14707.0], [1949.3, 1696.0], [1949.35, 2852.0], [1949.45, 20004.0], [1949.5, 2862.0], [1949.55, 27779.0], [1949.6, 2853.0], [1949.7, 2837.0], [1949.75, 12059.0]]}}}
{"jsonrpc": "2.0", "method": "subscription", "params": {"channel": "book.ETH-PERPETUAL.none.20.100ms", "data": {"timestamp": 1772207280253, "change_id": 111090146691, "instrument_name": "ETH-PERPETUAL", "bids": [[1948.3, 7537.0], [1948.0, 60.0], [1947.9, 1701.0], [1947.85, 5700.0], [1947.8, 2313.0], [1947.75, 4212.0], [1947.7, 4259.0], [1947.5, 10934.0], [1947.45, 7122.0], [1947.4, 19984.0], [1947.35, 2849.0], [1947.3, 17760.0], [1947.25, 2845.0], [1947.15, 15310.0], [1947.05, 7358.0], [1946.95, 2837.0], [1946.85, 2871.0], [1946.8, 5368.0], [1946.75, 2871.0], [1946.7, 15112.0]], "asks": [[1948.35, 158233.0], [1948.5, 70.0], [1948.6, 1194.0], [1948.65, 4000.0], [1948.75, 8.0], [1948.8, 1773.0], [1948.9, 5939.0], [1948.95, 1038.0], [1949.0, 2845.0], [1949.1, 1073.0], [1949.15, 110.0], [1949.2, 2852.0], [1949.3, 1065.0], [1949.35, 2852.0], [1949.45, 20004.0], [1949.5, 2862.0], [1949.55, 27779.0], [1949.6, 2853.0], [1949.7, 2837.0], [1949.8, 2834.0]]}}}
{"jsonrpc": "2.0", "method": "subscription", "params": {"channel": "book.ETH-PERPETUAL.none.20.100ms", "data": {"timestamp": 1772207280582, "change_id": 111090147260, "instrument_name": "ETH-PERPETUAL", "bids": [[1948.3, 13237.0], [1948.05, 212.0], [1948.0, 1317.0], [1947.95, 4000.0], [1947.9, 1701.0], [1947.85, 5700.0], [1947.8, 1194.0], [1947.75, 19984.0], [1947.7, 4259.0], [1947.6, 17760.0], [1947.5, 2843.0], [1947.45, 7122.0], [1947.35, 2849.0], [1947.25, 2845.0], [1947.15, 15310.0], [1947.05, 7358.0], [1946.95, 2837.0], [1946.85, 2871.0], [1946.8, 5368.0], [1946.75, 2871.0]], "asks": [[1948.35, 126662.0], [1948.5, 70.0], [1948.55, 14925.0], [1948.6, 50000.0], [1948.75, 8.0], [1948.8, 1773.0], [1948.9, 5939.0], [1948.95, 1038.0], [1949.0, 2845.0], [1949.1, 1073.0], [1949.15, 110.0], [1949.2, 3483.0], [1949.25, 11847.0], [1949.3, 1065.0], [1949.35, 2852.0], [1949.4, 200.0], [1949.5, 2862.0], [1949.6, 2853.0], [1949.7, 2837.0], [1949.75, 20004.0]]}}}
{"jsonrpc": "2.0", "method": "subscription", "params": {"channel": "book.ETH-PERPETUAL.none.20.100ms", "data": {"timestamp": 1772207280911, "change_id": 111090147898, "instrument_name": "ETH-PERPETUAL", "bids": [[1948.3, 7537.0], [1948.0, 60.0], [1947.9, 1701.0], [1947.85, 5700.0], [1947.8, 2313.0], [1947.7, 8259.0], [1947.55, 212.0], [1947.5, 2843.0], [1947.35, 22833.0], [1947.25, 2845.0], [1947.2, 17760.0], [1947.15, 2847.0], [1947.05, 7358.0], [1946.95, 2837.0], [1946.85, 2871.0], [1946.8, 5368.0], [1946.75, 2871.0], [1946.7, 15112.0], [1946.6, 2876.0], [1946.5, 10125.0]], "asks": [[1948.35, 180033.0], [1948.5, 70.0], [1948.75, 8.0], [1948.8, 1773.0], [1948.9, 5939.0], [1948.95, 1038.0], [1949.0, 2845.0], [1949.05, 631.0], [1949.1, 1073.0], [1949.15, 110.0], [1949.2, 2852.0], [1949.25, 11847.0], [1949.3, 1780.0], [1949.35, 2852.0], [1949.45, 20004.0], [1949.5, 20641.0], [1949.6, 12853.0], [1949.7, 2837.0], [1949.8, 2834.0], [1949.9, 2843.0]]}}}
{"jsonrpc": "2.0", "method": "subscription", "params": {"channel": "book.ETH-PERPETUAL.none.20.100ms", "data": {"timestamp": 1772207281237, "change_id": 111090148932, "instrument_name": "ETH-PERPETUAL", "bids": [[1948.0, 29354.0], [1947.55, 2043.0], [1947.5, 6843.0], [1947.4, 1629.0], [1947.35, 2849.0], [1947.25, 8810.0], [1947.2, 19984.0], [1947.15, 2847.0], [1947.1, 5869.0], [1947.05, 2843.0], [1947.0, 17760.0], [1946.95, 2837.0], [1946.9, 2205.0], [1946.85, 2871.0], [1946.8, 4515.0], [1946.75, 2871.0], [1946.6, 2876.0], [1946.55, 3022.0], [1946.5, 10125.0], [1946.4, 1271.0]], "asks": [[1948.05, 123006.0], [1948.1, 19440.0], [1948.15, 50000.0], [1948.35, 200.0], [1948.5, 70.0], [1948.6, 3116.0], [1948.65, 8144.0], [1948.7, 2840.0], [1948.75, 8.0], [1948.85, 2840.0], [1948.95, 1038.0], [1949.0, 2845.0], [1949.05, 631.0], [1949.1, 6718.0], [1949.15, 110.0], [1949.2, 34037.0], [1949.25, 21847.0], [1949.3, 19559.0], [1949.35, 2852.0], [1949.5, 2862.0]]}}}
{"jsonrpc": "2.0", "method": "subscription", "params": {"channel": "book.ETH-PERPETUAL.none.20.100ms", "data": {"timestamp": 1772207281587, "change_id": 111090150163, "instrument_name": "ETH-PERPETUAL", "bids": [[1947.5, 2916.0], [1947.25, 212.0], [1947.2, 6815.0], [1947.15, 2847.0], [1947.1, 26394.0], [1947.05, 2843.0], [1947.0, 21372.0], [1946.95, 2837.0], [1946.85, 2871.0], [1946.75, 2871.0], [1946.6, 2876.0], [1946.5, 2876.0], [1946.4, 1271.0], [1946.35, 2876.0], [1946.2, 8144.0], [1946.15, 14816.0], [1946.1, 2831.0], [1946.0, 17819.0], [1945.95, 50000.0], [1945.85, 2832.0]], "asks": [[1947.55, 21362.0], [1947.75, 21949.0], [1947.8, 81404.0], [1947.85, 4000.0], [1947.9, 3403.0], [1948.0, 19913.0], [1948.05, 200.0], [1948.1, 54515.0], [1948.2, 1272.0], [1948.25, 1422.0], [1948.3, 2840.0], [1948.35, 100.0], [1948.4, 2840.0], [1948.5, 70.0], [1948.55, 2840.0], [1948.6, 3116.0], [1948.65, 7436.0], [1948.7, 3471.0], [1948.75, 8.0], [1948.85, 2840.0]]}}}
{"jsonrpc": "2.0", "method": "subscription", "params": {"channel": "book.ETH-PERPETUAL.none.20.100ms", "data": {"timestamp": 1772207281917, "change_id": 111090151775, "instrument_name": "ETH-PERPETUAL", "bids": [[1947.35, 15168.0], [1947.1, 1257.0], [1947.05, 4212.0], [1947.0, 1270.0], [1946.95, 2837.0], [1946.9, 1417.0], [1946.85, 2871.0], [1946.75, 8172.0], [1946.7, 19984.0], [1946.6, 9036.0], [1946.55, 17760.0], [1946.5, 2876.0], [1946.45, 1727.0], [1946.4, 5786.0], [1946.35, 2876.0], [1946.2, 8144.0], [1946.15, 14816.0], [1946.1, 5840.0], [1946.05, 7186.0], [1946.0, 2894.0]], "asks": [[1947.4, 16472.0], [1947.5, 5450.0], [1947.55, 80000.0], [1947.65, 14925.0], [1947.7, 50000.0], [1948.0, 1422.0], [1948.05, 2695.0], [1948.1, 7355.0], [1948.2, 2840.0], [1948.25, 1061.0], [1948.3, 3554.0], [1948.4, 2840.0], [1948.5, 70.0], [1948.55, 2840.0], [1948.6, 3116.0], [1948.65, 6722.0], [1948.7, 2840.0], [1948.75, 20012.0], [1948.8, 3833.0], [1948.85, 12840.0]]}}}
{"jsonrpc": "2.0", "method": "subscription", "params": {"channel": "book.ETH-PERPETUAL.none.20.100ms", "data": {"timestamp": 1772207282237, "change_id": 111090152725, "instrument_name": "ETH-PERPETUAL", "bids": [[1947.45, 62472.0], [1947.35, 962.0], [1947.2, 11267.0], [1947.15, 19984.0], [1947.1, 19913.0], [1947.0, 8483.0], [1946.95, 2837.0], [1946.9, 1417.0], [1946.85, 2871.0], [1946.75, 2871.0], [1946.6, 2876.0], [1946.5, 2876.0], [1946.45, 1727.0], [1946.4, 7429.0], [1946.35, 2876.0], [1946.3, 534.0], [1946.2, 8144.0], [1946.15, 14816.0], [1946.1, 2831.0], [1946.05, 15789.0]], "asks": [[1947.5, 10.0], [1947.55, 80000.0], [1947.9, 210.0], [1948.0, 7027.0], [1948.05, 7300.0], [1948.1, 17740.0], [1948.15, 50000.0], [1948.2, 4262.0], [1948.25, 2273.0], [1948.3, 8069.0], [1948.4, 2840.0], [1948.5, 70.0], [1948.55, 2840.0], [1948.7, 2840.0], [1948.75, 8.0], [1948.85, 2840.0], [1949.0, 2845.0], [1949.1, 21127.0], [1949.15, 110.0], [1949.2, 61152.0]]}}}
{"jsonrpc": "2.0", "method": "subscription", "params": {"channel": "book.ETH-PERPETUAL.none.20.100ms", "data": {"timestamp": 1772207282574, "change_id": 111090153441, "instrument_name": "ETH-PERPETUAL", "bids": [[1947.45, 68826.0], [1947.35, 400.0], [1947.2, 5965.0], [1947.15, 19984.0], [1947.1, 7179.0], [1947.05, 17760.0], [1947.0, 11934.0], [1946.95, 2837.0], [1946.9, 14567.0], [1946.85, 3496.0], [1946.75, 2871.0], [1946.6, 2876.0], [1946.5, 2876.0], [1946.45, 1727.0], [1946.4, 6804.0], [1946.35, 2876.0], [1946.3, 534.0], [1946.2, 14898.0], [1946.15, 14816.0], [1946.1, 27716.0]], "asks": [[1947.5, 10.0], [1947.55, 80000.0], [1947.9, 210.0], [1947.95, 1194.0], [1948.0, 21768.0], [1948.05, 57200.0], [1948.1, 4262.0], [1948.2, 2840.0], [1948.25, 2273.0], [1948.3, 7355.0], [1948.4, 2840.0], [1948.5, 70.0], [1948.55, 2840.0], [1948.7, 2840.0], [1948.75, 8.0], [1948.85, 2840.0], [1949.0, 7461.0], [1949.05, 12623.0], [1949.1, 21127.0], [1949.15, 110.0]]}}}
{"jsonrpc": "2.0", "method": "subscription", "params": {"channel": "book.ETH-PERPETUAL.none.20.100ms", "data": {"timestamp": 1772207282907, "change_id": 111090154183, "instrument_name": "ETH-PERPETUAL", "bids": [[1947.45, 69565.0], [1947.35, 100.0], [1947.2, 5965.0], [1947.15, 19984.0], [1947.1, 7179.0], [1947.05, 17760.0], [1947.0, 11934.0], [1946.95, 2837.0], [1946.9, 14567.0], [1946.85, 3496.0], [1946.75, 2871.0], [1946.6, 2876.0], [1946.5, 2876.0], [1946.45, 1727.0], [1946.4, 6804.0], [1946.35, 2876.0], [1946.3, 534.0], [1946.2, 14898.0], [1946.15, 14816.0], [1946.1, 27716.0]], "asks": [[1947.5, 10.0], [1947.55, 80000.0], [1947.9, 210.0], [1947.95, 1194.0], [1948.0, 20964.0], [1948.05, 57200.0], [1948.1, 4262.0], [1948.2, 2840.0], [1948.25, 2273.0], [1948.3, 7355.0], [1948.4, 2840.0], [1948.5, 70.0], [1948.55, 2840.0], [1948.7, 2840.0], [1948.75, 8.0], [1948.85, 2840.0], [1949.0, 7461.0], [1949.05, 12623.0], [1949.1, 21127.0], [1949.15, 110.0]]}}}
{"jsonrpc": "2.0", "method": "subscription", "params": {"channel": "book.ETH-PERPETUAL.none.20.100ms", "data": {"timestamp": 1772207283226, "change_id": 111090154800, "instrument_name": "ETH-PERPETUAL", "bids": [[1947.45, 53663.0], [1947.35, 100.0], [1947.2, 212.0], [1947.1, 7843.0], [1947.0, 28467.0], [1946.95, 2837.0], [1946.9, 7442.0], [1946.85, 2871.0], [1946.8, 17760.0], [1946.75, 2871.0], [1946.6, 2876.0], [1946.55, 1045.0], [1946.5, 3501.0], [1946.45, 1727.0], [1946.4, 6804.0], [1946.35, 2876.0], [1946.3, 534.0], [1946.2, 8144.0], [1946.15, 14816.0], [1946.1, 2831.0]], "asks": [[1947.5, 12482.0], [1947.55, 80000.0], [1947.7, 210.0], [1947.8, 1194.0], [1947.85, 4000.0], [1947.95, 13965.0], [1948.0, 50000.0], [1948.05, 1472.0], [1948.1, 4262.0], [1948.2, 2840.0], [1948.25, 2273.0], [1948.3, 7355.0], [1948.4, 2840.0], [1948.5, 70.0], [1948.55, 2840.0], [1948.7, 2840.0], [1948.75, 8.0], [1948.85, 2840.0], [1949.0, 9664.0], [1949.05, 20004.0]]}}}
{"jsonrpc": "2.0", "method": "subscription", "params": {"channel": "book.ETH-PERPETUAL.none.20.100ms", "data": {"timestamp": 1772207283571, "change_id": 111090155473, "instrument_name": "ETH-PERPETUAL", "bids": [[1947.45, 53507.0], [1947.4, 6718.0], [1947.35, 100.0], [1947.2, 212.0], [1947.1, 7843.0], [1947.05, 19984.0], [1947.0, 13622.0], [1946.95, 20597.0], [1946.9, 2461.0], [1946.85, 2871.0], [1946.75, 2871.0], [1946.6, 2876.0], [1946.55, 1045.0], [1946.5, 3501.0], [1946.45, 1727.0], [1946.4, 6804.0], [1946.35, 2876.0], [1946.3, 534.0], [1946.2, 8144.0], [1946.15, 14816.0]], "asks": [[1947.5, 1153.0], [1947.55, 80000.0], [1947.7, 210.0], [1947.75, 7000.0], [1947.85, 4000.0], [1947.95, 13965.0], [1948.0, 50000.0], [1948.05, 1472.0], [1948.1, 4262.0], [1948.2, 2840.0], [1948.25, 2273.0], [1948.3, 7355.0], [1948.4, 2840.0], [1948.5, 70.0], [1948.55, 2840.0], [1948.7, 2840.0], [1948.75, 8.0], [1948.85, 2840.0], [1949.0, 2845.0], [1949.1, 33052.0]]}}}
{"jsonrpc": "2.0", "method": "subscription", "params": {"channel": "book.ETH-PERPETUAL.none.20.100ms", "data": {"timestamp": 1772207283884, "change_id": 111090155972, "instrument_name": "ETH-PERPETUAL", "bids": [[1947.45, 53428.0], [1947.4, 6718.0], [1947.35, 312.0], [1947.15, 5965.0], [1947.1, 19984.0], [1947.05, 7454.0], [1947.0, 26243.0], [1946.95, 2837.0], [1946.9, 2461.0], [1946.85, 2871.0], [1946.8, 4486.0], [1946.75, 15027.0], [1946.6, 2876.0], [1946.55, 1045.0], [1946.5, 3501.0], [1946.45, 1727.0], [1946.4, 6804.0], [1946.35, 2876.0], [1946.3, 534.0], [1946.2, 8144.0]], "asks": [[1947.5, 10.0], [1947.55, 80000.0], [1947.75, 7000.0], [1947.85, 4210.0], [1947.95, 13965.0], [1948.0, 50000.0], [1948.05, 1472.0], [1948.1, 4262.0], [1948.2, 2840.0], [1948.25, 2273.0], [1948.3, 7355.0], [1948.4, 2840.0], [1948.5, 70.0], [1948.55, 2840.0], [1948.7, 2840.0], [1948.75, 8.0], [1948.85, 2840.0], [1948.9, 4535.0], [1948.95, 12349.0], [1949.0, 2845.0]]}}}
{"jsonrpc": "2.0", "method": "subscription", "params": {"channel": "book.ETH-PERPETUAL.none.20.100ms", "data": {"timestamp": 1772207284226, "change_id": 111090156406, "instrument_name": "ETH-PERPETUAL", "bids": [[1947.45, 54042.0], [1947.4, 6718.0], [1947.35, 312.0], [1947.1, 8118.0], [1947.0, 33606.0], [1946.95, 2837.0], [1946.9, 20221.0], [1946.85, 2871.0], [1946.8, 4486.0], [1946.75, 15027.0], [1946.6, 2876.0], [1946.55, 1045.0], [1946.5, 3501.0], [1946.45, 1727.0], [1946.4, 6804.0], [1946.35, 2876.0], [1946.3, 534.0], [1946.2, 8144.0], [1946.15, 14816.0], [1946.1, 11470.0]], "asks": [[1947.5, 10.0], [1947.55, 80000.0], [1947.75, 7000.0], [1947.85, 4210.0], [1947.95, 13965.0], [1948.0, 50000.0], [1948.05, 1472.0], [1948.1, 4262.0], [1948.2, 2840.0], [1948.25, 2273.0], [1948.3, 7355.0], [1948.4, 2840.0], [1948.5, 70.0], [1948.55, 2840.0], [1948.7, 2840.0], [1948.75, 8.0], [1948.85, 2840.0], [1948.9, 4535.0], [1948.95, 12349.0], [1949.0, 9664.0]]}}}
{"jsonrpc": "2.0", "method": "subscription", "params": {"channel": "book.ETH-PERPETUAL.none.20.100ms", "data": {"timestamp": 1772207284560, "change_id": 111090156958, "instrument_name": "ETH-PERPETUAL", "bids": [[1947.45, 54629.0], [1947.4, 6718.0], [1947.35, 312.0], [1947.1, 2153.0], [1947.0, 14448.0], [1946.95, 2837.0], [1946.9, 27426.0], [1946.85, 20631.0], [1946.8, 4486.0], [1946.75, 15027.0], [1946.6, 2876.0], [1946.55, 1045.0], [1946.5, 2876.0], [1946.45, 1727.0], [1946.4, 6804.0], [1946.35, 2876.0], [1946.3, 534.0], [1946.2, 8144.0], [1946.15, 14816.0], [1946.1, 11470.0]], "asks": [[1947.5, 1153.0], [1947.55, 80000.0], [1947.75, 7210.0], [1947.8, 1194.0], [1947.85, 4000.0], [1947.95, 13965.0], [1948.0, 50000.0], [1948.05, 1472.0], [1948.1, 4262.0], [1948.2, 2840.0], [1948.25, 2273.0], [1948.3, 7355.0], [1948.4, 2840.0], [1948.5, 70.0], [1948.55, 2840.0], [1948.7, 2840.0], [1948.75, 8.0], [1948.85, 2840.0], [1948.9, 10507.0], [1948.95, 32353.0]]}}}
{"jsonrpc": "2.0", "method": "subscription", "params": {"channel": "book.ETH-PERPETUAL.none.20.100ms", "data": {"timestamp": 1772207284896, "change_id": 111090157386, "instrument_name": "ETH-PERPETUAL", "bids": [[1947.45, 54970.0], [1947.4, 6718.0], [1947.35, 312.0], [1947.1, 2153.0], [1947.0, 14448.0], [1946.95, 2837.0], [1946.9, 27426.0], [1946.85, 2871.0], [1946.8, 22246.0], [1946.75, 15027.0], [1946.6, 2876.0], [1946.55, 1045.0], [1946.5, 3501.0], [1946.45, 1727.0], [1946.4, 6804.0], [1946.35, 2876.0], [1946.3, 534.0], [1946.2, 8144.0], [1946.15, 14816.0], [1946.1, 11470.0]], "asks": [[1947.5, 1153.0], [1947.55, 80000.0], [1947.7, 2152.0], [1947.75, 7210.0], [1947.8, 1194.0], [1947.85, 4000.0], [1947.95, 13965.0], [1948.0, 50000.0], [1948.05, 1472.0], [1948.1, 4262.0], [1948.2, 2840.0], [1948.25, 2273.0], [1948.3, 7355.0], [1948.4, 2840.0], [1948.5, 70.0], [1948.55, 2840.0], [1948.7, 2840.0], [1948.75, 8.0], [1948.85, 2840.0], [1948.9, 10507.0]]}}}
{"jsonrpc": "2.0", "method": "subscription", "params": {"channel": "book.ETH-PERPETUAL.none.20.100ms", "data": {"timestamp": 1772207285226, "change_id": 111090158544, "instrument_name": "ETH-PERPETUAL", "bids": [[1947.45, 7371.0], [1946.9, 1406.0], [1946.85, 4000.0], [1946.8, 1418.0], [1946.75, 2871.0], [1946.6, 2876.0], [1946.55, 1045.0], [1946.5, 2876.0], [1946.45, 21711.0], [1946.4, 20049.0], [1946.35, 2876.0], [1946.2, 2876.0], [1946.15, 5085.0], [1946.1, 2831.0], [1946.05, 4515.0], [1946.0, 2894.0], [1945.9, 7129.0], [1945.85, 2832.0], [1945.8, 9108.0], [1945.7, 47916.0]], "asks": [[1947.5, 106103.0], [1947.55, 80000.0], [1948.05, 1272.0], [1948.1, 4262.0], [1948.2, 2840.0], [1948.25, 1061.0], [1948.3, 3471.0], [1948.35, 1061.0], [1948.4, 3554.0], [1948.45, 10000.0], [1948.5, 20074.0], [1948.55, 2840.0], [1948.7, 8149.0], [1948.75, 17787.0], [1948.85, 2840.0], [1948.95, 12349.0], [1949.0, 2845.0], [1949.1, 21127.0], [1949.15, 110.0], [1949.2, 61152.0]]}}}
{"jsonrpc": "2.0", "method": "subscription", "params": {"channel": "book.ETH-PERPETUAL.none.20.100ms", "data": {"timestamp": 1772207285549, "change_id": 111090159286, "instrument_name": "ETH-PERPETUAL", "bids": [[1947.45, 1407.0], [1946.9, 1194.0], [1946.85, 5418.0], [1946.75, 3083.0], [1946.6, 2876.0], [1946.55, 1045.0], [1946.5, 2876.0], [1946.45, 19984.0], [1946.4, 2289.0], [1946.35, 2876.0], [1946.25, 17760.0], [1946.2, 2876.0], [1946.15, 5085.0], [1946.1, 2831.0], [1946.05, 4515.0], [1946.0, 15132.0], [1945.9, 7129.0], [1945.85, 2832.0], [1945.8, 9108.0], [1945.7, 47916.0]], "asks": [[1947.5, 106102.0], [1947.55, 80000.0], [1948.05, 1272.0], [1948.1, 4262.0], [1948.2, 2840.0], [1948.25, 1061.0], [1948.3, 3471.0], [1948.35, 1061.0], [1948.4, 3554.0], [1948.45, 20004.0], [1948.5, 70.0], [1948.55, 12840.0], [1948.65, 17779.0], [1948.7, 2840.0], [1948.75, 8.0], [1948.85, 2840.0], [1948.95, 12349.0], [1949.0, 2845.0], [1949.05, 2515.0], [1949.1, 21127.0]]}}}
{"jsonrpc": "2.0", "method": "subscription", "params": {"channel": "book.ETH-PERPETUAL.none.20.100ms", "data": {"timestamp": 1772207285887, "change_id": 111090160906, "instrument_name": "ETH-PERPETUAL", "bids": [[1946.9, 18046.0], [1946.55, 1045.0], [1946.5, 2876.0], [1946.4, 2289.0], [1946.35, 2876.0], [1946.3, 7577.0], [1946.2, 30222.0], [1946.15, 5085.0], [1946.1, 22803.0], [1946.05, 4515.0], [1946.0, 2894.0], [1945.95, 2128.0], [1945.9, 7129.0], [1945.85, 2832.0], [1945.8, 9108.0], [1945.7, 30513.0], [1945.55, 2830.0], [1945.5, 5357.0], [1945.45, 17947.0], [1945.35, 2837.0]], "asks": [[1946.95, 21290.0], [1947.0, 22784.0], [1947.05, 80000.0], [1947.2, 15966.0], [1947.25, 50000.0], [1947.4, 4726.0], [1947.45, 5700.0], [1947.5, 10997.0], [1947.55, 1422.0], [1947.6, 2841.0], [1947.75, 2841.0], [1947.9, 2841.0], [1947.95, 631.0], [1948.1, 2840.0], [1948.2, 2840.0], [1948.25, 1061.0], [1948.3, 14094.0], [1948.35, 37783.0], [1948.4, 3554.0], [1948.5, 3903.0]]}}}
{"jsonrpc": "2.0", "method": "subscription", "params": {"channel": "book.ETH-PERPETUAL.none.20.100ms", "data": {"timestamp": 1772207286217, "change_id": 111090162024, "instrument_name": "ETH-PERPETUAL", "bids": [[1946.9, 17895.0], [1946.7, 1406.0], [1946.65, 4000.0], [1946.55, 1045.0], [1946.5, 2876.0], [1946.4, 8388.0], [1946.35, 22860.0], [1946.3, 8241.0], [1946.2, 22999.0], [1946.15, 5085.0], [1946.1, 5043.0], [1946.05, 4515.0], [1946.0, 9390.0], [1945.95, 12541.0], [1945.9, 7129.0], [1945.85, 2832.0], [1945.8, 9108.0], [1945.7, 30513.0], [1945.55, 2830.0], [1945.5, 5357.0]], "asks": [[1946.95, 1143.0], [1947.05, 80000.0], [1947.1, 3284.0], [1947.15, 4000.0], [1947.2, 7000.0], [1947.25, 210.0], [1947.35, 50000.0], [1947.4, 3049.0], [1947.45, 5700.0], [1947.5, 5788.0], [1947.55, 1422.0], [1947.6, 2841.0], [1947.75, 2841.0], [1947.9, 2841.0], [1947.95, 631.0], [1948.0, 200.0], [1948.1, 2840.0], [1948.2, 2840.0], [1948.3, 2840.0], [1948.4, 13458.0]]}}}
{"jsonrpc": "2.0", "method": "subscription", "params": {"channel": "book.ETH-PERPETUAL.none.20.100ms", "data": {"timestamp": 1772207286546, "change_id": 111090162749, "instrument_name": "ETH-PERPETUAL", "bids": [[1946.9, 18442.0], [1946.75, 1257.0], [1946.7, 6217.0], [1946.65, 6716.0], [1946.55, 1045.0], [1946.5, 4957.0], [1946.45, 5700.0], [1946.4, 2289.0], [1946.35, 2876.0], [1946.3, 12670.0], [1946.25, 19984.0], [1946.2, 22999.0], [1946.15, 5085.0], [1946.1, 5043.0], [1946.05, 4515.0], [1946.0, 9390.0], [1945.95, 12541.0], [1945.9, 7129.0], [1945.85, 2832.0], [1945.8, 9108.0]], "asks": [[1946.95, 18472.0], [1947.05, 80000.0], [1947.1, 15966.0], [1947.15, 210.0], [1947.2, 50000.0], [1947.4, 3049.0], [1947.45, 5700.0], [1947.5, 5788.0], [1947.55, 1422.0], [1947.6, 2841.0], [1947.75, 2841.0], [1947.9, 2841.0], [1948.0, 200.0], [1948.1, 7320.0], [1948.15, 12170.0], [1948.2, 2840.0], [1948.3, 9659.0], [1948.35, 20004.0], [1948.4, 8168.0], [1948.5, 21682.0]]}}}
{"jsonrpc": "2.0", "method": "subscription", "params": {"channel": "book.ETH-PERPETUAL.none.20.100ms", "data": {"timestamp": 1772207286848, "change_id": 111090163148, "instrument_name": "ETH-PERPETUAL", "bids": [[1946.9, 12995.0], [1946.85, 5000.0], [1946.7, 2005.0], [1946.65, 6716.0], [1946.55, 1045.0], [1946.5, 9808.0], [1946.45, 5700.0], [1946.4, 10750.0], [1946.35, 2876.0], [1946.3, 1417.0], [1946.2, 9686.0], [1946.15, 19984.0], [1946.1, 10061.0], [1946.05, 22275.0], [1946.0, 8765.0], [1945.95, 12541.0], [1945.9, 7129.0], [1945.85, 2832.0], [1945.8, 9108.0], [1945.7, 30513.0]], "asks": [[1946.95, 18882.0], [1947.0, 23943.0], [1947.05, 80000.0], [1947.1, 15966.0], [1947.2, 50000.0], [1947.4, 3049.0], [1947.45, 5700.0], [1947.5, 5788.0], [1947.55, 1422.0], [1947.6, 2841.0], [1947.75, 2841.0], [1947.9, 2841.0], [1948.1, 7320.0], [1948.15, 12170.0], [1948.2, 9659.0], [1948.25, 20004.0], [1948.3, 9659.0], [1948.35, 17779.0], [1948.4, 2840.0], [1948.5, 3903.0]]}}}
{"jsonrpc": "2.0", "method": "subscription", "params": {"channel": "book.ETH-PERPETUAL.none.20.100ms", "data": {"timestamp": 1772207287206, "change_id": 111090164252, "instrument_name": "ETH-PERPETUAL", "bids": [[1946.9, 12895.0], [1946.85, 5000.0], [1946.5, 6720.0], [1946.45, 5700.0], [1946.4, 9732.0], [1946.35, 212.0], [1946.3, 1418.0], [1946.2, 2876.0], [1946.15, 6810.0], [1946.1, 22815.0], [1946.0, 10051.0], [1945.95, 17760.0], [1945.9, 7129.0], [1945.85, 2832.0], [1945.8, 9108.0], [1945.7, 35028.0], [1945.55, 2830.0], [1945.5, 5357.0], [1945.45, 17947.0], [1945.35, 2837.0]], "asks": [[1946.95, 48166.0], [1947.0, 23943.0], [1947.05, 130000.0], [1947.4, 3049.0], [1947.45, 5700.0], [1947.5, 5788.0], [1947.55, 1422.0], [1947.6, 2841.0], [1947.7, 714.0], [1947.75, 2841.0], [1947.9, 2841.0], [1948.1, 35399.0], [1948.15, 22170.0], [1948.2, 20619.0], [1948.3, 2840.0], [1948.4, 2840.0], [1948.5, 70.0], [1948.55, 2840.0], [1948.7, 20245.0], [1948.75, 58308.0]]}}}
{"jsonrpc": "2.0", "method": "subscription", "params": {"channel": "book.ETH-PERPETUAL.none.20.100ms", "data": {"timestamp": 1772207287530, "change_id": 111090164995, "instrument_name": "ETH-PERPETUAL", "bids": [[1946.9, 12895.0], [1946.85, 5000.0], [1946.5, 6720.0], [1946.45, 5700.0], [1946.4, 9732.0], [1946.35, 212.0], [1946.3, 1418.0], [1946.2, 2876.0], [1946.1, 9660.0], [1946.05, 19984.0], [1946.0, 10051.0], [1945.95, 17760.0], [1945.9, 7129.0], [1945.85, 2832.0], [1945.8, 9108.0], [1945.7, 35028.0], [1945.6, 4474.0], [1945.55, 14987.0], [1945.5, 5357.0], [1945.45, 17947.0]], "asks": [[1946.95, 53866.0], [1947.0, 23943.0], [1947.05, 130000.0], [1947.45, 631.0], [1947.5, 5788.0], [1947.55, 1422.0], [1947.6, 2841.0], [1947.75, 2841.0], [1947.9, 2841.0], [1948.1, 22844.0], [1948.15, 22170.0], [1948.2, 8995.0], [1948.25, 17779.0], [1948.3, 2840.0], [1948.4, 2840.0], [1948.5, 70.0], [1948.55, 2840.0], [1948.7, 20245.0], [1948.75, 58308.0], [1948.85, 2840.0]]}}}
{"jsonrpc": "2.0", "method": "subscription", "params": {"channel": "book.ETH-PERPETUAL.none.20.100ms", "data": {"timestamp": 1772207287859, "change_id": 111090165636, "instrument_name": "ETH-PERPETUAL", "bids": [[1946.9, 100.0], [1946.85, 5000.0], [1946.5, 4720.0], [1946.45, 5700.0], [1946.4, 9732.0], [1946.3, 2000.0], [1946.25, 1418.0], [1946.2, 1480.0], [1946.15, 1418.0], [1946.1, 2831.0], [1946.0, 10987.0], [1945.95, 19984.0], [1945.9, 13276.0], [1945.85, 20592.0], [1945.8, 9108.0], [1945.7, 35028.0], [1945.55, 2830.0], [1945.5, 5357.0], [1945.45, 17947.0], [1945.35, 2837.0]], "asks": [[1946.95, 103866.0], [1947.0, 23943.0], [1947.05, 80000.0], [1947.4, 631.0], [1947.5, 5788.0], [1947.55, 1422.0], [1947.6, 2841.0], [1947.75, 2841.0], [1947.9, 3555.0], [1948.05, 20004.0], [1948.1, 2840.0], [1948.15, 39949.0], [1948.2, 2840.0], [1948.3, 2840.0], [1948.4, 2840.0], [1948.5, 70.0], [1948.55, 2840.0], [1948.7, 20245.0], [1948.75, 58308.0], [1948.85, 2840.0]]}}}
{"jsonrpc": "2.0", "method": "subscription", "params": {"channel": "book.ETH-PERPETUAL.none.20.100ms", "data": {"timestamp": 1772207288191, "change_id": 111090166167, "instrument_name": "ETH-PERPETUAL", "bids": [[1946.9, 100.0], [1946.85, 5000.0], [1946.5, 4720.0], [1946.45, 5700.0], [1946.4, 9732.0], [1946.35, 1020.0], [1946.3, 3418.0], [1946.25, 2842.0], [1946.2, 212.0], [1946.1, 9660.0], [1946.05, 19984.0], [1946.0, 10323.0], [1945.95, 17760.0], [1945.9, 7129.0], [1945.85, 2832.0], [1945.8, 9108.0], [1945.7, 38817.0], [1945.65, 12695.0], [1945.55, 2830.0], [1945.5, 5357.0]], "asks": [[1946.95, 98166.0], [1947.0, 23943.0], [1947.05, 80000.0], [1947.45, 1348.0], [1947.5, 5788.0], [1947.55, 1422.0], [1947.6, 2841.0], [1947.75, 2841.0], [1947.85, 1061.0], [1947.9, 2841.0], [1948.0, 6819.0], [1948.1, 35617.0], [1948.15, 39949.0], [1948.2, 2840.0], [1948.3, 2840.0], [1948.4, 2840.0], [1948.5, 70.0], [1948.55, 2840.0], [1948.7, 20245.0], [1948.75, 58308.0]]}}}
{"jsonrpc": "2.0", "method": "subscription", "params": {"channel": "book.ETH-PERPETUAL.none.20.100ms", "data": {"timestamp": 1772207288529, "change_id": 111090167536, "instrument_name": "ETH-PERPETUAL", "bids": [[1946.9, 5700.0], [1946.75, 2005.0], [1946.7, 6716.0], [1946.65, 1257.0], [1946.6, 4000.0], [1946.55, 212.0], [1946.5, 4606.0], [1946.45, 5700.0], [1946.4, 9732.0], [1946.3, 8232.0], [1946.25, 22826.0], [1946.2, 6146.0], [1946.15, 17760.0], [1946.1, 2831.0], [1946.05, 1050.0], [1946.0, 3519.0], [1945.95, 2128.0], [1945.9, 7129.0], [1945.85, 2832.0], [1945.8, 9108.0]], "asks": [[1946.95, 27143.0], [1947.05, 80000.0], [1947.1, 15135.0], [1947.15, 50000.0], [1947.45, 1348.0], [1947.5, 5788.0], [1947.55, 1422.0], [1947.6, 2841.0], [1947.7, 1036.0], [1947.75, 3472.0], [1947.85, 1061.0], [1947.9, 2841.0], [1948.0, 200.0], [1948.05, 4509.0], [1948.1, 15107.0], [1948.2, 2840.0], [1948.3, 14094.0], [1948.35, 37783.0], [1948.4, 2840.0], [1948.5, 3903.0]]}}}
{"jsonrpc": "2.0", "method": "subscription", "params": {"channel": "book.ETH-PERPETUAL.none.20.100ms", "data": {"timestamp": 1772207288859, "change_id": 111090167992, "instrument_name": "ETH-PERPETUAL", "bids": [[1946.9, 8906.0], [1946.75, 2005.0], [1946.7, 6716.0], [1946.65, 1469.0], [1946.6, 4000.0], [1946.5, 4606.0], [1946.45, 5700.0], [1946.4, 9732.0], [1946.3, 1418.0], [1946.25, 2842.0], [1946.2, 26130.0], [1946.15, 17760.0], [1946.1, 2831.0], [1946.05, 1050.0], [1946.0, 3519.0], [1945.95, 2128.0], [1945.9, 7129.0], [1945.85, 2832.0], [1945.8, 9108.0], [1945.7, 38817.0]], "asks": [[1946.95, 27143.0], [1947.0, 23943.0], [1947.05, 80000.0], [1947.1, 16176.0], [1947.2, 50000.0], [1947.45, 1348.0], [1947.5, 5788.0], [1947.55, 1422.0], [1947.6, 2841.0], [1947.7, 1036.0], [1947.75, 2841.0], [1947.85, 1061.0], [1947.9, 2841.0], [1948.0, 200.0], [1948.05, 4509.0], [1948.1, 15107.0], [1948.2, 2840.0], [1948.25, 20004.0], [1948.3, 20619.0], [1948.4, 2840.0]]}}}
{"jsonrpc": "2.0", "method": "subscription", "params": {"channel": "book.ETH-PERPETUAL.none.20.100ms", "data": {"timestamp": 1772207289185, "change_id": 111090168344, "instrument_name": "ETH-PERPETUAL", "bids": [[1946.9, 10213.0], [1946.75, 2005.0], [1946.7, 6716.0], [1946.65, 1469.0], [1946.6, 4000.0], [1946.5, 4606.0], [1946.45, 5700.0], [1946.4, 9732.0], [1946.3, 1418.0], [1946.25, 2842.0], [1946.15, 19984.0], [1946.1, 2831.0], [1946.05, 18810.0], [1946.0, 3519.0], [1945.95, 2128.0], [1945.9, 7129.0], [1945.85, 2832.0], [1945.8, 9108.0], [1945.7, 38817.0], [1945.65, 12695.0]], "asks": [[1946.95, 27143.0], [1947.0, 210.0], [1947.05, 80000.0], [1947.1, 51194.0], [1947.45, 1348.0], [1947.5, 5788.0], [1947.55, 1422.0], [1947.6, 2841.0], [1947.7, 1036.0], [1947.75, 2841.0], [1947.85, 1061.0], [1947.9, 2841.0], [1948.0, 200.0], [1948.05, 4509.0], [1948.1, 15107.0], [1948.2, 2840.0], [1948.25, 20004.0], [1948.3, 2840.0], [1948.35, 17779.0], [1948.4, 2840.0]]}}}
{"jsonrpc": "2.0", "method": "subscription", "params": {"channel": "book.ETH-PERPETUAL.none.20.100ms", "data": {"timestamp": 1772207289524, "change_id": 111090169080, "instrument_name": "ETH-PERPETUAL", "bids": [[1946.9, 3948.0], [1946.7, 6716.0], [1946.5, 4825.0], [1946.45, 5700.0], [1946.4, 13732.0], [1946.3, 1418.0], [1946.25, 2842.0], [1946.15, 19984.0], [1946.1, 2831.0], [1946.05, 18810.0], [1946.0, 3519.0], [1945.95, 2128.0], [1945.9, 7129.0], [1945.85, 2832.0], [1945.8, 9108.0], [1945.7, 38817.0], [1945.65, 12695.0], [1945.55, 2830.0], [1945.5, 5357.0], [1945.45, 17947.0]], "asks": [[1946.95, 27351.0], [1947.0, 29071.0], [1947.05, 80000.0], [1947.1, 59437.0], [1947.15, 50000.0], [1947.45, 1348.0], [1947.5, 5788.0], [1947.55, 1422.0], [1947.6, 2841.0], [1947.7, 1036.0], [1947.75, 2841.0], [1947.85, 1061.0], [1947.9, 2841.0], [1948.0, 200.0], [1948.05, 4509.0], [1948.1, 15107.0], [1948.15, 20004.0], [1948.2, 20619.0], [1948.3, 2840.0], [1948.4, 2840.0]]}}}
{"jsonrpc": "2.0", "method": "subscription", "params": {"channel": "book.ETH-PERPETUAL.none.20.100ms", "data": {"timestamp": 1772207289849, "change_id": 111090170685, "instrument_name": "ETH-PERPETUAL", "bids": [[1946.55, 3002.0], [1946.5, 12815.0], [1946.4, 9732.0], [1946.35, 219.0], [1946.25, 4000.0], [1946.1, 4251.0], [1946.05, 1050.0], [1946.0, 2894.0], [1945.9, 19984.0], [1945.85, 20592.0], [1945.8, 5436.0], [1945.7, 30513.0], [1945.55, 2830.0], [1945.5, 2194.0], [1945.45, 2835.0], [1945.4, 4515.0], [1945.35, 2837.0], [1945.2, 2837.0], [1945.15, 50000.0], [1945.1, 2853.0]], "asks": [[1946.6, 87000.0], [1946.65, 15000.0], [1946.75, 208.0], [1946.85, 200.0], [1946.9, 4000.0], [1946.95, 1481.0], [1947.0, 4515.0], [1947.05, 13333.0], [1947.1, 60711.0], [1947.15, 51424.0], [1947.2, 2844.0], [1947.35, 2844.0], [1947.45, 1037.0], [1947.5, 3475.0], [1947.6, 2841.0], [1947.65, 714.0], [1947.7, 1036.0], [1947.75, 2841.0], [1947.9, 2841.0], [1948.0, 9663.0]]}}}
{"jsonrpc": "2.0", "method": "subscription", "params": {"channel": "book.ETH-PERPETUAL.none.20.100ms", "data": {"timestamp": 1772207290172, "change_id": 111090171951, "instrument_name": "ETH-PERPETUAL", "bids": [[1946.5, 656.0], [1946.4, 9732.0], [1946.0, 60.0], [1945.95, 4000.0], [1945.9, 1639.0], [1945.85, 2832.0], [1945.7, 2832.0], [1945.6, 19984.0], [1945.55, 2830.0], [1945.5, 19954.0], [1945.45, 2835.0], [1945.4, 4515.0], [1945.35, 2837.0], [1945.25, 12427.0], [1945.2, 2837.0], [1945.1, 2853.0], [1944.95, 2893.0], [1944.85, 2852.0], [1944.8, 18254.0], [1944.75, 61152.0]], "asks": [[1946.55, 58680.0], [1946.6, 80000.0], [1946.75, 26349.0], [1946.8, 94665.0], [1946.85, 2999.0], [1946.95, 1481.0], [1947.0, 4515.0], [1947.1, 1194.0], [1947.15, 1424.0], [1947.2, 4849.0], [1947.25, 6718.0], [1947.35, 2844.0], [1947.45, 1037.0], [1947.5, 3475.0], [1947.6, 12010.0], [1947.65, 20718.0], [1947.7, 16023.0], [1947.75, 2841.0], [1947.8, 17779.0], [1947.9, 2841.0]]}}}
{"jsonrpc": "2.0", "method": "subscription", "params": {"channel": "book.ETH-PERPETUAL.none.20.100ms", "data": {"timestamp": 1772207290514, "change_id": 111090172920, "instrument_name": "ETH-PERPETUAL", "bids": [[1946.5, 79.0], [1946.0, 60.0], [1945.95, 4000.0], [1945.9, 1639.0], [1945.8, 2843.0], [1945.7, 2832.0], [1945.6, 19984.0], [1945.55, 2830.0], [1945.5, 19954.0], [1945.45, 2835.0], [1945.4, 4515.0], [1945.35, 2837.0], [1945.2, 9931.0], [1945.1, 2853.0], [1944.95, 2893.0], [1944.85, 2852.0], [1944.8, 18254.0], [1944.75, 61152.0], [1944.7, 50000.0], [1944.6, 2852.0]], "asks": [[1946.55, 103570.0], [1946.6, 80000.0], [1946.8, 15820.0], [1946.85, 50000.0], [1946.9, 307.0], [1946.95, 1978.0], [1947.0, 4515.0], [1947.1, 1194.0], [1947.15, 1424.0], [1947.2, 2844.0], [1947.35, 2844.0], [1947.45, 1037.0], [1947.5, 2844.0], [1947.6, 15932.0], [1947.65, 20004.0], [1947.7, 28815.0], [1947.75, 2841.0], [1947.9, 2841.0], [1948.0, 2844.0], [1948.1, 2840.0]]}}}
{"jsonrpc": "2.0", "method": "subscription", "params": {"channel": "book.ETH-PERPETUAL.none.20.100ms", "data": {"timestamp": 1772207290826, "change_id": 111090173309, "instrument_name": "ETH-PERPETUAL", "bids": [[1946.5, 79.0], [1946.15, 2838.0], [1946.0, 1743.0], [1945.95, 4000.0], [1945.9, 219.0], [1945.8, 2843.0], [1945.7, 2832.0], [1945.6, 6810.0], [1945.55, 22814.0], [1945.5, 10421.0], [1945.45, 20595.0], [1945.4, 16694.0], [1945.35, 2837.0], [1945.25, 2964.0], [1945.2, 9931.0], [1945.1, 2853.0], [1944.95, 2893.0], [1944.85, 2852.0], [1944.8, 30845.0], [1944.75, 61152.0]], "asks": [[1946.55, 103545.0], [1946.6, 80000.0], [1946.9, 16461.0], [1946.95, 50000.0], [1947.0, 4515.0], [1947.1, 1194.0], [1947.15, 1424.0], [1947.2, 2844.0], [1947.35, 2844.0], [1947.45, 1037.0], [1947.5, 9663.0], [1947.55, 20004.0], [1947.6, 15932.0], [1947.65, 12451.0], [1947.7, 28815.0], [1947.75, 2841.0], [1947.9, 2841.0], [1948.0, 2844.0], [1948.1, 2840.0], [1948.2, 2840.0]]}}}
{"jsonrpc": "2.0", "method": "subscription", "params": {"channel": "book.ETH-PERPETUAL.none.20.100ms", "data": {"timestamp": 1772207291169, "change_id": 111090174256, "instrument_name": "ETH-PERPETUAL", "bids": [[1946.5, 79.0], [1946.15, 2838.0], [1946.0, 1743.0], [1945.95, 4000.0], [1945.9, 219.0], [1945.8, 1270.0], [1945.75, 1421.0], [1945.7, 2832.0], [1945.6, 6810.0], [1945.55, 22814.0], [1945.5, 10421.0], [1945.45, 20595.0], [1945.4, 16694.0], [1945.35, 2837.0], [1945.25, 2964.0], [1945.2, 9931.0], [1945.1, 2853.0], [1944.95, 2893.0], [1944.85, 2852.0], [1944.8, 30845.0]], "asks": [[1946.55, 103545.0], [1946.6, 80000.0], [1946.8, 14925.0], [1946.85, 50000.0], [1946.95, 1348.0], [1947.0, 4515.0], [1947.1, 1194.0], [1947.15, 1424.0], [1947.2, 2844.0], [1947.35, 2844.0], [1947.45, 1037.0], [1947.5, 9663.0], [1947.6, 35936.0], [1947.65, 12451.0], [1947.7, 28815.0], [1947.75, 2841.0], [1947.9, 2841.0], [1948.0, 2844.0], [1948.1, 2840.0], [1948.2, 2840.0]]}}}
{"jsonrpc": "2.0", "method": "subscription", "params": {"channel": "book.ETH-PERPETUAL.none.20.100ms", "data": {"timestamp": 1772207291498, "change_id": 111090175261, "instrument_name": "ETH-PERPETUAL", "bids": [[1946.5, 79.0], [1946.15, 2838.0], [1946.0, 1743.0], [1945.95, 4000.0], [1945.9, 1640.0], [1945.8, 2843.0], [1945.7, 2832.0], [1945.65, 5965.0], [1945.6, 19984.0], [1945.55, 2830.0], [1945.5, 10421.0], [1945.45, 20595.0], [1945.4, 16694.0], [1945.35, 2837.0], [1945.25, 2964.0], [1945.2, 9931.0], [1945.1, 2853.0], [1944.95, 2893.0], [1944.85, 2852.0], [1944.8, 30845.0]], "asks": [[1946.55, 103668.0], [1946.6, 80000.0], [1946.7, 14925.0], [1946.75, 50000.0], [1946.95, 1348.0], [1947.0, 4515.0], [1947.1, 1194.0], [1947.15, 1424.0], [1947.2, 2844.0], [1947.35, 2844.0], [1947.45, 1037.0], [1947.5, 9663.0], [1947.6, 35936.0], [1947.65, 12451.0], [1947.7, 28815.0], [1947.75, 2841.0], [1947.9, 2841.0], [1948.0, 2844.0], [1948.1, 2840.0], [1948.2, 2840.0]]}}}
{"jsonrpc": "2.0", "method": "subscription", "params": {"channel": "book.ETH-PERPETUAL.none.20.100ms", "data": {"timestamp": 1772207291836, "change_id": 111090175774, "instrument_name": "ETH-PERPETUAL", "bids": [[1946.5, 79.0], [1946.15, 2838.0], [1946.05, 219.0], [1946.0, 1743.0], [1945.95, 4000.0], [1945.9, 1421.0], [1945.8, 2843.0], [1945.7, 2832.0], [1945.65, 5965.0], [1945.6, 19984.0], [1945.55, 2830.0], [1945.5, 10421.0], [1945.45, 20595.0], [1945.4, 16694.0], [1945.35, 2837.0], [1945.25, 2964.0], [1945.2, 9931.0], [1945.1, 2853.0], [1944.95, 2893.0], [1944.85, 2852.0]], "asks": [[1946.55, 96335.0], [1946.6, 80000.0], [1946.85, 14925.0], [1946.9, 50000.0], [1946.95, 1348.0], [1947.0, 4515.0], [1947.1, 1194.0], [1947.15, 1424.0], [1947.2, 2844.0], [1947.35, 2844.0], [1947.45, 1037.0], [1947.5, 3880.0], [1947.55, 631.0], [1947.6, 16664.0], [1947.65, 32455.0], [1947.7, 21480.0], [1947.75, 2841.0], [1947.8, 10000.0], [1947.9, 2841.0], [1948.0, 2844.0]]}}}
{"jsonrpc": "2.0", "method": "subscription", "params": {"channel": "book.ETH-PERPETUAL.none.20.100ms", "data": {"timestamp": 1772207292117, "change_id": 111090176209, "instrument_name": "ETH-PERPETUAL", "bids": [[1946.5, 79.0], [1946.2, 2041.0], [1946.15, 2838.0], [1946.1, 4000.0], [1946.05, 219.0], [1946.0, 60.0], [1945.9, 1421.0], [1945.8, 2843.0], [1945.7, 13336.0], [1945.6, 37744.0], [1945.55, 2830.0], [1945.45, 7818.0], [1945.4, 16694.0], [1945.35, 2837.0], [1945.25, 2964.0], [1945.2, 9931.0], [1945.1, 2853.0], [1944.95, 2893.0], [1944.85, 2852.0], [1944.8, 30845.0]], "asks": [[1946.55, 96235.0], [1946.6, 80000.0], [1946.95, 16100.0], [1947.0, 54515.0], [1947.1, 1194.0], [1947.15, 1424.0], [1947.2, 2844.0], [1947.35, 2844.0], [1947.45, 1037.0], [1947.5, 3880.0], [1947.55, 631.0], [1947.6, 6558.0], [1947.65, 12451.0], [1947.7, 9331.0], [1947.75, 22845.0], [1947.8, 16155.0], [1947.85, 17779.0], [1947.9, 2841.0], [1948.0, 2844.0], [1948.1, 2840.0]]}}}
{"jsonrpc": "2.0", "method": "subscription", "params": {"channel": "book.ETH-PERPETUAL.none.20.100ms", "data": {"timestamp": 1772207292501, "change_id": 111090176822, "instrument_name": "ETH-PERPETUAL", "bids": [[1946.5, 79.0], [1946.2, 2041.0], [1946.15, 2838.0], [1946.1, 5785.0], [1946.05, 5919.0], [1946.0, 60.0], [1945.85, 1273.0], [1945.8, 4264.0], [1945.7, 8797.0], [1945.6, 19984.0], [1945.55, 8131.0], [1945.5, 17760.0], [1945.45, 7818.0], [1945.4, 16694.0], [1945.35, 2837.0], [1945.25, 2964.0], [1945.2, 9931.0], [1945.1, 2853.0], [1944.95, 2893.0], [1944.85, 2852.0]], "asks": [[1946.55, 97744.0], [1946.6, 80000.0], [1946.7, 14925.0], [1946.75, 50000.0], [1946.95, 1348.0], [1947.0, 4515.0], [1947.1, 1194.0], [1947.15, 1424.0], [1947.2, 2844.0], [1947.35, 2844.0], [1947.45, 1037.0], [1947.5, 3880.0], [1947.6, 16658.0], [1947.65, 32455.0], [1947.7, 21612.0], [1947.75, 2841.0], [1947.8, 10000.0], [1947.9, 2841.0], [1948.0, 2844.0], [1948.1, 2840.0]]}}}
{"jsonrpc": "2.0", "method": "subscription", "params": {"channel": "book.ETH-PERPETUAL.none.20.100ms", "data": {"timestamp": 1772207292833, "change_id": 111090177490, "instrument_name": "ETH-PERPETUAL", "bids": [[1946.15, 2838.0], [1946.0, 60.0], [1945.9, 2686.0], [1945.85, 4000.0], [1945.8, 4264.0], [1945.7, 2832.0], [1945.6, 6810.0], [1945.55, 2830.0], [1945.5, 19984.0], [1945.45, 12482.0], [1945.4, 34454.0], [1945.35, 2837.0], [1945.25, 2964.0], [1945.2, 9931.0], [1945.1, 2853.0], [1944.95, 2893.0], [1944.85, 2852.0], [1944.75, 2852.0], [1944.7, 22747.0], [1944.65, 77193.0]], "asks": [[1946.2, 21362.0], [1946.25, 108420.0], [1946.3, 9700.0], [1946.4, 3954.0], [1946.5, 13442.0], [1946.55, 44998.0], [1946.7, 14925.0], [1946.75, 50000.0], [1946.8, 1274.0], [1946.85, 1424.0], [1946.9, 2844.0], [1946.95, 1348.0], [1947.0, 4515.0], [1947.05, 2844.0], [1947.2, 2844.0], [1947.35, 2844.0], [1947.45, 1037.0], [1947.5, 9531.0], [1947.55, 20004.0], [1947.6, 11865.0]]}}}
{"jsonrpc": "2.0", "method": "subscription", "params": {"channel": "book.ETH-PERPETUAL.none.20.100ms", "data": {"timestamp": 1772207293145, "change_id": 111090178980, "instrument_name": "ETH-PERPETUAL", "bids": [[1946.0, 10393.0], [1945.7, 1259.0], [1945.65, 4000.0], [1945.55, 1422.0], [1945.5, 219.0], [1945.45, 2835.0], [1945.35, 2837.0], [1945.3, 8930.0], [1945.25, 19984.0], [1945.2, 16084.0], [1945.15, 17760.0], [1945.1, 2853.0], [1944.95, 6667.0], [1944.9, 14842.0], [1944.85, 7367.0], [1944.75, 2852.0], [1944.6, 2852.0], [1944.55, 40.0], [1944.5, 17783.0], [1944.4, 72762.0]], "asks": [[1946.05, 53710.0], [1946.1, 80000.0], [1946.15, 4515.0], [1946.45, 14928.0], [1946.5, 63442.0], [1946.55, 44865.0], [1946.6, 1275.0], [1946.65, 2056.0], [1946.7, 2846.0], [1946.9, 2844.0], [1947.05, 2844.0], [1947.2, 2844.0], [1947.25, 5971.0], [1947.3, 30004.0], [1947.35, 2844.0], [1947.4, 6156.0], [1947.45, 17779.0], [1947.5, 2844.0], [1947.6, 6558.0], [1947.65, 12451.0]]}}}
{"jsonrpc": "2.0", "method": "subscription", "params": {"channel": "book.ETH-PERPETUAL.none.20.100ms", "data": {"timestamp": 1772207293468, "change_id": 111090179540, "instrument_name": "ETH-PERPETUAL", "bids": [[1946.0, 15397.0], [1945.7, 1259.0], [1945.65, 4000.0], [1945.55, 1422.0], [1945.5, 219.0], [1945.45, 2835.0], [1945.35, 2837.0], [1945.3, 8930.0], [1945.2, 36068.0], [1945.15, 17760.0], [1945.1, 2853.0], [1944.95, 6667.0], [1944.9, 14842.0], [1944.85, 7367.0], [1944.75, 2852.0], [1944.6, 2852.0], [1944.55, 40.0], [1944.5, 2858.0], [1944.4, 22762.0], [1944.35, 2842.0]], "asks": [[1946.05, 53710.0], [1946.1, 80000.0], [1946.15, 4515.0], [1946.45, 14928.0], [1946.5, 50010.0], [1946.6, 1275.0], [1946.65, 1426.0], [1946.7, 2846.0], [1946.9, 2844.0], [1947.05, 2844.0], [1947.2, 13359.0], [1947.3, 41617.0], [1947.35, 12844.0], [1947.5, 2844.0], [1947.6, 6558.0], [1947.65, 12451.0], [1947.75, 2841.0], [1947.9, 2841.0], [1948.0, 21094.0], [1948.05, 58300.0]]}}}
{"jsonrpc": "2.0", "method": "subscription", "params": {"channel": "book.ETH-PERPETUAL.none.20.100ms", "data": {"timestamp": 1772207293817, "change_id": 111090180251, "instrument_name": "ETH-PERPETUAL", "bids": [[1946.0, 15397.0], [1945.6, 1259.0], [1945.5, 4219.0], [1945.35, 1423.0], [1945.2, 8990.0], [1945.15, 19984.0], [1945.1, 2853.0], [1945.05, 5301.0], [1945.0, 17760.0], [1944.95, 2893.0], [1944.9, 2199.0], [1944.85, 7367.0], [1944.75, 2852.0], [1944.6, 2852.0], [1944.55, 40.0], [1944.5, 2858.0], [1944.35, 7353.0], [1944.3, 22343.0], [1944.25, 15773.0], [1944.2, 52840.0]], "asks": [[1946.05, 53710.0], [1946.1, 80000.0], [1946.15, 4515.0], [1946.45, 14928.0], [1946.5, 50010.0], [1946.6, 1275.0], [1946.65, 1426.0], [1946.7, 2846.0], [1946.85, 1037.0], [1946.9, 3474.0], [1947.05, 2844.0], [1947.1, 6820.0], [1947.15, 20004.0], [1947.2, 8151.0], [1947.25, 17779.0], [1947.3, 3834.0], [1947.35, 12844.0], [1947.5, 2844.0], [1947.6, 6558.0], [1947.65, 12451.0]]}}}
{"jsonrpc": "2.0", "method": "subscription", "params": {"channel": "book.ETH-PERPETUAL.none.20.100ms", "data": {"timestamp": 1772207294153, "change_id": 111090181055, "instrument_name": "ETH-PERPETUAL", "bids": [[1946.0, 5064.0], [1945.6, 1259.0], [1945.5, 4000.0], [1945.4, 2764.0], [1945.35, 4272.0], [1945.3, 219.0], [1945.2, 2849.0], [1945.1, 8818.0], [1945.05, 19984.0], [1945.0, 6165.0], [1944.95, 2893.0], [1944.9, 19959.0], [1944.85, 7367.0], [1944.75, 6535.0], [1944.7, 12339.0], [1944.6, 2852.0], [1944.55, 40.0], [1944.5, 2858.0], [1944.35, 7353.0], [1944.3, 22343.0]], "asks": [[1946.05, 56913.0], [1946.1, 81348.0], [1946.15, 4515.0], [1946.2, 14925.0], [1946.25, 50630.0], [1946.5, 10.0], [1946.6, 1275.0], [1946.65, 1426.0], [1946.7, 2846.0], [1946.85, 1037.0], [1946.9, 2844.0], [1947.0, 6820.0], [1947.05, 22848.0], [1947.1, 11340.0], [1947.15, 27779.0], [1947.2, 2844.0], [1947.35, 2844.0], [1947.5, 4442.0], [1947.55, 2513.0], [1947.6, 6558.0]]}}}
{"jsonrpc": "2.0", "method": "subscription", "params": {"channel": "book.ETH-PERPETUAL.none.20.100ms", "data": {"timestamp": 1772207294465, "change_id": 111090181600, "instrument_name": "ETH-PERPETUAL", "bids": [[1946.0, 64.0], [1945.6, 2734.0], [1945.55, 5700.0], [1945.5, 4000.0], [1945.4, 1642.0], [1945.35, 2849.0], [1945.2, 2849.0], [1945.1, 8818.0], [1945.05, 19984.0], [1945.0, 6165.0], [1944.95, 2893.0], [1944.9, 19959.0], [1944.85, 7367.0], [1944.75, 6535.0], [1944.7, 12339.0], [1944.6, 2852.0], [1944.55, 40.0], [1944.5, 2858.0], [1944.35, 7353.0], [1944.3, 22343.0]], "asks": [[1946.05, 56916.0], [1946.1, 81348.0], [1946.15, 4515.0], [1946.2, 14925.0], [1946.25, 50000.0], [1946.5, 10.0], [1946.6, 1275.0], [1946.65, 1426.0], [1946.7, 2846.0], [1946.85, 1037.0], [1946.9, 2844.0], [1947.0, 6820.0], [1947.05, 22848.0], [1947.1, 12017.0], [1947.15, 30051.0], [1947.2, 12844.0], [1947.35, 2844.0], [1947.5, 4442.0], [1947.55, 2513.0], [1947.6, 6558.0]]}}}
{"jsonrpc": "2.0", "method": "subscription", "params": {"channel": "book.ETH-PERPETUAL.none.20.100ms", "data": {"timestamp": 1772207294815, "change_id": 111090182214, "instrument_name": "ETH-PERPETUAL", "bids": [[1946.0, 64.0], [1945.6, 2734.0], [1945.55, 5700.0], [1945.5, 4219.0], [1945.4, 2701.0], [1945.35, 4274.0], [1945.2, 2849.0], [1945.15, 6817.0], [1945.1, 22837.0], [1945.0, 6829.0], [1944.95, 20653.0], [1944.9, 2199.0], [1944.85, 7367.0], [1944.75, 6535.0], [1944.7, 12339.0], [1944.6, 2852.0], [1944.55, 40.0], [1944.5, 2858.0], [1944.35, 7353.0], [1944.3, 22343.0]], "asks": [[1946.05, 31443.0], [1946.1, 80000.0], [1946.15, 4515.0], [1946.2, 50000.0], [1946.5, 10.0], [1946.6, 1275.0], [1946.65, 1426.0], [1946.7, 2846.0], [1946.85, 1037.0], [1946.9, 3474.0], [1947.0, 6820.0], [1947.05, 2844.0], [1947.1, 20204.0], [1947.2, 2844.0], [1947.25, 7614.0], [1947.3, 17779.0], [1947.35, 2844.0], [1947.5, 4442.0], [1947.55, 2513.0], [1947.6, 2841.0]]}}}
{"jsonrpc": "2.0", "method": "subscription", "params": {"channel": "book.ETH-PERPETUAL.none.20.100ms", "data": {"timestamp": 1772207295146, "change_id": 111090183058, "instrument_name": "ETH-PERPETUAL", "bids": [[1946.0, 64.0], [1945.85, 1194.0], [1945.8, 4000.0], [1945.75, 219.0], [1945.6, 1259.0], [1945.55, 5700.0], [1945.45, 6391.0], [1945.4, 24386.0], [1945.35, 9973.0], [1945.3, 6152.0], [1945.25, 17760.0], [1945.2, 2849.0], [1945.1, 2853.0], [1944.95, 2893.0], [1944.9, 2199.0], [1944.85, 7367.0], [1944.75, 6535.0], [1944.7, 12339.0], [1944.6, 2852.0], [1944.55, 40.0]], "asks": [[1946.05, 27635.0], [1946.1, 80000.0], [1946.25, 208.0], [1946.35, 1348.0], [1946.4, 4515.0], [1946.45, 14928.0], [1946.5, 50010.0], [1946.6, 1275.0], [1946.65, 1426.0], [1946.7, 2846.0], [1946.85, 1037.0], [1946.9, 2844.0], [1947.05, 2844.0], [1947.1, 200.0], [1947.2, 2844.0], [1947.35, 2844.0], [1947.4, 6820.0], [1947.45, 20004.0], [1947.5, 8999.0], [1947.55, 17779.0]]}}}
{"jsonrpc": "2.0", "method": "subscription", "params": {"channel": "book.ETH-PERPETUAL.none.20.100ms", "data": {"timestamp": 1772207295476, "change_id": 111090183598, "instrument_name": "ETH-PERPETUAL", "bids": [[1946.0, 6579.0], [1945.85, 2587.0], [1945.8, 9179.0], [1945.75, 219.0], [1945.4, 9987.0], [1945.35, 29957.0], [1945.2, 9002.0], [1945.15, 17760.0], [1945.1, 2853.0], [1944.95, 2893.0], [1944.9, 2199.0], [1944.85, 7367.0], [1944.75, 6535.0], [1944.7, 12339.0], [1944.6, 2852.0], [1944.55, 40.0], [1944.5, 17783.0], [1944.45, 50000.0], [1944.35, 7353.0], [1944.3, 15112.0]], "asks": [[1946.05, 27635.0], [1946.1, 80000.0], [1946.15, 208.0], [1946.35, 1348.0], [1946.4, 4515.0], [1946.45, 14928.0], [1946.5, 50010.0], [1946.6, 1275.0], [1946.65, 1426.0], [1946.7, 2846.0], [1946.85, 1037.0], [1946.9, 2844.0], [1947.05, 2844.0], [1947.1, 200.0], [1947.2, 2844.0], [1947.3, 6820.0], [1947.35, 22848.0], [1947.4, 6156.0], [1947.45, 17779.0], [1947.5, 7510.0]]}}}
{"jsonrpc": "2.0", "method": "subscription", "params": {"channel": "book.ETH-PERPETUAL.none.20.100ms", "data": {"timestamp": 1772207295804, "change_id": 111090184150, "instrument_name": "ETH-PERPETUAL", "bids": [[1946.0, 10389.0], [1945.85, 2587.0], [1945.8, 9179.0], [1945.75, 219.0], [1945.45, 19984.0], [1945.4, 9987.0], [1945.35, 9973.0], [1945.3, 17760.0], [1945.2, 2849.0], [1945.1, 2853.0], [1944.95, 2893.0], [1944.9, 2199.0], [1944.85, 7367.0], [1944.75, 6535.0], [1944.7, 12339.0], [1944.6, 2852.0], [1944.55, 40.0], [1944.5, 17783.0], [1944.45, 50000.0], [1944.35, 7353.0]], "asks": [[1946.05, 16635.0], [1946.1, 80000.0], [1946.15, 208.0], [1946.3, 11000.0], [1946.4, 4515.0], [1946.45, 14928.0], [1946.5, 50010.0], [1946.6, 1275.0], [1946.65, 1426.0], [1946.7, 2846.0], [1946.85, 1037.0], [1946.9, 2844.0], [1947.05, 2844.0], [1947.1, 200.0], [1947.2, 2844.0], [1947.35, 2844.0], [1947.4, 6156.0], [1947.5, 27514.0], [1947.55, 30570.0], [1947.6, 2841.0]]}}}
{"jsonrpc": "2.0", "method": "subscription", "params": {"channel": "book.ETH-PERPETUAL.none.20.100ms", "data": {"timestamp": 1772207296107, "change_id": 111090184627, "instrument_name": "ETH-PERPETUAL", "bids": [[1946.0, 7887.0], [1945.85, 2806.0], [1945.8, 9179.0], [1945.45, 19984.0], [1945.4, 22162.0], [1945.35, 9973.0], [1945.2, 15241.0], [1945.1, 2853.0], [1945.05, 624.0], [1944.95, 2893.0], [1944.9, 2199.0], [1944.85, 7367.0], [1944.75, 6535.0], [1944.7, 12339.0], [1944.6, 2852.0], [1944.55, 40.0], [1944.5, 17783.0], [1944.45, 50000.0], [1944.35, 7353.0], [1944.3, 15112.0]], "asks": [[1946.05, 8145.0], [1946.1, 80000.0], [1946.25, 1256.0], [1946.3, 4208.0], [1946.35, 1348.0], [1946.4, 4515.0], [1946.45, 14928.0], [1946.5, 50010.0], [1946.6, 1275.0], [1946.65, 1426.0], [1946.7, 2846.0], [1946.85, 1037.0], [1946.9, 2844.0], [1947.05, 2844.0], [1947.1, 200.0], [1947.2, 2844.0], [1947.35, 2844.0], [1947.5, 27514.0], [1947.55, 12791.0], [1947.6, 2841.0]]}}}
{"jsonrpc": "2.0", "method": "subscription", "params": {"channel": "book.ETH-PERPETUAL.none.20.100ms", "data": {"timestamp": 1772207296467, "change_id": 111090185357, "instrument_name": "ETH-PERPETUAL", "bids": [[1946.0, 9028.0], [1945.65, 1413.0], [1945.6, 4000.0], [1945.45, 625.0], [1945.4, 1425.0], [1945.35, 2849.0], [1945.25, 19984.0], [1945.2, 2849.0], [1945.15, 17760.0], [1945.1, 2853.0], [1944.95, 2893.0], [1944.9, 2199.0], [1944.85, 7367.0], [1944.75, 2852.0], [1944.6, 2852.0], [1944.55, 40.0], [1944.5, 2858.0], [1944.35, 57353.0], [1944.3, 22250.0], [1944.2, 2840.0]], "asks": [[1946.05, 13837.0], [1946.1, 80000.0], [1946.3, 16273.0], [1946.35, 50000.0], [1946.4, 4515.0], [1946.5, 10.0], [1946.6, 1275.0], [1946.65, 1426.0], [1946.7, 2846.0], [1946.85, 1037.0], [1946.9, 2844.0], [1947.05, 2844.0], [1947.1, 200.0], [1947.2, 2844.0], [1947.3, 20004.0], [1947.35, 15193.0], [1947.4, 27779.0], [1947.5, 2844.0], [1947.6, 2841.0], [1947.75, 2841.0]]}}}
{"jsonrpc": "2.0", "method": "subscription", "params": {"channel": "book.ETH-PERPETUAL.none.20.100ms", "data": {"timestamp": 1772207296789, "change_id": 111090185909, "instrument_name": "ETH-PERPETUAL", "bids": [[1946.0, 1606.0], [1945.65, 1194.0], [1945.6, 4000.0], [1945.5, 2818.0], [1945.45, 7610.0], [1945.4, 1425.0], [1945.35, 2849.0], [1945.2, 2849.0], [1945.15, 19984.0], [1945.1, 2853.0], [1945.0, 17760.0], [1944.95, 2893.0], [1944.9, 2199.0], [1944.85, 7367.0], [1944.75, 2852.0], [1944.6, 2852.0], [1944.55, 40.0], [1944.5, 2858.0], [1944.35, 7353.0], [1944.3, 15112.0]], "asks": [[1946.05, 17037.0], [1946.1, 80000.0], [1946.3, 16273.0], [1946.35, 50000.0], [1946.4, 4515.0], [1946.5, 10.0], [1946.55, 630.0], [1946.6, 1275.0], [1946.65, 1426.0], [1946.7, 2846.0], [1946.85, 1037.0], [1946.9, 2844.0], [1947.05, 2844.0], [1947.15, 20004.0], [1947.2, 2844.0], [1947.3, 17779.0], [1947.35, 15193.0], [1947.4, 10000.0], [1947.5, 2844.0], [1947.6, 2841.0]]}}}
{"jsonrpc": "2.0", "method": "subscription", "params": {"channel": "book.ETH-PERPETUAL.none.20.100ms", "data": {"timestamp": 1772207297127, "change_id": 111090186370, "instrument_name": "ETH-PERPETUAL", "bids": [[1946.0, 64.0], [1945.65, 1194.0], [1945.6, 4000.0], [1945.5, 2818.0], [1945.45, 7610.0], [1945.4, 1425.0], [1945.35, 2849.0], [1945.2, 2849.0], [1945.1, 2853.0], [1945.0, 19984.0], [1944.95, 20653.0], [1944.9, 2199.0], [1944.85, 7367.0], [1944.75, 2852.0], [1944.6, 2852.0], [1944.55, 40.0], [1944.5, 2858.0], [1944.35, 7353.0], [1944.3, 15112.0], [1944.2, 2840.0]], "asks": [[1946.05, 17137.0], [1946.1, 80000.0], [1946.2, 14925.0], [1946.25, 50000.0], [1946.35, 1348.0], [1946.4, 4515.0], [1946.5, 10.0], [1946.6, 1275.0], [1946.65, 1426.0], [1946.7, 2846.0], [1946.85, 1037.0], [1946.9, 2844.0], [1947.05, 2844.0], [1947.1, 20004.0], [1947.2, 2844.0], [1947.3, 17779.0], [1947.35, 15193.0], [1947.4, 10000.0], [1947.5, 2844.0], [1947.6, 2841.0]]}}}
{"jsonrpc": "2.0", "method": "subscription", "params": {"channel": "book.ETH-PERPETUAL.none.20.100ms", "data": {"timestamp": 1772207297461, "change_id": 111090187046, "instrument_name": "ETH-PERPETUAL", "bids": [[1945.5, 11801.0], [1945.45, 7391.0], [1945.25, 219.0], [1945.1, 2853.0], [1945.0, 10969.0], [1944.95, 35321.0], [1944.9, 1427.0], [1944.85, 8153.0], [1944.8, 17760.0], [1944.75, 2852.0], [1944.65, 2199.0], [1944.6, 7367.0], [1944.55, 40.0], [1944.5, 2858.0], [1944.35, 7353.0], [1944.3, 15112.0], [1944.2, 2840.0], [1944.15, 80.0], [1944.1, 1271.0], [1944.05, 62574.0]], "asks": [[1945.55, 5472.0], [1945.65, 80000.0], [1945.7, 208.0], [1945.8, 3201.0], [1945.85, 11000.0], [1946.05, 502.0], [1946.1, 1280.0], [1946.15, 1431.0], [1946.2, 67782.0], [1946.3, 2201.0], [1946.35, 2857.0], [1946.4, 4515.0], [1946.5, 10.0], [1946.6, 1275.0], [1946.65, 1426.0], [1946.7, 2846.0], [1946.85, 1037.0], [1946.9, 2844.0], [1946.95, 5971.0], [1947.0, 20004.0]]}}}
{"jsonrpc": "2.0", "method": "subscription", "params": {"channel": "book.ETH-PERPETUAL.none.20.100ms", "data": {"timestamp": 1772207297790, "change_id": 111090188129, "instrument_name": "ETH-PERPETUAL", "bids": [[1945.5, 43038.0], [1945.45, 7391.0], [1945.25, 219.0], [1945.1, 8818.0], [1945.0, 26410.0], [1944.95, 2893.0], [1944.9, 19187.0], [1944.85, 2852.0], [1944.75, 2852.0], [1944.65, 2199.0], [1944.6, 7367.0], [1944.55, 1079.0], [1944.5, 3482.0], [1944.35, 7353.0], [1944.3, 15112.0], [1944.2, 2840.0], [1944.15, 80.0], [1944.1, 1271.0], [1944.05, 62574.0], [1944.0, 250060.0]], "asks": [[1945.55, 1143.0], [1945.65, 80000.0], [1945.7, 208.0], [1945.8, 7000.0], [1945.85, 4000.0], [1946.0, 15075.0], [1946.05, 50502.0], [1946.1, 1280.0], [1946.15, 1431.0], [1946.2, 2857.0], [1946.3, 2201.0], [1946.35, 3487.0], [1946.4, 4515.0], [1946.5, 2867.0], [1946.7, 2846.0], [1946.8, 2857.0], [1946.85, 1037.0], [1946.9, 2844.0], [1947.05, 8815.0], [1947.1, 26160.0]]}}}
{"jsonrpc": "2.0", "method": "subscription", "params": {"channel": "book.ETH-PERPETUAL.none.20.100ms", "data": {"timestamp": 1772207298118, "change_id": 111090188836, "instrument_name": "ETH-PERPETUAL", "bids": [[1945.5, 39800.0], [1945.35, 1194.0], [1945.3, 4000.0], [1945.25, 219.0], [1945.1, 2853.0], [1945.0, 1290.0], [1944.95, 2893.0], [1944.9, 1427.0], [1944.85, 8817.0], [1944.8, 19984.0], [1944.75, 8153.0], [1944.7, 17760.0], [1944.65, 2199.0], [1944.6, 7367.0], [1944.55, 4683.0], [1944.5, 16001.0], [1944.35, 7353.0], [1944.3, 15112.0], [1944.2, 2840.0], [1944.15, 80.0]], "asks": [[1945.55, 16472.0], [1945.6, 208.0], [1945.65, 80000.0], [1945.9, 14925.0], [1945.95, 50000.0], [1946.05, 302.0], [1946.1, 1280.0], [1946.15, 1431.0], [1946.2, 2857.0], [1946.3, 2201.0], [1946.35, 2857.0], [1946.4, 4515.0], [1946.5, 2867.0], [1946.7, 2846.0], [1946.8, 2857.0], [1946.85, 6820.0], [1946.9, 22848.0], [1946.95, 5307.0], [1947.0, 17779.0], [1947.05, 2844.0]]}}}
{"jsonrpc": "2.0", "method": "subscription", "params": {"channel": "book.ETH-PERPETUAL.none.20.100ms", "data": {"timestamp": 1772207298446, "change_id": 111090189320, "instrument_name": "ETH-PERPETUAL", "bids": [[1945.5, 40391.0], [1945.35, 1194.0], [1945.3, 4000.0], [1945.25, 219.0], [1945.1, 4554.0], [1945.05, 5700.0], [1945.0, 3268.0], [1944.95, 10074.0], [1944.9, 1427.0], [1944.85, 8817.0], [1944.8, 19984.0], [1944.75, 8153.0], [1944.7, 17760.0], [1944.65, 2199.0], [1944.6, 7367.0], [1944.55, 4683.0], [1944.5, 16001.0], [1944.35, 7353.0], [1944.3, 15112.0], [1944.2, 2840.0]], "asks": [[1945.55, 16472.0], [1945.6, 24088.0], [1945.65, 80000.0], [1945.9, 14925.0], [1945.95, 50000.0], [1946.05, 302.0], [1946.1, 1280.0], [1946.15, 1431.0], [1946.2, 2857.0], [1946.3, 2201.0], [1946.35, 2857.0], [1946.4, 4515.0], [1946.5, 2867.0], [1946.7, 2846.0], [1946.8, 9677.0], [1946.85, 20004.0], [1946.9, 2844.0], [1946.95, 5307.0], [1947.0, 17779.0], [1947.05, 2844.0]]}}}
{"jsonrpc": "2.0", "method": "subscription", "params": {"channel": "book.ETH-PERPETUAL.none.20.100ms", "data": {"timestamp": 1772207298770, "change_id": 111090190213, "instrument_name": "ETH-PERPETUAL", "bids": [[1945.5, 31574.0], [1945.15, 1194.0], [1945.1, 5701.0], [1945.05, 5700.0], [1944.95, 259.0], [1944.9, 1427.0], [1944.85, 2852.0], [1944.75, 2852.0], [1944.7, 11159.0], [1944.65, 19984.0], [1944.6, 20612.0], [1944.55, 1079.0], [1944.5, 2858.0], [1944.35, 11868.0], [1944.3, 15112.0], [1944.2, 2840.0], [1944.15, 80.0], [1944.1, 1271.0], [1944.05, 62574.0], [1944.0, 200060.0]], "asks": [[1945.55, 28633.0], [1945.6, 23880.0], [1945.65, 80000.0], [1945.7, 14925.0], [1945.75, 50000.0], [1946.05, 102.0], [1946.1, 1280.0], [1946.15, 1431.0], [1946.2, 2857.0], [1946.35, 2857.0], [1946.5, 2867.0], [1946.6, 3835.0], [1946.7, 19670.0], [1946.75, 20004.0], [1946.8, 9677.0], [1946.85, 17779.0], [1946.9, 2844.0], [1947.05, 2844.0], [1947.2, 2844.0], [1947.3, 21358.0]]}}}
{"jsonrpc": "2.0", "method": "subscription", "params": {"channel": "book.ETH-PERPETUAL.none.20.100ms", "data": {"timestamp": 1772207299117, "change_id": 111090190837, "instrument_name": "ETH-PERPETUAL", "bids": [[1945.5, 30613.0], [1945.15, 1194.0], [1945.1, 5701.0], [1945.05, 5700.0], [1944.95, 2879.0], [1944.9, 8777.0], [1944.85, 2852.0], [1944.75, 2852.0], [1944.7, 7500.0], [1944.65, 19984.0], [1944.6, 9018.0], [1944.55, 17800.0], [1944.5, 15593.0], [1944.35, 11868.0], [1944.3, 15112.0], [1944.2, 2840.0], [1944.15, 80.0], [1944.1, 1271.0], [1944.05, 62574.0], [1944.0, 200060.0]], "asks": [[1945.55, 28633.0], [1945.6, 35752.0], [1945.65, 80000.0], [1945.7, 50000.0], [1946.05, 102.0], [1946.1, 1280.0], [1946.15, 1431.0], [1946.2, 2857.0], [1946.35, 2857.0], [1946.45, 630.0], [1946.5, 2867.0], [1946.65, 6821.0], [1946.7, 26688.0], [1946.75, 10000.0], [1946.8, 9677.0], [1946.85, 17779.0], [1946.9, 2844.0], [1947.05, 2844.0], [1947.2, 2844.0], [1947.3, 23871.0]]}}}
{"jsonrpc": "2.0", "method": "subscription", "params": {"channel": "book.ETH-PERPETUAL.none.20.100ms", "data": {"timestamp": 1772207299444, "change_id": 111090191440, "instrument_name": "ETH-PERPETUAL", "bids": [[1945.5, 34608.0], [1945.15, 1194.0], [1945.1, 4219.0], [1944.95, 2660.0], [1944.9, 8777.0], [1944.85, 2852.0], [1944.75, 8817.0], [1944.7, 26137.0], [1944.65, 17760.0], [1944.6, 9018.0], [1944.55, 40.0], [1944.5, 15593.0], [1944.35, 11868.0], [1944.3, 15112.0], [1944.2, 2840.0], [1944.15, 80.0], [1944.1, 1271.0], [1944.05, 62574.0], [1944.0, 200060.0], [1943.95, 2840.0]], "asks": [[1945.55, 28633.0], [1945.6, 23880.0], [1945.65, 80000.0], [1945.7, 14925.0], [1945.75, 50000.0], [1946.05, 102.0], [1946.1, 1280.0], [1946.15, 1431.0], [1946.2, 2857.0], [1946.35, 2857.0], [1946.5, 2867.0], [1946.65, 4155.0], [1946.7, 21940.0], [1946.8, 29681.0], [1946.85, 10000.0], [1946.9, 20623.0], [1947.05, 2844.0], [1947.2, 2844.0], [1947.3, 23871.0], [1947.35, 2844.0]]}}}
{"jsonrpc": "2.0", "method": "subscription", "params": {"channel": "book.ETH-PERPETUAL.none.20.100ms", "data": {"timestamp": 1772207299766, "change_id": 111090192217, "instrument_name": "ETH-PERPETUAL", "bids": [[1945.6, 16448.0], [1945.5, 29469.0], [1945.4, 4000.0], [1945.35, 219.0], [1945.25, 4551.0], [1945.0, 21414.0], [1944.95, 5523.0], [1944.9, 25110.0], [1944.85, 2852.0], [1944.75, 2852.0], [1944.6, 9018.0], [1944.55, 40.0], [1944.5, 15593.0], [1944.35, 11868.0], [1944.3, 15112.0], [1944.2, 2840.0], [1944.15, 80.0], [1944.1, 1271.0], [1944.05, 62574.0], [1944.0, 200060.0]], "asks": [[1945.65, 95000.0], [1945.75, 4000.0], [1945.85, 4515.0], [1945.9, 208.0], [1946.0, 14955.0], [1946.05, 2.0], [1946.1, 51280.0], [1946.15, 1431.0], [1946.2, 2857.0], [1946.35, 2857.0], [1946.5, 2867.0], [1946.6, 3063.0], [1946.7, 2846.0], [1946.8, 2857.0], [1946.9, 2844.0], [1947.05, 2844.0], [1947.1, 13944.0], [1947.15, 37783.0], [1947.2, 12844.0], [1947.3, 21358.0]]}}}
{"jsonrpc": "2.0", "method": "subscription", "params": {"channel": "book.ETH-PERPETUAL.none.20.100ms", "data": {"timestamp": 1772207300106, "change_id": 111090192827, "instrument_name": "ETH-PERPETUAL", "bids": [[1945.5, 29965.0], [1945.25, 4551.0], [1945.2, 219.0], [1945.15, 4000.0], [1945.0, 1430.0], [1944.95, 5523.0], [1944.9, 7350.0], [1944.85, 2852.0], [1944.75, 22836.0], [1944.6, 12218.0], [1944.55, 18424.0], [1944.5, 15593.0], [1944.35, 11868.0], [1944.3, 15112.0], [1944.2, 2840.0], [1944.15, 80.0], [1944.1, 1271.0], [1944.05, 62574.0], [1944.0, 224941.0], [1943.95, 2840.0]], "asks": [[1945.55, 29512.0], [1945.6, 29461.0], [1945.65, 95000.0], [1945.8, 16155.0], [1945.85, 54515.0], [1946.05, 2.0], [1946.1, 1280.0], [1946.15, 1431.0], [1946.2, 2857.0], [1946.35, 2857.0], [1946.5, 2867.0], [1946.6, 3063.0], [1946.7, 13312.0], [1946.75, 20004.0], [1946.8, 21213.0], [1946.85, 17779.0], [1946.9, 2844.0], [1947.05, 2844.0], [1947.15, 3834.0], [1947.2, 12844.0]]}}}
{"jsonrpc": "2.0", "method": "subscription", "params": {"channel": "book.ETH-PERPETUAL.none.20.100ms", "data": {"timestamp": 1772207300439, "change_id": 111090193274, "instrument_name": "ETH-PERPETUAL", "bids": [[1945.5, 34863.0], [1945.3, 1424.0], [1945.25, 4551.0], [1945.2, 1413.0], [1945.15, 4000.0], [1945.0, 1430.0], [1944.95, 5523.0], [1944.9, 7350.0], [1944.85, 8817.0], [1944.8, 26801.0], [1944.75, 2852.0], [1944.7, 17760.0], [1944.6, 9018.0], [1944.55, 664.0], [1944.5, 15593.0], [1944.35, 11868.0], [1944.3, 15112.0], [1944.2, 2840.0], [1944.15, 80.0], [1944.1, 1271.0]], "asks": [[1945.55, 29512.0], [1945.65, 95000.0], [1945.8, 16155.0], [1945.85, 54515.0], [1946.05, 2.0], [1946.1, 1280.0], [1946.15, 1431.0], [1946.2, 2857.0], [1946.35, 2857.0], [1946.5, 2867.0], [1946.6, 3063.0], [1946.7, 13312.0], [1946.8, 35061.0], [1946.9, 2844.0], [1946.95, 5307.0], [1947.0, 17779.0], [1947.05, 2844.0], [1947.15, 3834.0], [1947.2, 12844.0], [1947.3, 21358.0]]}}}
{"jsonrpc": "2.0", "method": "subscription", "params": {"channel": "book.ETH-PERPETUAL.none.20.100ms", "data": {"timestamp": 1772207300769, "change_id": 111090193854, "instrument_name": "ETH-PERPETUAL", "bids": [[1945.5, 34733.0], [1945.35, 1194.0], [1945.3, 5424.0], [1945.25, 4551.0], [1945.2, 219.0], [1945.0, 1430.0], [1944.95, 5523.0], [1944.9, 7350.0], [1944.85, 2852.0], [1944.8, 19984.0], [1944.75, 2852.0], [1944.65, 17760.0], [1944.6, 9018.0], [1944.55, 40.0], [1944.5, 15593.0], [1944.35, 11868.0], [1944.3, 15112.0], [1944.2, 2840.0], [1944.15, 80.0], [1944.1, 1271.0]], "asks": [[1945.55, 9633.0], [1945.65, 95000.0], [1945.7, 208.0], [1945.75, 1194.0], [1945.8, 5348.0], [1945.85, 4515.0], [1945.9, 14925.0], [1945.95, 50000.0], [1946.05, 2.0], [1946.1, 1280.0], [1946.15, 1431.0], [1946.2, 2857.0], [1946.35, 2857.0], [1946.5, 2867.0], [1946.6, 3063.0], [1946.7, 2846.0], [1946.8, 15057.0], [1946.85, 20004.0], [1946.9, 2844.0], [1947.0, 17779.0]]}}}
{"jsonrpc": "2.0", "method": "subscription", "params": {"channel": "book.ETH-PERPETUAL.none.20.100ms", "data": {"timestamp": 1772207301090, "change_id": 111090194309, "instrument_name": "ETH-PERPETUAL", "bids": [[1945.5, 35086.0], [1945.35, 1194.0], [1945.3, 5424.0], [1945.25, 4551.0], [1945.2, 219.0], [1945.0, 1430.0], [1944.95, 5523.0], [1944.9, 7350.0], [1944.85, 2852.0], [1944.8, 19984.0], [1944.75, 2852.0], [1944.65, 17760.0], [1944.6, 9018.0], [1944.55, 40.0], [1944.5, 15593.0], [1944.35, 11868.0], [1944.3, 15112.0], [1944.2, 2840.0], [1944.15, 80.0], [1944.1, 1271.0]], "asks": [[1945.55, 13633.0], [1945.6, 28420.0], [1945.65, 95000.0], [1945.7, 208.0], [1945.8, 16100.0], [1945.85, 54515.0], [1946.05, 2.0], [1946.1, 1280.0], [1946.15, 1431.0], [1946.2, 2857.0], [1946.35, 2857.0], [1946.5, 2867.0], [1946.6, 3063.0], [1946.7, 2846.0], [1946.8, 15057.0], [1946.85, 30004.0], [1946.9, 2844.0], [1947.0, 17779.0], [1947.05, 2844.0], [1947.2, 2844.0]]}}}
{"jsonrpc": "2.0", "method": "subscription", "params": {"channel": "book.ETH-PERPETUAL.none.20.100ms", "data": {"timestamp": 1772207301407, "change_id": 111090194759, "instrument_name": "ETH-PERPETUAL", "bids": [[1945.5, 38533.0], [1945.2, 219.0], [1945.1, 2128.0], [1945.05, 5700.0], [1945.0, 1430.0], [1944.95, 5523.0], [1944.9, 7350.0], [1944.85, 14119.0], [1944.8, 37744.0], [1944.75, 2852.0], [1944.6, 9018.0], [1944.55, 40.0], [1944.5, 15593.0], [1944.35, 11868.0], [1944.3, 15112.0], [1944.2, 2840.0], [1944.15, 80.0], [1944.1, 1271.0], [1944.05, 62574.0], [1944.0, 224941.0]], "asks": [[1945.55, 9633.0], [1945.65, 95000.0], [1945.7, 208.0], [1945.75, 4000.0], [1945.8, 1348.0], [1945.85, 4515.0], [1945.9, 14925.0], [1945.95, 50000.0], [1946.05, 2.0], [1946.1, 1280.0], [1946.15, 1431.0], [1946.2, 2857.0], [1946.3, 1041.0], [1946.35, 3487.0], [1946.5, 2867.0], [1946.6, 3063.0], [1946.7, 2846.0], [1946.8, 15057.0], [1946.9, 17107.0], [1946.95, 20004.0]]}}}
{"jsonrpc": "2.0", "method": "subscription", "params": {"channel": "book.ETH-PERPETUAL.none.20.100ms", "data": {"timestamp": 1772207301747, "change_id": 111090195292, "instrument_name": "ETH-PERPETUAL", "bids": [[1945.5, 34533.0], [1945.35, 2003.0], [1945.3, 10711.0], [1945.2, 219.0], [1945.1, 2128.0], [1945.05, 5700.0], [1945.0, 1430.0], [1944.95, 5523.0], [1944.9, 7350.0], [1944.85, 2852.0], [1944.8, 19984.0], [1944.75, 2852.0], [1944.65, 17760.0], [1944.6, 9018.0], [1944.55, 40.0], [1944.5, 15593.0], [1944.35, 11868.0], [1944.3, 15112.0], [1944.2, 2840.0], [1944.15, 80.0]], "asks": [[1945.55, 9633.0], [1945.65, 95000.0], [1945.7, 1402.0], [1945.75, 4000.0], [1945.8, 1348.0], [1945.85, 54515.0], [1946.05, 2.0], [1946.1, 1280.0], [1946.15, 1431.0], [1946.2, 2857.0], [1946.3, 1041.0], [1946.35, 2857.0], [1946.5, 2867.0], [1946.6, 3063.0], [1946.7, 2846.0], [1946.8, 15057.0], [1946.85, 20004.0], [1946.9, 2844.0], [1947.0, 27779.0], [1947.05, 2844.0]]}}}
{"jsonrpc": "2.0", "method": "subscription", "params": {"channel": "book.ETH-PERPETUAL.none.20.100ms", "data": {"timestamp": 1772207302051, "change_id": 111090195589, "instrument_name": "ETH-PERPETUAL", "bids": [[1945.5, 34533.0], [1945.35, 2003.0], [1945.3, 10711.0], [1945.2, 219.0], [1945.1, 2128.0], [1945.05, 5700.0], [1945.0, 1430.0], [1944.95, 5523.0], [1944.9, 7350.0], [1944.85, 2852.0], [1944.8, 19984.0], [1944.75, 2852.0], [1944.65, 17760.0], [1944.6, 9018.0], [1944.55, 40.0], [1944.5, 15593.0], [1944.35, 11868.0], [1944.3, 15112.0], [1944.2, 2840.0], [1944.15, 80.0]], "asks": [[1945.55, 13633.0], [1945.65, 95000.0], [1945.7, 210.0], [1945.8, 1348.0], [1945.85, 54515.0], [1946.05, 2.0], [1946.1, 1280.0], [1946.15, 1431.0], [1946.2, 2857.0], [1946.3, 1041.0], [1946.35, 2857.0], [1946.5, 2867.0], [1946.6, 3063.0], [1946.7, 2846.0], [1946.8, 15057.0], [1946.85, 20004.0], [1946.9, 2844.0], [1947.0, 27779.0], [1947.05, 2844.0], [1947.2, 2844.0]]}}}
{"jsonrpc": "2.0", "method": "subscription", "params": {"channel": "book.ETH-PERPETUAL.none.20.100ms", "data": {"timestamp": 1772207302417, "change_id": 111090196070, "instrument_name": "ETH-PERPETUAL", "bids": [[1945.5, 34742.0], [1945.35, 3007.0], [1945.3, 10930.0], [1945.1, 2128.0], [1945.05, 5700.0], [1945.0, 10456.0], [1944.95, 2903.0], [1944.9, 27334.0], [1944.85, 2852.0], [1944.8, 17760.0], [1944.75, 2852.0], [1944.6, 9018.0], [1944.55, 40.0], [1944.5, 15593.0], [1944.35, 11868.0], [1944.3, 15112.0], [1944.2, 2840.0], [1944.15, 80.0], [1944.1, 1271.0], [1944.05, 62574.0]], "asks": [[1945.55, 9633.0], [1945.65, 95000.0], [1945.7, 210.0], [1945.75, 4000.0], [1945.8, 1348.0], [1945.85, 4515.0], [1945.9, 50000.0], [1946.05, 2.0], [1946.1, 1280.0], [1946.15, 1431.0], [1946.2, 2857.0], [1946.3, 1041.0], [1946.35, 2857.0], [1946.5, 2867.0], [1946.6, 3063.0], [1946.7, 2846.0], [1946.8, 15057.0], [1946.9, 2844.0], [1946.95, 20004.0], [1947.0, 27779.0]]}}}
{"jsonrpc": "2.0", "method": "subscription", "params": {"channel": "book.ETH-PERPETUAL.none.20.100ms", "data": {"timestamp": 1772207302721, "change_id": 111090196404, "instrument_name": "ETH-PERPETUAL", "bids": [[1945.5, 34978.0], [1945.35, 3007.0], [1945.3, 10930.0], [1945.1, 2128.0], [1945.05, 5700.0], [1945.0, 1430.0], [1944.95, 2903.0], [1944.9, 7350.0], [1944.85, 22836.0], [1944.75, 2852.0], [1944.65, 17760.0], [1944.6, 9018.0], [1944.55, 40.0], [1944.5, 15593.0], [1944.35, 11868.0], [1944.3, 15112.0], [1944.2, 2840.0], [1944.15, 80.0], [1944.1, 1271.0], [1944.05, 62574.0]], "asks": [[1945.55, 9633.0], [1945.65, 95000.0], [1945.7, 1404.0], [1945.75, 4000.0], [1945.8, 16100.0], [1945.85, 54515.0], [1946.05, 2.0], [1946.1, 1280.0], [1946.15, 1431.0], [1946.2, 2857.0], [1946.3, 1041.0], [1946.35, 2857.0], [1946.5, 2867.0], [1946.6, 3063.0], [1946.7, 2846.0], [1946.8, 15057.0], [1946.85, 20004.0], [1946.9, 2844.0], [1947.0, 27779.0], [1947.05, 2844.0]]}}}
{"jsonrpc": "2.0", "method": "subscription", "params": {"channel": "book.ETH-PERPETUAL.none.20.100ms", "data": {"timestamp": 1772207303069, "change_id": 111090196974, "instrument_name": "ETH-PERPETUAL", "bids": [[1945.5, 34735.0], [1945.35, 1440.0], [1945.3, 4824.0], [1945.15, 1413.0], [1945.1, 6128.0], [1945.05, 5700.0], [1945.0, 1430.0], [1944.95, 2903.0], [1944.9, 7382.0], [1944.85, 2852.0], [1944.75, 2852.0], [1944.65, 32019.0], [1944.6, 2852.0], [1944.55, 17800.0], [1944.5, 2858.0], [1944.35, 11868.0], [1944.3, 15112.0], [1944.2, 2840.0], [1944.15, 80.0], [1944.1, 1271.0]], "asks": [[1945.55, 13633.0], [1945.6, 28420.0], [1945.65, 95000.0], [1945.7, 210.0], [1945.75, 14925.0], [1945.8, 51348.0], [1945.85, 4515.0], [1946.05, 2.0], [1946.1, 1280.0], [1946.15, 1431.0], [1946.2, 2857.0], [1946.3, 1041.0], [1946.35, 2857.0], [1946.5, 2867.0], [1946.6, 3063.0], [1946.7, 2846.0], [1946.75, 20004.0], [1946.8, 15057.0], [1946.85, 17779.0], [1946.9, 2844.0]]}}}
{"jsonrpc": "2.0", "method": "subscription", "params": {"channel": "book.ETH-PERPETUAL.none.20.100ms", "data": {"timestamp": 1772207303416, "change_id": 111090197545, "instrument_name": "ETH-PERPETUAL", "bids": [[1945.5, 29533.0], [1945.35, 1440.0], [1945.3, 6018.0], [1945.25, 4000.0], [1945.15, 219.0], [1945.1, 2128.0], [1945.05, 5700.0], [1945.0, 1430.0], [1944.95, 2903.0], [1944.9, 7382.0], [1944.85, 2852.0], [1944.75, 2852.0], [1944.7, 19984.0], [1944.65, 12035.0], [1944.6, 9018.0], [1944.55, 17800.0], [1944.5, 2858.0], [1944.35, 11868.0], [1944.3, 15112.0], [1944.2, 2840.0]], "asks": [[1945.55, 21604.0], [1945.6, 28420.0], [1945.65, 95000.0], [1945.7, 15968.0], [1945.75, 50000.0], [1945.8, 1348.0], [1945.85, 4515.0], [1946.05, 2.0], [1946.1, 1280.0], [1946.15, 1431.0], [1946.2, 2857.0], [1946.3, 1041.0], [1946.35, 3487.0], [1946.5, 2867.0], [1946.6, 2863.0], [1946.7, 9670.0], [1946.75, 20004.0], [1946.8, 2857.0], [1946.85, 17779.0], [1946.9, 2844.0]]}}}
{"jsonrpc": "2.0", "method": "subscription", "params": {"channel": "book.ETH-PERPETUAL.none.20.100ms", "data": {"timestamp": 1772207303746, "change_id": 111090198922, "instrument_name": "ETH-PERPETUAL", "bids": [[1944.95, 40.0], [1944.65, 1413.0], [1944.6, 4000.0], [1944.55, 40.0], [1944.5, 2858.0], [1944.4, 7242.0], [1944.35, 24262.0], [1944.3, 6149.0], [1944.25, 17760.0], [1944.2, 2840.0], [1944.15, 80.0], [1944.1, 1271.0], [1944.05, 67089.0], [1944.0, 200060.0], [1943.95, 2840.0], [1943.8, 2840.0], [1943.75, 40.0], [1943.7, 1000.0], [1943.65, 2848.0], [1943.55, 2840.0]], "asks": [[1945.0, 85472.0], [1945.15, 2103.0], [1945.2, 2450.0], [1945.25, 8000.0], [1945.3, 4000.0], [1945.4, 18712.0], [1945.45, 50000.0], [1945.5, 15000.0], [1945.55, 200.0], [1945.6, 1438.0], [1945.65, 2873.0], [1945.7, 2.0], [1945.8, 4221.0], [1945.85, 4515.0], [1945.95, 2873.0], [1946.05, 2.0], [1946.1, 2873.0], [1946.2, 2857.0], [1946.3, 3705.0], [1946.35, 12857.0]]}}}
{"jsonrpc": "2.0", "method": "subscription", "params": {"channel": "book.ETH-PERPETUAL.none.20.100ms", "data": {"timestamp": 1772207304076, "change_id": 111090200052, "instrument_name": "ETH-PERPETUAL", "bids": [[1944.95, 29442.0], [1944.65, 1413.0], [1944.6, 4000.0], [1944.55, 40.0], [1944.5, 2858.0], [1944.4, 1277.0], [1944.35, 4278.0], [1944.2, 9208.0], [1944.15, 20064.0], [1944.1, 1271.0], [1944.05, 84849.0], [1944.0, 212220.0], [1943.95, 2840.0], [1943.8, 2840.0], [1943.75, 40.0], [1943.7, 1000.0], [1943.65, 2848.0], [1943.55, 2840.0], [1943.45, 2840.0], [1943.4, 18251.0]], "asks": [[1945.0, 97943.0], [1945.05, 19723.0], [1945.25, 14925.0], [1945.3, 50000.0], [1945.55, 992.0], [1945.6, 1438.0], [1945.65, 2873.0], [1945.7, 2.0], [1945.8, 2873.0], [1945.95, 2873.0], [1946.05, 2.0], [1946.1, 2873.0], [1946.2, 8828.0], [1946.25, 20004.0], [1946.3, 8859.0], [1946.35, 31266.0], [1946.5, 2867.0], [1946.6, 7308.0], [1946.65, 12046.0], [1946.7, 2846.0]]}}}
{"jsonrpc": "2.0", "method": "subscription", "params": {"channel": "book.ETH-PERPETUAL.none.20.100ms", "data": {"timestamp": 1772207304407, "change_id": 111090201083, "instrument_name": "ETH-PERPETUAL", "bids": [[1944.95, 29442.0], [1944.65, 1194.0], [1944.6, 4000.0], [1944.55, 40.0], [1944.5, 2858.0], [1944.45, 219.0], [1944.4, 1277.0], [1944.35, 4278.0], [1944.2, 9208.0], [1944.15, 80.0], [1944.1, 21255.0], [1944.05, 62574.0], [1944.0, 217820.0], [1943.95, 2840.0], [1943.85, 3016.0], [1943.8, 14619.0], [1943.75, 40.0], [1943.7, 1000.0], [1943.65, 2848.0], [1943.55, 2840.0]], "asks": [[1945.0, 98151.0], [1945.05, 19515.0], [1945.15, 14925.0], [1945.2, 50000.0], [1945.55, 163.0], [1945.6, 1438.0], [1945.65, 2873.0], [1945.7, 2.0], [1945.8, 2873.0], [1945.95, 2873.0], [1946.05, 2.0], [1946.1, 2873.0], [1946.15, 20004.0], [1946.2, 8828.0], [1946.3, 21805.0], [1946.35, 12857.0], [1946.5, 2867.0], [1946.6, 7308.0], [1946.65, 12046.0], [1946.7, 2846.0]]}}}
{"jsonrpc": "2.0", "method": "subscription", "params": {"channel": "book.ETH-PERPETUAL.none.20.100ms", "data": {"timestamp": 1772207304732, "change_id": 111090201579, "instrument_name": "ETH-PERPETUAL", "bids": [[1944.95, 29342.0], [1944.65, 3044.0], [1944.6, 10709.0], [1944.55, 40.0], [1944.5, 2858.0], [1944.45, 219.0], [1944.4, 1277.0], [1944.35, 4278.0], [1944.2, 13780.0], [1944.15, 80.0], [1944.1, 39015.0], [1944.05, 62574.0], [1944.0, 204766.0], [1943.95, 15766.0], [1943.85, 3016.0], [1943.8, 14619.0], [1943.75, 40.0], [1943.7, 1000.0], [1943.65, 2848.0], [1943.55, 2840.0]], "asks": [[1945.0, 97951.0], [1945.05, 19515.0], [1945.15, 14925.0], [1945.2, 50000.0], [1945.55, 163.0], [1945.6, 1438.0], [1945.65, 2873.0], [1945.7, 2.0], [1945.8, 2873.0], [1945.95, 2873.0], [1946.05, 202.0], [1946.1, 2873.0], [1946.2, 13372.0], [1946.25, 20004.0], [1946.3, 21805.0], [1946.35, 12857.0], [1946.5, 2867.0], [1946.6, 7308.0], [1946.65, 12046.0], [1946.7, 2846.0]]}}}
{"jsonrpc": "2.0", "method": "subscription", "params": {"channel": "book.ETH-PERPETUAL.none.20.100ms", "data": {"timestamp": 1772207305068, "change_id": 111090202226, "instrument_name": "ETH-PERPETUAL", "bids": [[1944.95, 29342.0], [1944.65, 3044.0], [1944.6, 10928.0], [1944.55, 40.0], [1944.5, 2858.0], [1944.45, 5965.0], [1944.4, 21261.0], [1944.35, 4278.0], [1944.2, 8545.0], [1944.15, 17840.0], [1944.1, 1271.0], [1944.05, 62574.0], [1944.0, 204766.0], [1943.95, 15766.0], [1943.85, 3016.0], [1943.8, 14619.0], [1943.75, 40.0], [1943.7, 1000.0], [1943.65, 2848.0], [1943.55, 2840.0]], "asks": [[1945.0, 92600.0], [1945.05, 19515.0], [1945.15, 16327.0], [1945.2, 54000.0], [1945.6, 1438.0], [1945.65, 2873.0], [1945.7, 2.0], [1945.8, 2873.0], [1945.85, 630.0], [1945.95, 2873.0], [1946.05, 202.0], [1946.1, 7452.0], [1946.15, 12482.0], [1946.2, 2857.0], [1946.3, 4026.0], [1946.35, 12857.0], [1946.4, 6163.0], [1946.45, 20004.0], [1946.5, 9029.0], [1946.55, 17779.0]]}}}
{"jsonrpc": "2.0", "method": "subscription", "params": {"channel": "book.ETH-PERPETUAL.none.20.100ms", "data": {"timestamp": 1772207305368, "change_id": 111090203144, "instrument_name": "ETH-PERPETUAL", "bids": [[1944.95, 33755.0], [1944.85, 219.0], [1944.65, 1194.0], [1944.6, 6709.0], [1944.55, 2595.0], [1944.5, 14523.0], [1944.4, 21261.0], [1944.35, 4278.0], [1944.3, 6149.0], [1944.25, 17760.0], [1944.2, 2840.0], [1944.15, 80.0], [1944.1, 1271.0], [1944.05, 62574.0], [1944.0, 204766.0], [1943.95, 16390.0], [1943.85, 3016.0], [1943.8, 14619.0], [1943.75, 40.0], [1943.7, 1000.0]], "asks": [[1945.0, 88000.0], [1945.05, 15000.0], [1945.25, 21062.0], [1945.3, 50208.0], [1945.4, 1348.0], [1945.5, 4515.0], [1945.6, 1438.0], [1945.65, 2873.0], [1945.7, 2.0], [1945.8, 2873.0], [1945.95, 2873.0], [1946.05, 202.0], [1946.1, 2873.0], [1946.2, 2857.0], [1946.35, 2857.0], [1946.4, 6827.0], [1946.45, 20004.0], [1946.5, 9029.0], [1946.55, 17779.0], [1946.6, 2863.0]]}}}
{"jsonrpc": "2.0", "method": "subscription", "params": {"channel": "book.ETH-PERPETUAL.none.20.100ms", "data": {"timestamp": 1772207305729, "change_id": 111090203738, "instrument_name": "ETH-PERPETUAL", "bids": [[1944.95, 29886.0], [1944.8, 1194.0], [1944.75, 4000.0], [1944.55, 2595.0], [1944.5, 8558.0], [1944.45, 219.0], [1944.4, 1277.0], [1944.35, 4278.0], [1944.2, 9208.0], [1944.15, 80.0], [1944.1, 21255.0], [1944.05, 80334.0], [1944.0, 204766.0], [1943.95, 15766.0], [1943.85, 3016.0], [1943.8, 14619.0], [1943.75, 40.0], [1943.7, 1000.0], [1943.65, 2848.0], [1943.55, 2840.0]], "asks": [[1945.0, 92208.0], [1945.05, 15000.0], [1945.25, 17062.0], [1945.3, 50000.0], [1945.4, 1348.0], [1945.5, 4515.0], [1945.6, 1438.0], [1945.65, 2873.0], [1945.7, 2.0], [1945.8, 2873.0], [1945.95, 2873.0], [1946.05, 202.0], [1946.1, 2873.0], [1946.15, 6824.0], [1946.2, 22861.0], [1946.25, 7910.0], [1946.3, 32470.0], [1946.35, 15716.0], [1946.5, 2867.0], [1946.6, 2863.0]]}}}
{"jsonrpc": "2.0", "method": "subscription", "params": {"channel": "book.ETH-PERPETUAL.none.20.100ms", "data": {"timestamp": 1772207306014, "change_id": 111090204265, "instrument_name": "ETH-PERPETUAL", "bids": [[1944.95, 29686.0], [1944.8, 1194.0], [1944.75, 7564.0], [1944.55, 2595.0], [1944.5, 8558.0], [1944.45, 219.0], [1944.4, 1277.0], [1944.35, 4278.0], [1944.2, 2840.0], [1944.15, 6425.0], [1944.1, 21255.0], [1944.05, 80334.0], [1944.0, 204766.0], [1943.95, 15766.0], [1943.85, 3016.0], [1943.8, 14619.0], [1943.75, 40.0], [1943.7, 1000.0], [1943.65, 2848.0], [1943.55, 2840.0]], "asks": [[1945.0, 92208.0], [1945.05, 15000.0], [1945.25, 17062.0], [1945.3, 50000.0], [1945.4, 1348.0], [1945.5, 4515.0], [1945.6, 1438.0], [1945.65, 2873.0], [1945.7, 2.0], [1945.8, 2873.0], [1945.95, 2873.0], [1946.05, 202.0], [1946.1, 2873.0], [1946.2, 15975.0], [1946.25, 20004.0], [1946.3, 32470.0], [1946.35, 15716.0], [1946.5, 2867.0], [1946.6, 2863.0], [1946.7, 2846.0]]}}}
{"jsonrpc": "2.0", "method": "subscription", "params": {"channel": "book.ETH-PERPETUAL.none.20.100ms", "data": {"timestamp": 1772207306371, "change_id": 111090204895, "instrument_name": "ETH-PERPETUAL", "bids": [[1944.95, 29444.0], [1944.8, 1194.0], [1944.75, 4000.0], [1944.55, 2814.0], [1944.5, 8558.0], [1944.4, 1277.0], [1944.35, 4278.0], [1944.2, 2840.0], [1944.15, 6425.0], [1944.1, 21255.0], [1944.05, 80334.0], [1944.0, 200060.0], [1943.95, 2840.0], [1943.85, 2195.0], [1943.8, 7355.0], [1943.75, 40.0], [1943.7, 1000.0], [1943.65, 2848.0], [1943.55, 2840.0], [1943.45, 2840.0]], "asks": [[1945.0, 92679.0], [1945.05, 15000.0], [1945.15, 14925.0], [1945.2, 50000.0], [1945.4, 1348.0], [1945.5, 4515.0], [1945.6, 1438.0], [1945.65, 2873.0], [1945.7, 2.0], [1945.8, 2873.0], [1945.95, 2873.0], [1946.05, 2.0], [1946.1, 2873.0], [1946.15, 6824.0], [1946.2, 31817.0], [1946.25, 17779.0], [1946.3, 10000.0], [1946.35, 2857.0], [1946.5, 2867.0], [1946.6, 2863.0]]}}}
{"jsonrpc": "2.0", "method": "subscription", "params": {"channel": "book.ETH-PERPETUAL.none.20.100ms", "data": {"timestamp": 1772207306721, "change_id": 111090205952, "instrument_name": "ETH-PERPETUAL", "bids": [[1945.1, 23969.0], [1945.05, 2264.0], [1945.0, 19410.0], [1944.95, 41060.0], [1944.7, 7968.0], [1944.65, 6709.0], [1944.6, 19984.0], [1944.55, 17800.0], [1944.5, 4298.0], [1944.4, 8459.0], [1944.35, 4278.0], [1944.2, 2840.0], [1944.15, 80.0], [1944.1, 1271.0], [1944.05, 75033.0], [1944.0, 200684.0], [1943.95, 2840.0], [1943.85, 2195.0], [1943.8, 7355.0], [1943.75, 40.0]], "asks": [[1945.15, 95000.0], [1945.45, 2542.0], [1945.5, 11394.0], [1945.55, 8208.0], [1945.6, 1438.0], [1945.65, 17799.0], [1945.7, 50002.0], [1945.8, 2873.0], [1945.95, 2873.0], [1946.05, 202.0], [1946.1, 2873.0], [1946.2, 2857.0], [1946.35, 2857.0], [1946.5, 2867.0], [1946.6, 15071.0], [1946.65, 20004.0], [1946.7, 33534.0], [1946.75, 18255.0], [1946.8, 71157.0], [1946.9, 2844.0]]}}}
{"jsonrpc": "2.0", "method": "subscription", "params": {"channel": "book.ETH-PERPETUAL.none.20.100ms", "data": {"timestamp": 1772207307047, "change_id": 111090206673, "instrument_name": "ETH-PERPETUAL", "bids": [[1945.1, 42602.0], [1945.05, 2264.0], [1945.0, 5700.0], [1944.95, 42.0], [1944.65, 5965.0], [1944.6, 19984.0], [1944.55, 17800.0], [1944.5, 4298.0], [1944.4, 8459.0], [1944.35, 2842.0], [1944.2, 2840.0], [1944.15, 80.0], [1944.1, 1271.0], [1944.05, 62574.0], [1944.0, 200060.0], [1943.95, 2840.0], [1943.85, 2195.0], [1943.8, 7355.0], [1943.75, 40.0], [1943.7, 1000.0]], "asks": [[1945.15, 95000.0], [1945.45, 2542.0], [1945.5, 11394.0], [1945.55, 8208.0], [1945.6, 17221.0], [1945.65, 52873.0], [1945.7, 2.0], [1945.8, 2873.0], [1945.95, 2873.0], [1946.05, 200.0], [1946.1, 2873.0], [1946.2, 2857.0], [1946.35, 2857.0], [1946.5, 2867.0], [1946.6, 9020.0], [1946.7, 35759.0], [1946.75, 18255.0], [1946.8, 71157.0], [1946.85, 17779.0], [1946.9, 2844.0]]}}}
{"jsonrpc": "2.0", "method": "subscription", "params": {"channel": "book.ETH-PERPETUAL.none.20.100ms", "data": {"timestamp": 1772207307375, "change_id": 111090207240, "instrument_name": "ETH-PERPETUAL", "bids": [[1945.1, 43196.0], [1945.05, 2264.0], [1945.0, 5700.0], [1944.95, 40.0], [1944.75, 5965.0], [1944.7, 19984.0], [1944.55, 17800.0], [1944.5, 4298.0], [1944.45, 624.0], [1944.4, 20836.0], [1944.35, 2842.0], [1944.2, 2840.0], [1944.15, 80.0], [1944.1, 1271.0], [1944.05, 62574.0], [1944.0, 200060.0], [1943.95, 2840.0], [1943.85, 2195.0], [1943.8, 7355.0], [1943.75, 40.0]], "asks": [[1945.15, 95003.0], [1945.45, 2542.0], [1945.5, 11394.0], [1945.55, 8208.0], [1945.6, 17221.0], [1945.65, 52873.0], [1945.7, 2.0], [1945.8, 2873.0], [1945.95, 2873.0], [1946.05, 200.0], [1946.1, 2873.0], [1946.2, 2857.0], [1946.35, 2857.0], [1946.5, 2867.0], [1946.6, 9020.0], [1946.7, 35759.0], [1946.75, 18255.0], [1946.8, 71157.0], [1946.85, 17779.0], [1946.9, 2844.0]]}}}
{"jsonrpc": "2.0", "method": "subscription", "params": {"channel": "book.ETH-PERPETUAL.none.20.100ms", "data": {"timestamp": 1772207307714, "change_id": 111090207607, "instrument_name": "ETH-PERPETUAL", "bids": [[1945.1, 42831.0], [1945.05, 8974.0], [1945.0, 5700.0], [1944.95, 40.0], [1944.75, 5965.0], [1944.7, 19984.0], [1944.6, 6596.0], [1944.55, 17800.0], [1944.5, 4298.0], [1944.4, 20836.0], [1944.35, 2842.0], [1944.2, 2840.0], [1944.15, 704.0], [1944.1, 1271.0], [1944.05, 62574.0], [1944.0, 200060.0], [1943.95, 2840.0], [1943.85, 2195.0], [1943.8, 7355.0], [1943.75, 40.0]], "asks": [[1945.15, 80003.0], [1945.25, 15000.0], [1945.45, 2542.0], [1945.5, 11394.0], [1945.55, 8208.0], [1945.6, 17221.0], [1945.65, 52873.0], [1945.7, 2.0], [1945.8, 2873.0], [1945.95, 2873.0], [1946.05, 200.0], [1946.1, 2873.0], [1946.2, 2857.0], [1946.35, 2857.0], [1946.5, 2867.0], [1946.6, 9020.0], [1946.7, 35759.0], [1946.75, 18255.0], [1946.8, 71157.0], [1946.85, 17779.0]]}}}
{"jsonrpc": "2.0", "method": "subscription", "params": {"channel": "book.ETH-PERPETUAL.none.20.100ms", "data": {"timestamp": 1772207308020, "change_id": 111090208420, "instrument_name": "ETH-PERPETUAL", "bids": [[1945.1, 47129.0], [1945.05, 8974.0], [1945.0, 5700.0], [1944.95, 40.0], [1944.8, 5965.0], [1944.75, 19984.0], [1944.7, 5301.0], [1944.65, 17760.0], [1944.55, 40.0], [1944.5, 4298.0], [1944.4, 20836.0], [1944.35, 2842.0], [1944.2, 2840.0], [1944.15, 704.0], [1944.1, 1271.0], [1944.05, 62574.0], [1944.0, 200060.0], [1943.95, 2840.0], [1943.85, 52195.0], [1943.8, 7355.0]], "asks": [[1945.15, 3.0], [1945.3, 80000.0], [1945.7, 2.0], [1945.75, 6166.0], [1945.8, 2873.0], [1945.85, 18069.0], [1945.9, 62000.0], [1945.95, 2873.0], [1946.05, 200.0], [1946.1, 2873.0], [1946.2, 2857.0], [1946.35, 2857.0], [1946.5, 2867.0], [1946.6, 2863.0], [1946.7, 2846.0], [1946.8, 2857.0], [1946.9, 2844.0], [1947.0, 47783.0], [1947.05, 2844.0], [1947.2, 13507.0]]}}}
