{"jsonrpc": "2.0", "id": 1, "result": ["book.ETH-PERPETUAL.none.20.100ms"], "usIn": 1758069524029310, "usOut": 1758069524029513, "usDiff": 203, "testnet": false}
{"jsonrpc": "2.0", "method": "subscription", "params": {"channel": "book.ETH-PERPETUAL.none.20.100ms", "data": {"timestamp": 1758069523954, "change_id": 86804111097, "instrument_name": "ETH-PERPETUAL", "bids": [[4510.25, 1816.0], [4510.1, 1.0], [4510.0, 50.0], [4509.85, 7131.0], [4509.8, 19900.0], [4509.75, 3871.0], [4509.5, 28420.0], [4509.45, 44990.0], [4509.4, 33600.0], [4509.25, 70272.0], [4509.2, 42500.0], [4509.1, 81672.0], [4509.0, 50000.0], [4508.95, 10483.0], [4508.85, 62756.0], [4508.8, 17760.0], [4508.75, 9872.0], [4508.5, 12907.0], [4508.4, 20294.0], [4508.35, 31570.0]], "asks": [[4510.3, 174211.0], [4510.35, 16320.0], [4510.4, 33600.0], [4510.5, 25000.0], [4510.6, 1257.0], [4510.95, 15000.0], [4511.0, 50000.0], [4511.05, 49026.0], [4511.1, 62544.0], [4511.15, 31126.0], [4511.25, 31804.0], [4511.6, 29941.0], [4511.65, 12718.0], [4511.7, 104321.0], [4511.75, 3815.0], [4511.9, 12718.0], [4511.95, 56762.0], [4512.0, 4110.0], [4512.1, 37782.0], [4512.15, 12718.0]]}}}
{"jsonrpc": "2.0", "method": "subscription", "params": {"channel": "book.ETH-PERPETUAL.none.20.100ms", "data": {"timestamp": 1758069524264, "change_id": 86804111303, "instrument_name": "ETH-PERPETUAL", "bids": [[4510.25, 1816.0], [4510.1, 1.0], [4510.0, 50.0], [4509.85, 7131.0], [4509.8, 19900.0], [4509.75, 3871.0], [4509.55, 25987.0], [4509.5, 28420.0], [4509.45, 25000.0], [4509.4, 33600.0], [4509.25, 70272.0], [4509.2, 42500.0], [4509.1, 81672.0], [4509.0, 50000.0], [4508.95, 10483.0], [4508.85, 62756.0], [4508.8, 17760.0], [4508.75, 9872.0], [4508.5, 12907.0], [4508.4, 20294.0]], "asks": [[4510.3, 174211.0], [4510.35, 16320.0], [4510.4, 33600.0], [4510.5, 25000.0], [4510.6, 1257.0], [4511.05, 49026.0], [4511.1, 62544.0], [4511.15, 31126.0], [4511.25, 31804.0], [4511.3, 15000.0], [4511.5, 50000.0], [4511.6, 29941.0], [4511.65, 12718.0], [4511.7, 104321.0], [4511.75, 3815.0], [4511.9, 12718.0], [4511.95, 56762.0], [4512.0, 4110.0], [4512.15, 12718.0], [4512.35, 37782.0]]}}}
{"jsonrpc": "2.0", "method": "subscription", "params": {"channel": "book.ETH-PERPETUAL.none.20.100ms", "data": {"timestamp": 1758069524544, "change_id": 86804111535, "instrument_name": "ETH-PERPETUAL", "bids": [[4510.25, 1816.0], [4510.1, 1.0], [4510.0, 50.0], [4509.85, 7131.0], [4509.8, 19900.0], [4509.75, 3871.0], [4509.7, 7500.0], [4509.65, 25000.0], [4509.5, 16862.0], [4509.45, 19990.0], [4509.4, 33600.0], [4509.25, 70272.0], [4509.2, 42500.0], [4509.1, 81672.0], [4509.0, 50000.0], [4508.95, 10483.0], [4508.85, 62756.0], [4508.8, 17760.0], [4508.75, 9872.0], [4508.5, 12907.0]], "asks": [[4510.3, 174211.0], [4510.35, 10080.0], [4510.4, 33600.0], [4510.55, 7877.0], [4510.6, 26257.0], [4511.05, 49026.0], [4511.1, 62544.0], [4511.15, 31126.0], [4511.25, 31804.0], [4511.4, 15000.0], [4511.45, 50000.0], [4511.6, 29941.0], [4511.65, 12718.0], [4511.7, 104321.0], [4511.75, 20367.0], [4511.9, 12718.0], [4511.95, 56762.0], [4512.0, 4110.0], [4512.1, 37782.0], [4512.15, 12718.0]]}}}
{"jsonrpc": "2.0", "method": "subscription", "params": {"channel": "book.ETH-PERPETUAL.none.20.100ms", "data": {"timestamp": 1758069524914, "change_id": 86804112138, "instrument_name": "ETH-PERPETUAL", "bids": [[4510.25, 1858.0], [4510.1, 1.0], [4510.0, 50.0], [4509.85, 7131.0], [4509.8, 19900.0], [4509.75, 3871.0], [4509.7, 7500.0], [4509.65, 25000.0], [4509.5, 16862.0], [4509.45, 19990.0], [4509.4, 33600.0], [4509.25, 70272.0], [4509.2, 42500.0], [4509.1, 81672.0], [4509.0, 50000.0], [4508.95, 10483.0], [4508.85, 62756.0], [4508.8, 17760.0], [4508.75, 9872.0], [4508.5, 12907.0]], "asks": [[4510.3, 174211.0], [4510.35, 10080.0], [4510.4, 33600.0], [4510.55, 7877.0], [4510.6, 26257.0], [4511.05, 49026.0], [4511.1, 62544.0], [4511.15, 31126.0], [4511.25, 31804.0], [4511.35, 15000.0], [4511.4, 50000.0], [4511.6, 29941.0], [4511.65, 12718.0], [4511.7, 104321.0], [4511.75, 20367.0], [4511.9, 12718.0], [4511.95, 56762.0], [4512.0, 4110.0], [4512.15, 12718.0], [4512.25, 20004.0]]}}}
{"jsonrpc": "2.0", "method": "subscription", "params": {"channel": "book.ETH-PERPETUAL.none.20.100ms", "data": {"timestamp": 1758069525186, "change_id": 86804112348, "instrument_name": "ETH-PERPETUAL", "bids": [[4510.25, 1858.0], [4510.1, 1.0], [4510.0, 50.0], [4509.95, 3871.0], [4509.85, 7131.0], [4509.8, 19900.0], [4509.5, 28251.0], [4509.45, 19990.0], [4509.4, 58600.0], [4509.25, 70272.0], [4509.2, 42500.0], [4509.1, 81672.0], [4508.95, 10483.0], [4508.85, 62756.0], [4508.8, 17760.0], [4508.75, 9872.0], [4508.5, 12907.0], [4508.4, 20294.0], [4508.35, 31570.0], [4508.3, 100800.0]], "asks": [[4510.3, 174211.0], [4510.35, 10080.0], [4510.4, 33600.0], [4510.55, 7877.0], [4510.6, 26257.0], [4511.05, 49026.0], [4511.1, 62544.0], [4511.15, 31126.0], [4511.2, 50000.0], [4511.25, 31804.0], [4511.6, 29941.0], [4511.65, 12718.0], [4511.7, 104321.0], [4511.75, 20367.0], [4511.9, 12718.0], [4511.95, 56762.0], [4512.0, 4110.0], [4512.05, 17778.0], [4512.1, 20004.0], [4512.15, 12718.0]]}}}
{"jsonrpc": "2.0", "method": "subscription", "params": {"channel": "book.ETH-PERPETUAL.none.20.100ms", "data": {"timestamp": 1758069525586, "change_id": 86804112667, "instrument_name": "ETH-PERPETUAL", "bids": [[4510.25, 1760.0], [4510.1, 1.0], [4510.0, 1211.0], [4509.95, 3871.0], [4509.5, 28251.0], [4509.4, 58600.0], [4509.3, 19990.0], [4509.25, 70272.0], [4509.2, 42500.0], [4509.1, 81672.0], [4508.95, 10483.0], [4508.85, 62756.0], [4508.8, 17760.0], [4508.75, 9872.0], [4508.55, 18872.0], [4508.5, 62907.0], [4508.4, 20294.0], [4508.35, 31570.0], [4508.3, 100800.0], [4508.25, 956.0]], "asks": [[4510.3, 174211.0], [4510.35, 16320.0], [4510.4, 33600.0], [4510.45, 25000.0], [4510.6, 1257.0], [4510.8, 15000.0], [4510.85, 50000.0], [4511.05, 49026.0], [4511.1, 62544.0], [4511.15, 31126.0], [4511.25, 31804.0], [4511.6, 29941.0], [4511.65, 12718.0], [4511.7, 104321.0], [4511.75, 3815.0], [4511.9, 12718.0], [4512.0, 14636.0], [4512.05, 17778.0], [4512.1, 20004.0], [4512.15, 12718.0]]}}}
{"jsonrpc": "2.0", "method": "subscription", "params": {"channel": "book.ETH-PERPETUAL.none.20.100ms", "data": {"timestamp": 1758069525863, "change_id": 86804113041, "instrument_name": "ETH-PERPETUAL", "bids": [[4510.25, 1760.0], [4510.1, 1.0], [4510.0, 50.0], [4509.8, 1161.0], [4509.75, 3871.0], [4509.5, 28251.0], [4509.4, 58600.0], [4509.25, 87757.0], [4509.2, 42500.0], [4509.1, 81672.0], [4508.95, 25806.0], [4508.85, 62756.0], [4508.8, 17760.0], [4508.75, 9872.0], [4508.55, 18872.0], [4508.5, 62907.0], [4508.4, 20294.0], [4508.35, 31570.0], [4508.3, 100800.0], [4508.25, 956.0]], "asks": [[4510.3, 194111.0], [4510.35, 16320.0], [4510.4, 33600.0], [4510.45, 25000.0], [4510.6, 1257.0], [4510.8, 15000.0], [4510.85, 50000.0], [4511.05, 49026.0], [4511.1, 62544.0], [4511.15, 31126.0], [4511.25, 31804.0], [4511.6, 29941.0], [4511.65, 12718.0], [4511.7, 104321.0], [4511.75, 3815.0], [4511.9, 70194.0], [4512.0, 14636.0], [4512.05, 17778.0], [4512.1, 20004.0], [4512.15, 12718.0]]}}}
{"jsonrpc": "2.0", "method": "subscription", "params": {"channel": "book.ETH-PERPETUAL.none.20.100ms", "data": {"timestamp": 1758069526226, "change_id": 86804113332, "instrument_name": "ETH-PERPETUAL", "bids": [[4510.25, 1760.0], [4510.1, 1.0], [4510.0, 50.0], [4509.8, 1161.0], [4509.75, 3871.0], [4509.5, 28251.0], [4509.4, 58600.0], [4509.3, 19990.0], [4509.25, 67767.0], [4509.2, 42500.0], [4509.1, 81672.0], [4508.95, 25806.0], [4508.85, 62756.0], [4508.8, 17760.0], [4508.75, 9872.0], [4508.5, 12907.0], [4508.4, 20294.0], [4508.35, 31570.0], [4508.3, 100800.0], [4508.25, 956.0]], "asks": [[4510.3, 194111.0], [4510.35, 16320.0], [4510.4, 33600.0], [4510.45, 25000.0], [4510.6, 1257.0], [4510.8, 15000.0], [4510.85, 50000.0], [4511.05, 49026.0], [4511.1, 62544.0], [4511.15, 31126.0], [4511.25, 31804.0], [4511.6, 29941.0], [4511.65, 12718.0], [4511.7, 104321.0], [4511.75, 3815.0], [4511.9, 70194.0], [4512.0, 14636.0], [4512.05, 17778.0], [4512.1, 20004.0], [4512.15, 12718.0]]}}}
{"jsonrpc": "2.0", "method": "subscription", "params": {"channel": "book.ETH-PERPETUAL.none.20.100ms", "data": {"timestamp": 1758069526568, "change_id": 86804113500, "instrument_name": "ETH-PERPETUAL", "bids": [[4510.25, 1760.0], [4510.1, 1.0], [4510.0, 50.0], [4509.8, 1161.0], [4509.75, 3871.0], [4509.6, 7500.0], [4509.55, 25000.0], [4509.5, 28251.0], [4509.45, 19990.0], [4509.4, 33600.0], [4509.25, 70354.0], [4509.2, 42500.0], [4509.1, 81672.0], [4508.95, 25806.0], [4508.85, 62756.0], [4508.8, 17760.0], [4508.75, 9872.0], [4508.5, 12907.0], [4508.4, 20294.0], [4508.35, 31570.0]], "asks": [[4510.3, 174211.0], [4510.35, 10080.0], [4510.4, 33600.0], [4510.6, 1257.0], [4510.7, 7500.0], [4510.75, 25000.0], [4511.05, 49026.0], [4511.1, 62544.0], [4511.15, 31126.0], [4511.25, 46804.0], [4511.3, 50000.0], [4511.6, 29941.0], [4511.65, 12718.0], [4511.7, 104321.0], [4511.75, 3815.0], [4511.9, 70194.0], [4512.0, 14636.0], [4512.05, 17778.0], [4512.1, 20004.0], [4512.15, 12718.0]]}}}
{"jsonrpc": "2.0", "method": "subscription", "params": {"channel": "book.ETH-PERPETUAL.none.20.100ms", "data": {"timestamp": 1758069526906, "change_id": 86804114109, "instrument_name": "ETH-PERPETUAL", "bids": [[4510.25, 1858.0], [4510.1, 1.0], [4510.0, 50.0], [4509.85, 7131.0], [4509.8, 19900.0], [4509.75, 3871.0], [4509.6, 7500.0], [4509.55, 25000.0], [4509.5, 28251.0], [4509.45, 19990.0], [4509.4, 33600.0], [4509.25, 70354.0], [4509.2, 42500.0], [4509.1, 81672.0], [4508.95, 25806.0], [4508.85, 62756.0], [4508.8, 17760.0], [4508.75, 9872.0], [4508.5, 12907.0], [4508.4, 20294.0]], "asks": [[4510.3, 37349.0], [4510.35, 10080.0], [4510.4, 33600.0], [4510.6, 1257.0], [4510.7, 7500.0], [4510.75, 25000.0], [4511.05, 49026.0], [4511.1, 62544.0], [4511.15, 31126.0], [4511.25, 46804.0], [4511.5, 50000.0], [4511.6, 29941.0], [4511.65, 12718.0], [4511.7, 104321.0], [4511.75, 3815.0], [4511.9, 70194.0], [4512.0, 4110.0], [4512.05, 17778.0], [4512.15, 12718.0], [4512.35, 20004.0]]}}}
{"jsonrpc": "2.0", "method": "subscription", "params": {"channel": "book.ETH-PERPETUAL.none.20.100ms", "data": {"timestamp": 1758069527234, "change_id": 86804114535, "instrument_name": "ETH-PERPETUAL", "bids": [[4510.25, 3059.0], [4510.1, 1.0], [4510.0, 50.0], [4509.95, 3871.0], [4509.85, 12579.0], [4509.8, 19900.0], [4509.75, 39817.0], [4509.7, 33600.0], [4509.6, 19990.0], [4509.5, 20955.0], [4509.4, 50000.0], [4509.25, 70354.0], [4509.2, 42500.0], [4509.1, 81672.0], [4508.95, 10483.0], [4508.85, 12756.0], [4508.8, 17760.0], [4508.75, 9872.0], [4508.5, 12907.0], [4508.4, 20294.0]], "asks": [[4510.3, 33478.0], [4510.35, 10080.0], [4510.4, 37471.0], [4510.6, 1257.0], [4510.95, 7500.0], [4511.0, 25000.0], [4511.05, 28933.0], [4511.1, 62544.0], [4511.25, 31804.0], [4511.35, 15000.0], [4511.4, 50000.0], [4511.6, 29941.0], [4511.65, 12718.0], [4511.7, 104321.0], [4511.75, 3815.0], [4511.9, 12718.0], [4512.0, 4110.0], [4512.15, 12718.0], [4512.35, 20004.0], [4512.4, 12706.0]]}}}
{"jsonrpc": "2.0", "method": "subscription", "params": {"channel": "book.ETH-PERPETUAL.none.20.100ms", "data": {"timestamp": 1758069527550, "change_id": 86804114760, "instrument_name": "ETH-PERPETUAL", "bids": [[4510.25, 3059.0], [4510.1, 1.0], [4510.0, 50.0], [4509.85, 12579.0], [4509.8, 19900.0], [4509.75, 39817.0], [4509.7, 33600.0], [4509.55, 19990.0], [4509.5, 20955.0], [4509.4, 50000.0], [4509.25, 70354.0], [4509.2, 42500.0], [4509.1, 81672.0], [4508.95, 10483.0], [4508.85, 12756.0], [4508.8, 17760.0], [4508.75, 9872.0], [4508.6, 36000.0], [4508.5, 12907.0], [4508.4, 20294.0]], "asks": [[4510.3, 33478.0], [4510.35, 146939.0], [4510.4, 37471.0], [4510.6, 1257.0], [4510.8, 7500.0], [4510.85, 25000.0], [4511.05, 28933.0], [4511.1, 62544.0], [4511.25, 31804.0], [4511.35, 22463.0], [4511.4, 81128.0], [4511.6, 29941.0], [4511.65, 12718.0], [4511.7, 104321.0], [4511.75, 3815.0], [4511.9, 12718.0], [4512.0, 4110.0], [4512.15, 68540.0], [4512.35, 20004.0], [4512.4, 12706.0]]}}}
{"jsonrpc": "2.0", "method": "subscription", "params": {"channel": "book.ETH-PERPETUAL.none.20.100ms", "data": {"timestamp": 1758069527762, "change_id": 86804115091, "instrument_name": "ETH-PERPETUAL", "bids": [[4510.25, 3059.0], [4510.1, 1.0], [4510.0, 50.0], [4509.95, 3871.0], [4509.85, 12579.0], [4509.8, 19900.0], [4509.75, 39817.0], [4509.7, 33600.0], [4509.55, 19990.0], [4509.5, 6806.0], [4509.25, 70354.0], [4509.2, 92500.0], [4509.1, 81672.0], [4508.95, 10483.0], [4508.85, 12756.0], [4508.8, 17760.0], [4508.75, 9872.0], [4508.65, 14672.0], [4508.6, 36000.0], [4508.5, 12907.0]], "asks": [[4510.3, 53378.0], [4510.35, 146939.0], [4510.4, 37471.0], [4510.6, 1257.0], [4510.65, 7500.0], [4510.7, 25000.0], [4511.05, 28933.0], [4511.1, 62544.0], [4511.25, 31804.0], [4511.35, 22463.0], [4511.4, 81128.0], [4511.6, 29941.0], [4511.65, 12718.0], [4511.7, 104321.0], [4511.75, 3815.0], [4511.9, 12718.0], [4512.0, 4110.0], [4512.1, 17778.0], [4512.15, 12718.0], [4512.35, 20004.0]]}}}
{"jsonrpc": "2.0", "method": "subscription", "params": {"channel": "book.ETH-PERPETUAL.none.20.100ms", "data": {"timestamp": 1758069528210, "change_id": 86804115619, "instrument_name": "ETH-PERPETUAL", "bids": [[4510.25, 3059.0], [4510.1, 1.0], [4510.0, 50.0], [4509.95, 3871.0], [4509.85, 12579.0], [4509.8, 19900.0], [4509.75, 39817.0], [4509.7, 33600.0], [4509.55, 19990.0], [4509.5, 6806.0], [4509.25, 70354.0], [4509.2, 92500.0], [4509.1, 81672.0], [4508.95, 10483.0], [4508.85, 12756.0], [4508.8, 17760.0], [4508.75, 9872.0], [4508.65, 14672.0], [4508.6, 36000.0], [4508.5, 12907.0]], "asks": [[4510.3, 53378.0], [4510.35, 146939.0], [4510.4, 37471.0], [4510.6, 1257.0], [4510.65, 7500.0], [4510.7, 25000.0], [4511.05, 28933.0], [4511.1, 62544.0], [4511.25, 31804.0], [4511.35, 22463.0], [4511.4, 81128.0], [4511.6, 29941.0], [4511.65, 12718.0], [4511.7, 104321.0], [4511.75, 3815.0], [4511.9, 12718.0], [4512.0, 4110.0], [4512.1, 17778.0], [4512.15, 12718.0], [4512.35, 20004.0]]}}}
{"jsonrpc": "2.0", "method": "subscription", "params": {"channel": "book.ETH-PERPETUAL.none.20.100ms", "data": {"timestamp": 1758069528552, "change_id": 86804115807, "instrument_name": "ETH-PERPETUAL", "bids": [[4510.25, 3059.0], [4510.1, 1.0], [4510.0, 50.0], [4509.95, 3871.0], [4509.85, 12579.0], [4509.8, 19900.0], [4509.75, 39817.0], [4509.7, 33600.0], [4509.55, 19990.0], [4509.5, 20955.0], [4509.3, 50000.0], [4509.25, 70354.0], [4509.2, 42500.0], [4509.1, 81672.0], [4508.95, 10483.0], [4508.85, 12756.0], [4508.8, 17760.0], [4508.75, 9872.0], [4508.65, 14672.0], [4508.6, 36000.0]], "asks": [[4510.3, 53378.0], [4510.35, 146939.0], [4510.4, 37471.0], [4510.6, 1257.0], [4510.65, 7500.0], [4510.7, 25000.0], [4511.05, 28933.0], [4511.1, 62544.0], [4511.25, 31804.0], [4511.35, 22463.0], [4511.4, 81128.0], [4511.6, 29941.0], [4511.65, 12718.0], [4511.7, 104321.0], [4511.75, 3815.0], [4511.9, 12718.0], [4512.0, 4110.0], [4512.15, 69394.0], [4512.3, 17778.0], [4512.35, 20004.0]]}}}
{"jsonrpc": "2.0", "method": "subscription", "params": {"channel": "book.ETH-PERPETUAL.none.20.100ms", "data": {"timestamp": 1758069528885, "change_id": 86804117100, "instrument_name": "ETH-PERPETUAL", "bids": [[4510.25, 61918.0], [4510.15, 25000.0], [4510.1, 33601.0], [4510.0, 50.0], [4509.9, 37876.0], [4509.85, 50000.0], [4509.8, 19900.0], [4509.75, 2587.0], [4509.55, 2500.0], [4509.25, 50254.0], [4509.2, 73613.0], [4509.1, 79172.0], [4509.0, 49159.0], [4508.95, 10483.0], [4508.85, 12756.0], [4508.8, 17760.0], [4508.75, 9872.0], [4508.65, 50672.0], [4508.6, 36000.0], [4508.5, 12907.0]], "asks": [[4510.3, 40.0], [4510.6, 1257.0], [4510.85, 2500.0], [4510.95, 33600.0], [4511.05, 19990.0], [4511.1, 60000.0], [4511.25, 12524.0], [4511.3, 25000.0], [4511.35, 16000.0], [4511.4, 3871.0], [4511.6, 29941.0], [4511.7, 104321.0], [4511.75, 11609.0], [4511.8, 12728.0], [4511.9, 12718.0], [4512.0, 4110.0], [4512.15, 62718.0], [4512.4, 12706.0], [4512.55, 2573.0], [4512.6, 1012.0]]}}}
{"jsonrpc": "2.0", "method": "subscription", "params": {"channel": "book.ETH-PERPETUAL.none.20.100ms", "data": {"timestamp": 1758069529218, "change_id": 86804117504, "instrument_name": "ETH-PERPETUAL", "bids": [[4510.25, 45487.0], [4510.2, 19990.0], [4510.15, 25000.0], [4510.1, 33601.0], [4510.0, 50.0], [4509.9, 37876.0], [4509.85, 50000.0], [4509.8, 19900.0], [4509.75, 2587.0], [4509.55, 14748.0], [4509.5, 49159.0], [4509.4, 2844.0], [4509.35, 6894.0], [4509.25, 50254.0], [4509.2, 43830.0], [4509.1, 79172.0], [4508.95, 10483.0], [4508.85, 12756.0], [4508.8, 37743.0], [4508.75, 9872.0]], "asks": [[4510.3, 40.0], [4510.6, 1257.0], [4510.85, 139358.0], [4510.95, 33600.0], [4511.05, 19990.0], [4511.1, 60000.0], [4511.25, 12524.0], [4511.3, 25000.0], [4511.35, 16000.0], [4511.6, 33812.0], [4511.7, 104321.0], [4511.75, 11609.0], [4511.8, 12728.0], [4511.9, 12718.0], [4512.0, 4110.0], [4512.15, 12718.0], [4512.25, 50000.0], [4512.35, 55905.0], [4512.4, 12706.0], [4512.55, 2573.0]]}}}
{"jsonrpc": "2.0", "method": "subscription", "params": {"channel": "book.ETH-PERPETUAL.none.20.100ms", "data": {"timestamp": 1758069529537, "change_id": 86804117710, "instrument_name": "ETH-PERPETUAL", "bids": [[4510.25, 65557.0], [4510.15, 25000.0], [4510.1, 33601.0], [4510.0, 49197.0], [4509.9, 37876.0], [4509.85, 50000.0], [4509.8, 19900.0], [4509.75, 33704.0], [4509.4, 2844.0], [4509.35, 6894.0], [4509.25, 50254.0], [4509.2, 43830.0], [4509.1, 79172.0], [4509.05, 956.0], [4508.95, 10483.0], [4508.85, 12756.0], [4508.8, 37743.0], [4508.75, 9872.0], [4508.65, 50672.0], [4508.6, 36000.0]], "asks": [[4510.3, 40.0], [4510.6, 1257.0], [4510.85, 139358.0], [4510.95, 33600.0], [4511.05, 19990.0], [4511.1, 60000.0], [4511.25, 12524.0], [4511.3, 25000.0], [4511.35, 16000.0], [4511.4, 3871.0], [4511.6, 29941.0], [4511.7, 103403.0], [4511.75, 11609.0], [4511.8, 12728.0], [4511.9, 12718.0], [4512.0, 4110.0], [4512.15, 12718.0], [4512.25, 50000.0], [4512.35, 56823.0], [4512.4, 12706.0]]}}}
{"jsonrpc": "2.0", "method": "subscription", "params": {"channel": "book.ETH-PERPETUAL.none.20.100ms", "data": {"timestamp": 1758069529863, "change_id": 86804118376, "instrument_name": "ETH-PERPETUAL", "bids": [[4510.25, 85342.0], [4510.2, 54489.0], [4510.15, 25000.0], [4510.1, 33601.0], [4510.0, 49197.0], [4509.9, 21776.0], [4509.85, 50000.0], [4509.75, 33704.0], [4509.4, 2844.0], [4509.35, 6894.0], [4509.25, 50254.0], [4509.2, 43830.0], [4509.1, 79172.0], [4509.05, 956.0], [4508.95, 10483.0], [4508.85, 12756.0], [4508.8, 37743.0], [4508.75, 9872.0], [4508.7, 25472.0], [4508.65, 36000.0]], "asks": [[4510.3, 40.0], [4510.6, 1257.0], [4510.85, 139358.0], [4510.95, 33600.0], [4511.05, 80.0], [4511.1, 60000.0], [4511.25, 12524.0], [4511.3, 25000.0], [4511.35, 16000.0], [4511.4, 3871.0], [4511.6, 29941.0], [4511.7, 103403.0], [4511.75, 11609.0], [4511.8, 12728.0], [4511.9, 12718.0], [4512.0, 18302.0], [4512.15, 12718.0], [4512.25, 50000.0], [4512.3, 20859.0], [4512.35, 56823.0]]}}}
{"jsonrpc": "2.0", "method": "subscription", "params": {"channel": "book.ETH-PERPETUAL.none.20.100ms", "data": {"timestamp": 1758069530183, "change_id": 86804118707, "instrument_name": "ETH-PERPETUAL", "bids": [[4510.25, 85342.0], [4510.2, 37495.0], [4510.15, 25000.0], [4510.1, 33601.0], [4510.0, 50.0], [4509.9, 21776.0], [4509.85, 50000.0], [4509.75, 33704.0], [4509.55, 14744.0], [4509.5, 49147.0], [4509.4, 2844.0], [4509.35, 6894.0], [4509.25, 50254.0], [4509.2, 43830.0], [4509.1, 79172.0], [4509.05, 956.0], [4508.95, 10483.0], [4508.85, 12756.0], [4508.8, 37743.0], [4508.75, 9872.0]], "asks": [[4510.3, 40.0], [4510.6, 1257.0], [4510.85, 139358.0], [4510.95, 33600.0], [4511.05, 80.0], [4511.1, 60000.0], [4511.25, 12524.0], [4511.3, 25000.0], [4511.35, 16000.0], [4511.4, 3871.0], [4511.6, 29941.0], [4511.7, 103403.0], [4511.75, 11609.0], [4511.8, 12728.0], [4511.9, 12718.0], [4512.0, 18302.0], [4512.15, 62718.0], [4512.35, 918.0], [4512.4, 12706.0], [4512.55, 2573.0]]}}}
{"jsonrpc": "2.0", "method": "subscription", "params": {"channel": "book.ETH-PERPETUAL.none.20.100ms", "data": {"timestamp": 1758069530526, "change_id": 86804119143, "instrument_name": "ETH-PERPETUAL", "bids": [[4510.25, 88342.0], [4510.2, 50296.0], [4510.15, 25000.0], [4510.1, 33601.0], [4510.05, 59740.0], [4510.0, 50.0], [4509.9, 63447.0], [4509.85, 136858.0], [4509.75, 33704.0], [4509.55, 14744.0], [4509.5, 49147.0], [4509.4, 2844.0], [4509.35, 6894.0], [4509.25, 25143.0], [4509.2, 43830.0], [4509.05, 956.0], [4509.0, 36000.0], [4508.95, 10483.0], [4508.9, 19983.0], [4508.85, 12756.0]], "asks": [[4510.3, 40.0], [4510.6, 1257.0], [4510.85, 2500.0], [4510.95, 33600.0], [4511.1, 60000.0], [4511.35, 16080.0], [4511.6, 29941.0], [4511.7, 107274.0], [4511.75, 11609.0], [4511.8, 12728.0], [4511.9, 12718.0], [4512.0, 18302.0], [4512.15, 12718.0], [4512.2, 50000.0], [4512.35, 4730.0], [4512.4, 12706.0], [4512.55, 2573.0], [4512.65, 12838.0], [4512.7, 60480.0], [4512.75, 201600.0]]}}}
{"jsonrpc": "2.0", "method": "subscription", "params": {"channel": "book.ETH-PERPETUAL.none.20.100ms", "data": {"timestamp": 1758069530868, "change_id": 86804119846, "instrument_name": "ETH-PERPETUAL", "bids": [[4510.25, 83984.0], [4510.2, 46460.0], [4510.15, 25000.0], [4510.1, 33601.0], [4510.05, 59740.0], [4510.0, 50.0], [4509.9, 63447.0], [4509.85, 136858.0], [4509.8, 2500.0], [4509.75, 33704.0], [4509.55, 14742.0], [4509.5, 49141.0], [4509.4, 2844.0], [4509.35, 6894.0], [4509.25, 25143.0], [4509.2, 43830.0], [4509.05, 956.0], [4509.0, 36000.0], [4508.95, 10483.0], [4508.85, 12756.0]], "asks": [[4510.3, 40.0], [4510.6, 1257.0], [4510.85, 2500.0], [4510.9, 10080.0], [4510.95, 33600.0], [4511.05, 58111.0], [4511.1, 60000.0], [4511.2, 121339.0], [4511.25, 25000.0], [4511.3, 8695.0], [4511.35, 16000.0], [4511.6, 29941.0], [4511.7, 103403.0], [4511.75, 11609.0], [4511.8, 12728.0], [4511.9, 12718.0], [4512.0, 18302.0], [4512.05, 50000.0], [4512.15, 12718.0], [4512.35, 918.0]]}}}
{"jsonrpc": "2.0", "method": "subscription", "params": {"channel": "book.ETH-PERPETUAL.none.20.100ms", "data": {"timestamp": 1758069531191, "change_id": 86804120350, "instrument_name": "ETH-PERPETUAL", "bids": [[4510.25, 23025.0], [4510.2, 37586.0], [4510.15, 25000.0], [4510.1, 33601.0], [4510.0, 50.0], [4509.95, 100.0], [4509.9, 63447.0], [4509.85, 136858.0], [4509.8, 20000.0], [4509.75, 52587.0], [4509.65, 2500.0], [4509.25, 38746.0], [4509.2, 43830.0], [4509.05, 956.0], [4509.0, 86000.0], [4508.95, 10483.0], [4508.85, 12756.0], [4508.8, 17760.0], [4508.6, 36000.0], [4508.5, 12907.0]], "asks": [[4510.3, 2660.0], [4510.6, 1257.0], [4510.75, 80.0], [4510.9, 10080.0], [4510.95, 33600.0], [4511.0, 16000.0], [4511.05, 86902.0], [4511.1, 60000.0], [4511.2, 121339.0], [4511.3, 4824.0], [4511.5, 12729.0], [4511.55, 19098.0], [4511.6, 29941.0], [4511.7, 103403.0], [4511.75, 3815.0], [4511.9, 12718.0], [4512.0, 18302.0], [4512.05, 50000.0], [4512.15, 12718.0], [4512.35, 918.0]]}}}
{"jsonrpc": "2.0", "method": "subscription", "params": {"channel": "book.ETH-PERPETUAL.none.20.100ms", "data": {"timestamp": 1758069531534, "change_id": 86804120580, "instrument_name": "ETH-PERPETUAL", "bids": [[4510.25, 65615.0], [4510.2, 30396.0], [4510.15, 25000.0], [4510.1, 33601.0], [4510.05, 50000.0], [4510.0, 50.0], [4509.9, 39112.0], [4509.85, 136858.0], [4509.75, 2587.0], [4509.45, 2831.0], [4509.4, 6849.0], [4509.25, 38793.0], [4509.2, 43830.0], [4509.05, 956.0], [4509.0, 86000.0], [4508.95, 10483.0], [4508.85, 12756.0], [4508.8, 17760.0], [4508.6, 36000.0], [4508.5, 12907.0]], "asks": [[4510.3, 2660.0], [4510.6, 1257.0], [4510.75, 80.0], [4510.9, 10080.0], [4510.95, 33600.0], [4511.0, 16000.0], [4511.05, 61902.0], [4511.1, 60000.0], [4511.2, 121339.0], [4511.25, 11319.0], [4511.3, 25000.0], [4511.5, 12729.0], [4511.55, 19098.0], [4511.6, 29941.0], [4511.7, 103403.0], [4511.75, 3815.0], [4511.9, 12718.0], [4512.0, 18302.0], [4512.05, 50000.0], [4512.15, 12718.0]]}}}
{"jsonrpc": "2.0", "method": "subscription", "params": {"channel": "book.ETH-PERPETUAL.none.20.100ms", "data": {"timestamp": 1758069531861, "change_id": 86804121250, "instrument_name": "ETH-PERPETUAL", "bids": [[4510.25, 88142.0], [4510.2, 43796.0], [4510.15, 25000.0], [4510.1, 33601.0], [4510.05, 50000.0], [4510.0, 50050.0], [4509.9, 39112.0], [4509.85, 136858.0], [4509.75, 2587.0], [4509.65, 9335.0], [4509.6, 31116.0], [4509.45, 2831.0], [4509.4, 6849.0], [4509.25, 26823.0], [4509.2, 43830.0], [4509.05, 956.0], [4509.0, 36000.0], [4508.95, 10483.0], [4508.85, 12756.0], [4508.8, 17760.0]], "asks": [[4510.3, 40.0], [4510.6, 1257.0], [4510.75, 2500.0], [4510.95, 33600.0], [4511.1, 60080.0], [4511.2, 121339.0], [4511.25, 3863.0], [4511.4, 16000.0], [4511.55, 19098.0], [4511.6, 29941.0], [4511.7, 103403.0], [4511.75, 3815.0], [4511.9, 12718.0], [4512.0, 18302.0], [4512.15, 62718.0], [4512.35, 918.0], [4512.4, 12706.0], [4512.55, 2573.0], [4512.65, 12838.0], [4512.7, 60480.0]]}}}
{"jsonrpc": "2.0", "method": "subscription", "params": {"channel": "book.ETH-PERPETUAL.none.20.100ms", "data": {"timestamp": 1758069532169, "change_id": 86804121581, "instrument_name": "ETH-PERPETUAL", "bids": [[4510.25, 89360.0], [4510.2, 43796.0], [4510.15, 25000.0], [4510.1, 33601.0], [4510.05, 50000.0], [4510.0, 50050.0], [4509.9, 39112.0], [4509.85, 136858.0], [4509.75, 2587.0], [4509.65, 9335.0], [4509.6, 31116.0], [4509.45, 2831.0], [4509.4, 6849.0], [4509.25, 26823.0], [4509.2, 43830.0], [4509.05, 956.0], [4509.0, 36000.0], [4508.95, 10483.0], [4508.85, 12756.0], [4508.8, 74652.0]], "asks": [[4510.3, 2540.0], [4510.6, 1257.0], [4510.95, 33600.0], [4511.05, 16000.0], [4511.1, 60080.0], [4511.2, 125210.0], [4511.55, 19098.0], [4511.6, 29941.0], [4511.7, 103403.0], [4511.75, 3815.0], [4511.9, 12718.0], [4512.0, 18302.0], [4512.15, 62718.0], [4512.35, 918.0], [4512.4, 12706.0], [4512.55, 2573.0], [4512.65, 12838.0], [4512.7, 60480.0], [4512.75, 201600.0], [4512.9, 29379.0]]}}}
{"jsonrpc": "2.0", "method": "subscription", "params": {"channel": "book.ETH-PERPETUAL.none.20.100ms", "data": {"timestamp": 1758069532393, "change_id": 86804121591, "instrument_name": "ETH-PERPETUAL", "bids": [[4510.25, 89318.0], [4510.2, 43796.0], [4510.15, 25000.0], [4510.1, 33601.0], [4510.05, 50000.0], [4510.0, 50050.0], [4509.9, 39112.0], [4509.85, 136858.0], [4509.75, 2587.0], [4509.65, 9335.0], [4509.6, 31116.0], [4509.45, 2831.0], [4509.4, 6849.0], [4509.25, 26823.0], [4509.2, 43830.0], [4509.05, 956.0], [4509.0, 36000.0], [4508.95, 10483.0], [4508.85, 12756.0], [4508.8, 74652.0]], "asks": [[4510.3, 2540.0], [4510.6, 1257.0], [4510.95, 33600.0], [4511.05, 16000.0], [4511.1, 60080.0], [4511.2, 125210.0], [4511.55, 19098.0], [4511.6, 29941.0], [4511.7, 103403.0], [4511.75, 3815.0], [4511.9, 12718.0], [4512.0, 18302.0], [4512.15, 62718.0], [4512.35, 918.0], [4512.4, 12706.0], [4512.55, 2573.0], [4512.65, 12838.0], [4512.7, 60480.0], [4512.75, 201600.0], [4512.9, 29379.0]]}}}
{"jsonrpc": "2.0", "method": "subscription", "params": {"channel": "book.ETH-PERPETUAL.none.20.100ms", "data": {"timestamp": 1758069532824, "change_id": 86804122224, "instrument_name": "ETH-PERPETUAL", "bids": [[4510.25, 89318.0], [4510.2, 43796.0], [4510.15, 25000.0], [4510.1, 33601.0], [4510.05, 50000.0], [4510.0, 50050.0], [4509.9, 39112.0], [4509.85, 136858.0], [4509.75, 2587.0], [4509.65, 9335.0], [4509.6, 31116.0], [4509.45, 2831.0], [4509.4, 6849.0], [4509.25, 26823.0], [4509.2, 43830.0], [4509.05, 956.0], [4509.0, 36000.0], [4508.95, 10483.0], [4508.85, 12756.0], [4508.8, 74652.0]], "asks": [[4510.3, 40.0], [4510.6, 1257.0], [4510.7, 19900.0], [4510.75, 2500.0], [4510.95, 33600.0], [4511.05, 16000.0], [4511.1, 60080.0], [4511.2, 125210.0], [4511.4, 7500.0], [4511.45, 25000.0], [4511.55, 19098.0], [4511.6, 29941.0], [4511.7, 103403.0], [4511.75, 3815.0], [4511.9, 12718.0], [4512.0, 18302.0], [4512.15, 62718.0], [4512.35, 4730.0], [4512.4, 12706.0], [4512.55, 2573.0]]}}}
{"jsonrpc": "2.0", "method": "subscription", "params": {"channel": "book.ETH-PERPETUAL.none.20.100ms", "data": {"timestamp": 1758069533180, "change_id": 86804122624, "instrument_name": "ETH-PERPETUAL", "bids": [[4510.25, 92543.0], [4510.2, 43796.0], [4510.15, 25000.0], [4510.1, 33601.0], [4510.05, 50000.0], [4510.0, 50050.0], [4509.9, 39112.0], [4509.85, 136858.0], [4509.75, 2587.0], [4509.65, 19075.0], [4509.6, 31116.0], [4509.45, 2831.0], [4509.4, 6849.0], [4509.25, 26823.0], [4509.2, 43830.0], [4509.05, 956.0], [4509.0, 36000.0], [4508.95, 10483.0], [4508.9, 19983.0], [4508.85, 12756.0]], "asks": [[4510.3, 40.0], [4510.6, 1257.0], [4510.95, 33600.0], [4511.1, 60000.0], [4511.15, 2500.0], [4511.2, 125210.0], [4511.4, 7500.0], [4511.45, 25080.0], [4511.5, 45371.0], [4511.55, 35098.0], [4511.65, 12735.0], [4511.7, 103403.0], [4511.75, 3815.0], [4511.9, 12718.0], [4512.0, 4110.0], [4512.15, 12718.0], [4512.3, 50000.0], [4512.35, 4730.0], [4512.4, 12706.0], [4512.55, 2573.0]]}}}
{"jsonrpc": "2.0", "method": "subscription", "params": {"channel": "book.ETH-PERPETUAL.none.20.100ms", "data": {"timestamp": 1758069533502, "change_id": 86804122803, "instrument_name": "ETH-PERPETUAL", "bids": [[4510.25, 92543.0], [4510.2, 43796.0], [4510.15, 25000.0], [4510.1, 33601.0], [4510.05, 50000.0], [4510.0, 50050.0], [4509.9, 39112.0], [4509.85, 136858.0], [4509.75, 2587.0], [4509.65, 19075.0], [4509.6, 31116.0], [4509.45, 2831.0], [4509.4, 6849.0], [4509.25, 26823.0], [4509.2, 43830.0], [4509.05, 956.0], [4509.0, 36000.0], [4508.95, 10483.0], [4508.85, 12756.0], [4508.8, 74652.0]], "asks": [[4510.3, 40.0], [4510.6, 1257.0], [4510.85, 2500.0], [4510.95, 33600.0], [4511.1, 60000.0], [4511.15, 80.0], [4511.2, 141210.0], [4511.4, 7500.0], [4511.45, 25000.0], [4511.5, 45371.0], [4511.55, 19098.0], [4511.65, 12735.0], [4511.7, 103403.0], [4511.75, 3815.0], [4511.9, 12718.0], [4512.0, 4110.0], [4512.15, 12718.0], [4512.3, 50000.0], [4512.35, 4730.0], [4512.4, 12706.0]]}}}
{"jsonrpc": "2.0", "method": "subscription", "params": {"channel": "book.ETH-PERPETUAL.none.20.100ms", "data": {"timestamp": 1758069533836, "change_id": 86804123320, "instrument_name": "ETH-PERPETUAL", "bids": [[4510.25, 92543.0], [4510.2, 63496.0], [4510.15, 25000.0], [4510.1, 33601.0], [4510.05, 50000.0], [4510.0, 50050.0], [4509.9, 39112.0], [4509.85, 136858.0], [4509.75, 2587.0], [4509.65, 19075.0], [4509.6, 31116.0], [4509.45, 2831.0], [4509.4, 6849.0], [4509.25, 26823.0], [4509.2, 43830.0], [4509.05, 956.0], [4509.0, 36000.0], [4508.95, 10483.0], [4508.85, 12756.0], [4508.8, 17760.0]], "asks": [[4510.3, 40.0], [4510.6, 1257.0], [4510.85, 2500.0], [4510.95, 33600.0], [4511.1, 60000.0], [4511.2, 137339.0], [4511.4, 7500.0], [4511.45, 25080.0], [4511.5, 45371.0], [4511.55, 19098.0], [4511.65, 12735.0], [4511.7, 103403.0], [4511.75, 3815.0], [4511.9, 12718.0], [4512.0, 4110.0], [4512.15, 12718.0], [4512.25, 19087.0], [4512.3, 50000.0], [4512.35, 918.0], [4512.4, 12706.0]]}}}
{"jsonrpc": "2.0", "method": "subscription", "params": {"channel": "book.ETH-PERPETUAL.none.20.100ms", "data": {"timestamp": 1758069534178, "change_id": 86804123720, "instrument_name": "ETH-PERPETUAL", "bids": [[4510.25, 92543.0], [4510.2, 52295.0], [4510.15, 25000.0], [4510.1, 33601.0], [4510.05, 50000.0], [4510.0, 50.0], [4509.9, 39112.0], [4509.85, 136858.0], [4509.75, 2587.0], [4509.65, 19075.0], [4509.6, 31116.0], [4509.45, 2831.0], [4509.4, 6849.0], [4509.25, 38793.0], [4509.2, 43830.0], [4509.05, 956.0], [4509.0, 86000.0], [4508.95, 10483.0], [4508.85, 12756.0], [4508.8, 75371.0]], "asks": [[4510.3, 40.0], [4510.6, 1257.0], [4510.85, 2500.0], [4510.95, 33600.0], [4511.1, 60000.0], [4511.2, 137419.0], [4511.25, 3871.0], [4511.4, 7500.0], [4511.45, 25000.0], [4511.5, 45371.0], [4511.55, 19098.0], [4511.65, 12735.0], [4511.7, 103403.0], [4511.75, 3815.0], [4511.9, 12718.0], [4512.0, 18302.0], [4512.15, 12718.0], [4512.2, 50000.0], [4512.35, 918.0], [4512.4, 12706.0]]}}}
{"jsonrpc": "2.0", "method": "subscription", "params": {"channel": "book.ETH-PERPETUAL.none.20.100ms", "data": {"timestamp": 1758069534510, "change_id": 86804124102, "instrument_name": "ETH-PERPETUAL", "bids": [[4510.25, 26208.0], [4510.2, 10095.0], [4510.15, 19990.0], [4510.1, 33601.0], [4510.0, 62914.0], [4509.95, 25100.0], [4509.85, 136858.0], [4509.8, 20000.0], [4509.75, 2587.0], [4509.7, 2500.0], [4509.65, 23573.0], [4509.6, 50000.0], [4509.25, 38793.0], [4509.2, 43830.0], [4509.05, 956.0], [4509.0, 86000.0], [4508.95, 10483.0], [4508.85, 12756.0], [4508.8, 17760.0], [4508.6, 36000.0]], "asks": [[4510.3, 18997.0], [4510.6, 1257.0], [4510.9, 20191.0], [4510.95, 58680.0], [4511.05, 55985.0], [4511.1, 60000.0], [4511.2, 137339.0], [4511.5, 45371.0], [4511.55, 19098.0], [4511.65, 12735.0], [4511.7, 103403.0], [4511.75, 3815.0], [4511.9, 12718.0], [4512.0, 18302.0], [4512.05, 50000.0], [4512.15, 12718.0], [4512.35, 918.0], [4512.4, 12706.0], [4512.55, 2573.0], [4512.65, 12718.0]]}}}
{"jsonrpc": "2.0", "method": "subscription", "params": {"channel": "book.ETH-PERPETUAL.none.20.100ms", "data": {"timestamp": 1758069534834, "change_id": 86804124658, "instrument_name": "ETH-PERPETUAL", "bids": [[4510.25, 60908.0], [4510.2, 19990.0], [4510.15, 17595.0], [4510.1, 58601.0], [4510.0, 41914.0], [4509.85, 136858.0], [4509.75, 2587.0], [4509.7, 2500.0], [4509.65, 38011.0], [4509.6, 50000.0], [4509.5, 50000.0], [4509.45, 2864.0], [4509.4, 6959.0], [4509.25, 26823.0], [4509.2, 43830.0], [4509.05, 956.0], [4509.0, 36000.0], [4508.95, 10483.0], [4508.85, 12756.0], [4508.8, 17760.0]], "asks": [[4510.3, 19077.0], [4510.6, 1257.0], [4510.65, 19900.0], [4510.8, 16041.0], [4510.85, 16000.0], [4510.9, 3871.0], [4510.95, 33600.0], [4511.05, 55985.0], [4511.1, 60000.0], [4511.2, 146339.0], [4511.5, 45371.0], [4511.55, 19098.0], [4511.65, 12735.0], [4511.7, 103403.0], [4511.75, 3815.0], [4511.9, 12718.0], [4512.0, 18302.0], [4512.05, 50000.0], [4512.15, 12718.0], [4512.35, 918.0]]}}}
{"jsonrpc": "2.0", "method": "subscription", "params": {"channel": "book.ETH-PERPETUAL.none.20.100ms", "data": {"timestamp": 1758069535163, "change_id": 86804125058, "instrument_name": "ETH-PERPETUAL", "bids": [[4510.25, 111032.0], [4510.15, 23833.0], [4510.1, 83601.0], [4510.0, 41914.0], [4509.85, 136858.0], [4509.75, 13957.0], [4509.65, 9740.0], [4509.6, 31116.0], [4509.45, 2864.0], [4509.4, 6959.0], [4509.25, 38793.0], [4509.2, 43830.0], [4509.05, 956.0], [4509.0, 86000.0], [4508.95, 10483.0], [4508.85, 12756.0], [4508.8, 17760.0], [4508.6, 36000.0], [4508.55, 19983.0], [4508.5, 12907.0]], "asks": [[4510.3, 2660.0], [4510.6, 1337.0], [4510.85, 16000.0], [4510.9, 3871.0], [4510.95, 33600.0], [4511.05, 25500.0], [4511.1, 60000.0], [4511.2, 25000.0], [4511.5, 45371.0], [4511.55, 19098.0], [4511.65, 12735.0], [4511.7, 103403.0], [4511.75, 3815.0], [4511.9, 12718.0], [4512.0, 18302.0], [4512.05, 50000.0], [4512.15, 12718.0], [4512.35, 918.0], [4512.4, 12706.0], [4512.55, 2573.0]]}}}
{"jsonrpc": "2.0", "method": "subscription", "params": {"channel": "book.ETH-PERPETUAL.none.20.100ms", "data": {"timestamp": 1758069535499, "change_id": 86804125270, "instrument_name": "ETH-PERPETUAL", "bids": [[4510.25, 76402.0], [4510.2, 19990.0], [4510.15, 10095.0], [4510.1, 33601.0], [4510.0, 41914.0], [4509.85, 186858.0], [4509.75, 28423.0], [4509.65, 9740.0], [4509.6, 31116.0], [4509.5, 50000.0], [4509.45, 2864.0], [4509.4, 6959.0], [4509.25, 26823.0], [4509.2, 43830.0], [4509.05, 956.0], [4509.0, 36000.0], [4508.95, 10483.0], [4508.85, 12756.0], [4508.8, 17760.0], [4508.7, 55169.0]], "asks": [[4510.3, 2660.0], [4510.6, 1337.0], [4510.8, 16041.0], [4510.85, 16000.0], [4510.9, 3871.0], [4510.95, 33600.0], [4511.05, 63369.0], [4511.1, 60000.0], [4511.2, 161855.0], [4511.5, 45371.0], [4511.55, 19098.0], [4511.65, 12735.0], [4511.7, 103403.0], [4511.75, 3815.0], [4511.9, 12718.0], [4512.0, 18302.0], [4512.05, 50000.0], [4512.15, 12718.0], [4512.35, 918.0], [4512.4, 12706.0]]}}}
{"jsonrpc": "2.0", "method": "subscription", "params": {"channel": "book.ETH-PERPETUAL.none.20.100ms", "data": {"timestamp": 1758069535819, "change_id": 86804125766, "instrument_name": "ETH-PERPETUAL", "bids": [[4510.25, 96432.0], [4510.2, 27250.0], [4510.15, 14500.0], [4510.1, 33601.0], [4510.05, 50000.0], [4510.0, 41914.0], [4509.85, 136858.0], [4509.75, 28423.0], [4509.65, 9740.0], [4509.6, 31116.0], [4509.5, 50000.0], [4509.45, 2864.0], [4509.4, 6959.0], [4509.25, 26823.0], [4509.2, 43830.0], [4509.05, 956.0], [4509.0, 36000.0], [4508.95, 10483.0], [4508.85, 32739.0], [4508.8, 17760.0]], "asks": [[4510.3, 40.0], [4510.6, 1257.0], [4510.75, 19900.0], [4510.8, 2500.0], [4510.9, 80.0], [4510.95, 33600.0], [4511.1, 63871.0], [4511.2, 136855.0], [4511.25, 11700.0], [4511.3, 16000.0], [4511.45, 25000.0], [4511.5, 45371.0], [4511.55, 19098.0], [4511.65, 12735.0], [4511.7, 103403.0], [4511.75, 3815.0], [4511.9, 12718.0], [4512.0, 18302.0], [4512.05, 50000.0], [4512.15, 12718.0]]}}}
{"jsonrpc": "2.0", "method": "subscription", "params": {"channel": "book.ETH-PERPETUAL.none.20.100ms", "data": {"timestamp": 1758069536163, "change_id": 86804126352, "instrument_name": "ETH-PERPETUAL", "bids": [[4510.25, 93568.0], [4510.1, 33601.0], [4510.05, 50000.0], [4510.0, 41914.0], [4509.85, 136858.0], [4509.75, 5509.0], [4509.65, 9740.0], [4509.45, 2864.0], [4509.4, 6959.0], [4509.25, 26823.0], [4509.2, 43830.0], [4509.05, 956.0], [4509.0, 86000.0], [4508.95, 10483.0], [4508.85, 12756.0], [4508.8, 17760.0], [4508.65, 19983.0], [4508.6, 36000.0], [4508.5, 12907.0], [4508.4, 20294.0]], "asks": [[4510.3, 40.0], [4510.6, 1257.0], [4510.8, 2500.0], [4510.9, 10080.0], [4510.95, 33600.0], [4511.05, 46114.0], [4511.1, 63871.0], [4511.2, 136855.0], [4511.25, 29800.0], [4511.3, 16000.0], [4511.35, 80.0], [4511.5, 45371.0], [4511.55, 19098.0], [4511.65, 12735.0], [4511.7, 103403.0], [4511.75, 3815.0], [4511.9, 12718.0], [4512.0, 18302.0], [4512.05, 50000.0], [4512.15, 12718.0]]}}}
{"jsonrpc": "2.0", "method": "subscription", "params": {"channel": "book.ETH-PERPETUAL.none.20.100ms", "data": {"timestamp": 1758069536458, "change_id": 86804126632, "instrument_name": "ETH-PERPETUAL", "bids": [[4510.25, 93892.0], [4510.2, 23833.0], [4510.1, 33601.0], [4510.05, 50000.0], [4510.0, 41914.0], [4509.85, 136858.0], [4509.75, 5509.0], [4509.65, 12240.0], [4509.45, 2864.0], [4509.4, 6959.0], [4509.25, 38793.0], [4509.2, 74943.0], [4509.05, 956.0], [4509.0, 86000.0], [4508.95, 10483.0], [4508.85, 12756.0], [4508.8, 17760.0], [4508.6, 36000.0], [4508.5, 12907.0], [4508.45, 77151.0]], "asks": [[4510.3, 2660.0], [4510.6, 1257.0], [4510.85, 80.0], [4510.9, 10080.0], [4510.95, 33600.0], [4511.05, 46114.0], [4511.1, 63871.0], [4511.2, 136855.0], [4511.25, 29800.0], [4511.3, 16000.0], [4511.5, 45371.0], [4511.55, 19098.0], [4511.65, 12735.0], [4511.7, 103403.0], [4511.75, 3815.0], [4511.9, 12718.0], [4512.0, 18302.0], [4512.05, 50000.0], [4512.15, 12718.0], [4512.35, 918.0]]}}}
{"jsonrpc": "2.0", "method": "subscription", "params": {"channel": "book.ETH-PERPETUAL.none.20.100ms", "data": {"timestamp": 1758069536822, "change_id": 86804127108, "instrument_name": "ETH-PERPETUAL", "bids": [[4510.25, 117654.0], [4510.2, 23833.0], [4510.15, 12600.0], [4510.1, 33601.0], [4510.05, 50000.0], [4510.0, 41914.0], [4509.85, 136858.0], [4509.75, 20144.0], [4509.65, 9740.0], [4509.5, 50000.0], [4509.45, 2864.0], [4509.4, 6959.0], [4509.25, 38793.0], [4509.2, 74943.0], [4509.05, 956.0], [4509.0, 36000.0], [4508.95, 10483.0], [4508.9, 19983.0], [4508.85, 12756.0], [4508.8, 17760.0]], "asks": [[4510.3, 40.0], [4510.6, 1257.0], [4510.75, 2500.0], [4510.95, 33600.0], [4511.1, 60000.0], [4511.15, 80.0], [4511.2, 136855.0], [4511.3, 16000.0], [4511.5, 70371.0], [4511.55, 19098.0], [4511.65, 12735.0], [4511.7, 103403.0], [4511.75, 3815.0], [4511.9, 12718.0], [4512.0, 18302.0], [4512.05, 50000.0], [4512.15, 12718.0], [4512.35, 918.0], [4512.4, 12706.0], [4512.55, 2573.0]]}}}
{"jsonrpc": "2.0", "method": "subscription", "params": {"channel": "book.ETH-PERPETUAL.none.20.100ms", "data": {"timestamp": 1758069537153, "change_id": 86804128770, "instrument_name": "ETH-PERPETUAL", "bids": [[4511.05, 216737.0], [4511.0, 36297.0], [4510.95, 25000.0], [4510.8, 50000.0], [4510.75, 54740.0], [4510.6, 54395.0], [4510.55, 64984.0], [4510.5, 50000.0], [4510.35, 10023.0], [4510.3, 19900.0], [4510.25, 13510.0], [4510.1, 1.0], [4510.0, 50.0], [4509.95, 3828.0], [4509.9, 12761.0], [4509.75, 48444.0], [4509.7, 19983.0], [4509.6, 36000.0], [4509.55, 100800.0], [4509.45, 6334.0]], "asks": [[4511.1, 60000.0], [4512.1, 33600.0], [4512.55, 2573.0], [4512.6, 3851.0], [4512.65, 12838.0], [4512.7, 12765.0], [4512.75, 33597.0], [4512.85, 100800.0], [4512.9, 12711.0], [4513.0, 77.0], [4513.05, 2573.0], [4513.25, 18303.0], [4513.35, 12688.0], [4513.5, 35.0], [4513.6, 3806.0], [4513.65, 12688.0], [4513.95, 4625.0], [4514.0, 87233.0], [4514.05, 201600.0], [4514.25, 19614.0]]}}}
{"jsonrpc": "2.0", "method": "subscription", "params": {"channel": "book.ETH-PERPETUAL.none.20.100ms", "data": {"timestamp": 1758069537476, "change_id": 86804129601, "instrument_name": "ETH-PERPETUAL", "bids": [[4511.05, 267169.0], [4511.0, 37691.0], [4510.95, 25000.0], [4510.85, 50000.0], [4510.75, 54740.0], [4510.6, 41648.0], [4510.55, 57616.0], [4510.5, 50000.0], [4510.4, 42.0], [4510.35, 10023.0], [4510.3, 19900.0], [4510.25, 9453.0], [4510.1, 1331.0], [4510.0, 50.0], [4509.95, 3828.0], [4509.9, 13717.0], [4509.75, 48444.0], [4509.6, 36000.0], [4509.55, 100800.0], [4509.5, 21317.0]], "asks": [[4511.1, 60000.0], [4511.65, 2500.0], [4512.0, 80.0], [4512.05, 15857.0], [4512.1, 58600.0], [4512.2, 3871.0], [4512.25, 113815.0], [4512.3, 35145.0], [4512.55, 2573.0], [4512.65, 120.0], [4512.75, 33597.0], [4512.85, 100800.0], [4512.9, 12711.0], [4512.95, 50000.0], [4513.0, 77.0], [4513.05, 2573.0], [4513.25, 4110.0], [4513.35, 12688.0], [4513.5, 35.0], [4513.6, 3806.0]]}}}
{"jsonrpc": "2.0", "method": "subscription", "params": {"channel": "book.ETH-PERPETUAL.none.20.100ms", "data": {"timestamp": 1758069537814, "change_id": 86804130354, "instrument_name": "ETH-PERPETUAL", "bids": [[4511.6, 32453.0], [4511.55, 19990.0], [4511.5, 10470.0], [4511.45, 33600.0], [4511.35, 1027.0], [4511.15, 2500.0], [4511.1, 51881.0], [4511.05, 149968.0], [4511.0, 36297.0], [4510.95, 25000.0], [4510.85, 50000.0], [4510.75, 54740.0], [4510.6, 41648.0], [4510.55, 22536.0], [4510.5, 56677.0], [4510.45, 12761.0], [4510.25, 8151.0], [4510.1, 1331.0], [4510.0, 50.0], [4509.95, 3828.0]], "asks": [[4511.65, 2992.0], [4511.7, 60000.0], [4512.0, 19900.0], [4512.05, 15857.0], [4512.1, 58600.0], [4512.2, 3871.0], [4512.25, 113815.0], [4512.3, 35145.0], [4512.55, 2573.0], [4512.75, 33597.0], [4512.85, 100800.0], [4512.9, 12711.0], [4512.95, 50000.0], [4513.0, 1124.0], [4513.05, 2573.0], [4513.1, 918.0], [4513.25, 4110.0], [4513.35, 12688.0], [4513.5, 35.0], [4513.6, 3806.0]]}}}
{"jsonrpc": "2.0", "method": "subscription", "params": {"channel": "book.ETH-PERPETUAL.none.20.100ms", "data": {"timestamp": 1758069538144, "change_id": 86804130904, "instrument_name": "ETH-PERPETUAL", "bids": [[4511.6, 19760.0], [4511.5, 10470.0], [4511.45, 33600.0], [4511.2, 19990.0], [4511.15, 2500.0], [4511.1, 71881.0], [4511.05, 145570.0], [4511.0, 36297.0], [4510.95, 25000.0], [4510.9, 31125.0], [4510.85, 50000.0], [4510.75, 54740.0], [4510.65, 12731.0], [4510.6, 19900.0], [4510.55, 22494.0], [4510.5, 6677.0], [4510.45, 12761.0], [4510.25, 8151.0], [4510.1, 1331.0], [4510.05, 15015.0]], "asks": [[4511.65, 63906.0], [4511.7, 60000.0], [4512.05, 34087.0], [4512.1, 58600.0], [4512.25, 113815.0], [4512.3, 19145.0], [4512.55, 2573.0], [4512.75, 33597.0], [4512.85, 100800.0], [4512.9, 12711.0], [4512.95, 50000.0], [4513.0, 1124.0], [4513.05, 2573.0], [4513.1, 918.0], [4513.25, 4110.0], [4513.35, 12688.0], [4513.5, 35.0], [4513.6, 3806.0], [4513.65, 12688.0], [4513.95, 10048.0]]}}}
{"jsonrpc": "2.0", "method": "subscription", "params": {"channel": "book.ETH-PERPETUAL.none.20.100ms", "data": {"timestamp": 1758069538401, "change_id": 86804131214, "instrument_name": "ETH-PERPETUAL", "bids": [[4511.6, 17897.0], [4511.5, 10470.0], [4511.45, 33600.0], [4511.4, 3871.0], [4511.1, 51881.0], [4511.05, 141617.0], [4511.0, 29132.0], [4510.95, 19990.0], [4510.9, 31125.0], [4510.75, 54740.0], [4510.7, 25100.0], [4510.65, 50218.0], [4510.6, 19900.0], [4510.55, 22494.0], [4510.5, 56677.0], [4510.45, 12761.0], [4510.25, 8151.0], [4510.1, 1331.0], [4510.05, 15015.0], [4510.0, 50050.0]], "asks": [[4511.65, 63906.0], [4511.7, 60000.0], [4511.8, 3871.0], [4511.9, 8661.0], [4511.95, 25000.0], [4512.05, 34087.0], [4512.1, 33600.0], [4512.25, 113815.0], [4512.3, 19145.0], [4512.55, 2573.0], [4512.75, 33597.0], [4512.8, 50000.0], [4512.85, 100800.0], [4512.9, 12711.0], [4513.0, 1124.0], [4513.05, 2573.0], [4513.1, 918.0], [4513.25, 4110.0], [4513.35, 12688.0], [4513.5, 35.0]]}}}
{"jsonrpc": "2.0", "method": "subscription", "params": {"channel": "book.ETH-PERPETUAL.none.20.100ms", "data": {"timestamp": 1758069538632, "change_id": 86804131648, "instrument_name": "ETH-PERPETUAL", "bids": [[4511.6, 17897.0], [4511.5, 10470.0], [4511.45, 33600.0], [4511.4, 3871.0], [4511.15, 19900.0], [4511.1, 51881.0], [4511.05, 161607.0], [4511.0, 29132.0], [4510.9, 31125.0], [4510.8, 25000.0], [4510.75, 84798.0], [4510.7, 100.0], [4510.65, 22500.0], [4510.55, 2594.0], [4510.5, 56677.0], [4510.45, 12761.0], [4510.25, 8151.0], [4510.1, 1331.0], [4510.05, 15015.0], [4510.0, 50050.0]], "asks": [[4511.65, 63906.0], [4511.7, 60000.0], [4511.8, 3871.0], [4511.85, 19440.0], [4511.9, 19900.0], [4511.95, 25000.0], [4512.0, 19900.0], [4512.05, 34087.0], [4512.1, 33600.0], [4512.25, 113815.0], [4512.3, 19145.0], [4512.55, 2573.0], [4512.75, 33597.0], [4512.8, 50000.0], [4512.85, 100800.0], [4512.9, 12711.0], [4513.0, 1124.0], [4513.05, 2573.0], [4513.1, 918.0], [4513.25, 4110.0]]}}}
{"jsonrpc": "2.0", "method": "subscription", "params": {"channel": "book.ETH-PERPETUAL.none.20.100ms", "data": {"timestamp": 1758069539108, "change_id": 86804132150, "instrument_name": "ETH-PERPETUAL", "bids": [[4511.6, 16193.0], [4511.5, 10470.0], [4511.45, 33600.0], [4511.4, 3871.0], [4511.15, 19900.0], [4511.1, 51881.0], [4511.05, 141617.0], [4511.0, 49122.0], [4510.95, 25000.0], [4510.9, 31125.0], [4510.75, 84798.0], [4510.7, 100.0], [4510.65, 22500.0], [4510.55, 2594.0], [4510.5, 56677.0], [4510.45, 12761.0], [4510.25, 8151.0], [4510.1, 1331.0], [4510.0, 50.0], [4509.95, 3828.0]], "asks": [[4511.65, 63906.0], [4511.7, 60000.0], [4511.8, 3871.0], [4511.85, 7500.0], [4511.95, 25000.0], [4512.05, 34087.0], [4512.1, 33600.0], [4512.25, 113815.0], [4512.3, 19145.0], [4512.55, 2573.0], [4512.75, 33597.0], [4512.8, 50000.0], [4512.85, 100800.0], [4512.9, 12711.0], [4513.0, 1124.0], [4513.05, 2573.0], [4513.1, 918.0], [4513.25, 4110.0], [4513.35, 12688.0], [4513.5, 35.0]]}}}
{"jsonrpc": "2.0", "method": "subscription", "params": {"channel": "book.ETH-PERPETUAL.none.20.100ms", "data": {"timestamp": 1758069539350, "change_id": 86804132313, "instrument_name": "ETH-PERPETUAL", "bids": [[4511.6, 16193.0], [4511.5, 17433.0], [4511.45, 33600.0], [4511.4, 3871.0], [4511.25, 25000.0], [4511.15, 19900.0], [4511.1, 71872.0], [4511.05, 141617.0], [4511.0, 29132.0], [4510.9, 31125.0], [4510.75, 84798.0], [4510.7, 100.0], [4510.65, 22500.0], [4510.55, 2594.0], [4510.5, 56677.0], [4510.45, 12761.0], [4510.25, 8151.0], [4510.1, 1331.0], [4510.0, 50.0], [4509.95, 3828.0]], "asks": [[4511.65, 63906.0], [4511.7, 60000.0], [4511.75, 1161.0], [4511.8, 3871.0], [4512.05, 34087.0], [4512.1, 33600.0], [4512.25, 138815.0], [4512.3, 19145.0], [4512.55, 2573.0], [4512.75, 33597.0], [4512.8, 50000.0], [4512.85, 100800.0], [4512.9, 12711.0], [4513.0, 1124.0], [4513.05, 2573.0], [4513.1, 918.0], [4513.25, 4110.0], [4513.35, 12688.0], [4513.5, 35.0], [4513.6, 20129.0]]}}}
{"jsonrpc": "2.0", "method": "subscription", "params": {"channel": "book.ETH-PERPETUAL.none.20.100ms", "data": {"timestamp": 1758069539754, "change_id": 86804132760, "instrument_name": "ETH-PERPETUAL", "bids": [[4511.6, 16243.0], [4511.5, 17433.0], [4511.45, 33600.0], [4511.4, 3871.0], [4511.3, 16200.0], [4511.25, 25000.0], [4511.15, 19900.0], [4511.1, 51881.0], [4511.05, 161607.0], [4511.0, 21000.0], [4510.75, 62298.0], [4510.7, 100.0], [4510.65, 22500.0], [4510.55, 2594.0], [4510.5, 20439.0], [4510.45, 12762.0], [4510.4, 50000.0], [4510.25, 8151.0], [4510.1, 1330.0], [4510.05, 15015.0]], "asks": [[4511.65, 63906.0], [4511.7, 60000.0], [4511.75, 1161.0], [4511.8, 3871.0], [4512.05, 34087.0], [4512.1, 33600.0], [4512.25, 138815.0], [4512.3, 19145.0], [4512.55, 2573.0], [4512.75, 33597.0], [4512.8, 50000.0], [4512.85, 100800.0], [4512.9, 12711.0], [4513.0, 1124.0], [4513.05, 2573.0], [4513.1, 918.0], [4513.25, 4110.0], [4513.35, 12688.0], [4513.5, 35.0], [4513.6, 3806.0]]}}}
{"jsonrpc": "2.0", "method": "subscription", "params": {"channel": "book.ETH-PERPETUAL.none.20.100ms", "data": {"timestamp": 1758069540095, "change_id": 86804133187, "instrument_name": "ETH-PERPETUAL", "bids": [[4511.6, 16243.0], [4511.5, 17433.0], [4511.45, 33600.0], [4511.4, 3871.0], [4511.3, 16200.0], [4511.25, 25000.0], [4511.15, 19900.0], [4511.1, 51881.0], [4511.05, 141617.0], [4511.0, 21000.0], [4510.8, 19990.0], [4510.75, 68429.0], [4510.7, 100.0], [4510.65, 22500.0], [4510.6, 23585.0], [4510.55, 2594.0], [4510.5, 20439.0], [4510.45, 12762.0], [4510.4, 50000.0], [4510.25, 8151.0]], "asks": [[4511.65, 63906.0], [4511.7, 60000.0], [4511.75, 1161.0], [4511.8, 3871.0], [4512.05, 34087.0], [4512.1, 33600.0], [4512.25, 138815.0], [4512.3, 19145.0], [4512.55, 2573.0], [4512.75, 33597.0], [4512.8, 50000.0], [4512.85, 100800.0], [4512.9, 12711.0], [4513.0, 1124.0], [4513.05, 2573.0], [4513.1, 918.0], [4513.25, 4110.0], [4513.35, 12688.0], [4513.5, 35.0], [4513.6, 20117.0]]}}}
{"jsonrpc": "2.0", "method": "subscription", "params": {"channel": "book.ETH-PERPETUAL.none.20.100ms", "data": {"timestamp": 1758069540442, "change_id": 86804133407, "instrument_name": "ETH-PERPETUAL", "bids": [[4511.6, 16243.0], [4511.5, 17433.0], [4511.45, 33600.0], [4511.4, 3871.0], [4511.3, 16200.0], [4511.25, 25000.0], [4511.15, 19900.0], [4511.1, 71871.0], [4511.05, 141617.0], [4511.0, 21000.0], [4510.75, 84374.0], [4510.7, 100.0], [4510.65, 22500.0], [4510.6, 23585.0], [4510.55, 2594.0], [4510.5, 56677.0], [4510.45, 62762.0], [4510.25, 8151.0], [4510.1, 1330.0], [4510.0, 50.0]], "asks": [[4511.65, 63906.0], [4511.7, 60000.0], [4511.75, 1161.0], [4511.8, 3871.0], [4512.05, 34087.0], [4512.1, 33600.0], [4512.25, 138815.0], [4512.3, 19145.0], [4512.55, 2573.0], [4512.75, 33597.0], [4512.8, 50000.0], [4512.85, 100800.0], [4512.9, 12711.0], [4513.0, 1124.0], [4513.05, 2573.0], [4513.1, 918.0], [4513.25, 4110.0], [4513.35, 12688.0], [4513.5, 35.0], [4513.6, 20117.0]]}}}
{"jsonrpc": "2.0", "method": "subscription", "params": {"channel": "book.ETH-PERPETUAL.none.20.100ms", "data": {"timestamp": 1758069540787, "change_id": 86804133875, "instrument_name": "ETH-PERPETUAL", "bids": [[4511.6, 7976.0], [4511.5, 42433.0], [4511.45, 33600.0], [4511.4, 3871.0], [4511.3, 16200.0], [4511.2, 19990.0], [4511.15, 19900.0], [4511.1, 54475.0], [4511.05, 141617.0], [4511.0, 41000.0], [4510.95, 2600.0], [4510.75, 54740.0], [4510.65, 22854.0], [4510.6, 73585.0], [4510.55, 2594.0], [4510.5, 6677.0], [4510.45, 12762.0], [4510.25, 8151.0], [4510.1, 1330.0], [4510.0, 50.0]], "asks": [[4511.65, 4193.0], [4511.7, 60000.0], [4511.8, 3871.0], [4512.05, 34087.0], [4512.1, 33600.0], [4512.25, 113815.0], [4512.3, 19145.0], [4512.5, 25000.0], [4512.55, 2573.0], [4512.75, 33597.0], [4512.8, 50000.0], [4512.85, 100800.0], [4512.9, 12711.0], [4513.0, 1124.0], [4513.05, 2573.0], [4513.1, 918.0], [4513.25, 4110.0], [4513.35, 12688.0], [4513.5, 35.0], [4513.6, 20117.0]]}}}
{"jsonrpc": "2.0", "method": "subscription", "params": {"channel": "book.ETH-PERPETUAL.none.20.100ms", "data": {"timestamp": 1758069541118, "change_id": 86804134742, "instrument_name": "ETH-PERPETUAL", "bids": [[4511.65, 68621.0], [4511.6, 48956.0], [4511.55, 19900.0], [4511.5, 10470.0], [4511.45, 33600.0], [4511.15, 19900.0], [4511.1, 54475.0], [4511.05, 141365.0], [4511.0, 21000.0], [4510.95, 50000.0], [4510.75, 54740.0], [4510.65, 7854.0], [4510.6, 23585.0], [4510.55, 2594.0], [4510.5, 6677.0], [4510.45, 12762.0], [4510.25, 8151.0], [4510.1, 1330.0], [4510.0, 50.0], [4509.95, 3828.0]], "asks": [[4511.7, 60000.0], [4512.05, 2500.0], [4512.1, 33600.0], [4512.35, 16080.0], [4512.7, 7500.0], [4512.75, 71795.0], [4512.85, 113589.0], [4512.9, 19104.0], [4513.0, 1124.0], [4513.05, 2573.0], [4513.1, 918.0], [4513.25, 18303.0], [4513.35, 12688.0], [4513.45, 50000.0], [4513.5, 35.0], [4513.6, 3806.0], [4513.65, 12688.0], [4513.95, 4625.0], [4514.0, 87353.0], [4514.05, 201600.0]]}}}
{"jsonrpc": "2.0", "method": "subscription", "params": {"channel": "book.ETH-PERPETUAL.none.20.100ms", "data": {"timestamp": 1758069541442, "change_id": 86804135175, "instrument_name": "ETH-PERPETUAL", "bids": [[4511.65, 71944.0], [4511.6, 46551.0], [4511.55, 19900.0], [4511.5, 10470.0], [4511.45, 33600.0], [4511.15, 19900.0], [4511.1, 104475.0], [4511.05, 141365.0], [4511.0, 21000.0], [4510.85, 1331.0], [4510.75, 54740.0], [4510.65, 7854.0], [4510.6, 23585.0], [4510.55, 2594.0], [4510.5, 6677.0], [4510.45, 12762.0], [4510.25, 8151.0], [4510.05, 36000.0], [4510.0, 50050.0], [4509.95, 3828.0]], "asks": [[4511.7, 62620.0], [4512.1, 33600.0], [4512.35, 16080.0], [4512.45, 136851.0], [4512.5, 3871.0], [4512.65, 25000.0], [4512.75, 46795.0], [4512.85, 113589.0], [4512.9, 19104.0], [4513.0, 77.0], [4513.05, 2573.0], [4513.1, 15918.0], [4513.15, 50000.0], [4513.25, 4110.0], [4513.35, 12688.0], [4513.5, 35.0], [4513.6, 3806.0], [4513.65, 12688.0], [4513.95, 4625.0], [4514.0, 87233.0]]}}}
{"jsonrpc": "2.0", "method": "subscription", "params": {"channel": "book.ETH-PERPETUAL.none.20.100ms", "data": {"timestamp": 1758069541705, "change_id": 86804135631, "instrument_name": "ETH-PERPETUAL", "bids": [[4511.65, 85881.0], [4511.6, 45941.0], [4511.55, 39890.0], [4511.5, 11100.0], [4511.45, 33600.0], [4511.15, 19900.0], [4511.1, 104475.0], [4511.05, 141365.0], [4511.0, 21000.0], [4510.85, 1331.0], [4510.75, 54740.0], [4510.65, 7854.0], [4510.6, 23585.0], [4510.55, 2594.0], [4510.5, 6677.0], [4510.45, 12762.0], [4510.25, 8151.0], [4510.05, 36000.0], [4510.0, 50050.0], [4509.95, 3828.0]], "asks": [[4511.7, 62620.0], [4512.1, 33600.0], [4512.35, 16080.0], [4512.45, 136851.0], [4512.5, 3871.0], [4512.65, 25000.0], [4512.75, 46795.0], [4512.85, 113589.0], [4512.9, 19104.0], [4513.0, 77.0], [4513.05, 2573.0], [4513.1, 15918.0], [4513.15, 50000.0], [4513.25, 4110.0], [4513.35, 12688.0], [4513.5, 35.0], [4513.6, 3806.0], [4513.65, 12688.0], [4513.95, 4625.0], [4514.0, 87233.0]]}}}
{"jsonrpc": "2.0", "method": "subscription", "params": {"channel": "book.ETH-PERPETUAL.none.20.100ms", "data": {"timestamp": 1758069542082, "change_id": 86804136160, "instrument_name": "ETH-PERPETUAL", "bids": [[4511.65, 85881.0], [4511.6, 90571.0], [4511.55, 19900.0], [4511.5, 31090.0], [4511.45, 170451.0], [4511.2, 35214.0], [4511.15, 19900.0], [4511.1, 52594.0], [4511.05, 4511.0], [4511.0, 71000.0], [4510.85, 1331.0], [4510.75, 54740.0], [4510.65, 7854.0], [4510.6, 23585.0], [4510.55, 2594.0], [4510.5, 6677.0], [4510.45, 12762.0], [4510.25, 8151.0], [4510.05, 36000.0], [4510.0, 50.0]], "asks": [[4511.7, 62620.0], [4512.1, 33680.0], [4512.3, 3871.0], [4512.35, 16000.0], [4512.45, 136851.0], [4512.55, 25000.0], [4512.75, 46795.0], [4512.85, 113589.0], [4512.9, 19104.0], [4513.0, 77.0], [4513.05, 2573.0], [4513.1, 15918.0], [4513.15, 50000.0], [4513.25, 4110.0], [4513.35, 12688.0], [4513.5, 35.0], [4513.6, 3806.0], [4513.65, 12688.0], [4513.95, 4625.0], [4514.0, 87233.0]]}}}
{"jsonrpc": "2.0", "method": "subscription", "params": {"channel": "book.ETH-PERPETUAL.none.20.100ms", "data": {"timestamp": 1758069542437, "change_id": 86804136383, "instrument_name": "ETH-PERPETUAL", "bids": [[4511.65, 60923.0], [4511.6, 88031.0], [4511.55, 19900.0], [4511.45, 170451.0], [4511.4, 25000.0], [4511.25, 19990.0], [4511.2, 35214.0], [4511.1, 52594.0], [4511.05, 4511.0], [4511.0, 71000.0], [4510.85, 1331.0], [4510.75, 54740.0], [4510.65, 7854.0], [4510.6, 23585.0], [4510.55, 2594.0], [4510.5, 6677.0], [4510.45, 12762.0], [4510.25, 8151.0], [4510.05, 36000.0], [4510.0, 50.0]], "asks": [[4511.7, 62620.0], [4512.1, 33680.0], [4512.3, 3871.0], [4512.35, 16000.0], [4512.4, 41055.0], [4512.45, 136851.0], [4512.5, 7500.0], [4512.55, 25000.0], [4512.75, 46795.0], [4512.85, 113589.0], [4512.9, 19104.0], [4513.0, 77.0], [4513.05, 2573.0], [4513.1, 15918.0], [4513.15, 50000.0], [4513.25, 4110.0], [4513.35, 12688.0], [4513.5, 35.0], [4513.6, 3806.0], [4513.65, 12688.0]]}}}
{"jsonrpc": "2.0", "method": "subscription", "params": {"channel": "book.ETH-PERPETUAL.none.20.100ms", "data": {"timestamp": 1758069542767, "change_id": 86804137020, "instrument_name": "ETH-PERPETUAL", "bids": [[4511.65, 48338.0], [4511.6, 64060.0], [4511.5, 12900.0], [4511.45, 174322.0], [4511.3, 25000.0], [4511.25, 5733.0], [4511.15, 19990.0], [4511.1, 2594.0], [4511.05, 4511.0], [4511.0, 21000.0], [4510.9, 100.0], [4510.85, 1331.0], [4510.8, 2500.0], [4510.75, 54740.0], [4510.7, 57854.0], [4510.65, 50000.0], [4510.6, 23585.0], [4510.55, 2594.0], [4510.5, 56677.0], [4510.45, 12762.0]], "asks": [[4511.7, 79901.0], [4511.85, 1161.0], [4511.9, 3871.0], [4512.0, 15945.0], [4512.05, 15600.0], [4512.1, 33600.0], [4512.3, 25000.0], [4512.4, 41055.0], [4512.45, 136851.0], [4512.75, 46795.0], [4512.85, 113589.0], [4512.9, 19104.0], [4513.0, 77.0], [4513.05, 2573.0], [4513.1, 15918.0], [4513.15, 50000.0], [4513.25, 4110.0], [4513.35, 12688.0], [4513.5, 35.0], [4513.6, 3806.0]]}}}
{"jsonrpc": "2.0", "method": "subscription", "params": {"channel": "book.ETH-PERPETUAL.none.20.100ms", "data": {"timestamp": 1758069543028, "change_id": 86804137430, "instrument_name": "ETH-PERPETUAL", "bids": [[4511.65, 48338.0], [4511.6, 64060.0], [4511.45, 174322.0], [4511.3, 25000.0], [4511.25, 13412.0], [4511.15, 100.0], [4511.1, 22584.0], [4511.05, 24511.0], [4511.0, 21000.0], [4510.8, 2500.0], [4510.75, 54740.0], [4510.7, 22854.0], [4510.65, 50000.0], [4510.6, 23585.0], [4510.55, 2594.0], [4510.5, 6677.0], [4510.45, 12762.0], [4510.25, 8151.0], [4510.2, 1331.0], [4510.1, 25815.0]], "asks": [[4511.7, 79901.0], [4511.85, 1161.0], [4511.9, 3871.0], [4512.0, 10080.0], [4512.1, 33600.0], [4512.3, 25000.0], [4512.4, 41055.0], [4512.45, 136851.0], [4512.75, 46795.0], [4512.85, 113589.0], [4512.9, 19104.0], [4513.0, 77.0], [4513.05, 2573.0], [4513.1, 15918.0], [4513.15, 50000.0], [4513.25, 4110.0], [4513.35, 12688.0], [4513.5, 35.0], [4513.6, 3806.0], [4513.65, 12688.0]]}}}
{"jsonrpc": "2.0", "method": "subscription", "params": {"channel": "book.ETH-PERPETUAL.none.20.100ms", "data": {"timestamp": 1758069543430, "change_id": 86804137786, "instrument_name": "ETH-PERPETUAL", "bids": [[4511.65, 48338.0], [4511.6, 64060.0], [4511.45, 199322.0], [4511.2, 13795.0], [4511.15, 100.0], [4511.1, 25084.0], [4511.05, 24511.0], [4511.0, 21000.0], [4510.75, 54740.0], [4510.7, 28806.0], [4510.65, 50000.0], [4510.55, 2594.0], [4510.5, 56677.0], [4510.45, 12762.0], [4510.25, 8151.0], [4510.2, 1331.0], [4510.05, 36000.0], [4510.0, 50.0], [4509.95, 3828.0], [4509.9, 49717.0]], "asks": [[4511.7, 63901.0], [4511.95, 1161.0], [4512.0, 13951.0], [4512.1, 33600.0], [4512.25, 16000.0], [4512.3, 25000.0], [4512.4, 41055.0], [4512.45, 136851.0], [4512.75, 46795.0], [4512.85, 113589.0], [4512.9, 19104.0], [4513.0, 77.0], [4513.05, 2573.0], [4513.1, 15918.0], [4513.15, 50000.0], [4513.25, 4110.0], [4513.35, 12688.0], [4513.5, 35.0], [4513.6, 3806.0], [4513.65, 12688.0]]}}}
{"jsonrpc": "2.0", "method": "subscription", "params": {"channel": "book.ETH-PERPETUAL.none.20.100ms", "data": {"timestamp": 1758069543758, "change_id": 86804138233, "instrument_name": "ETH-PERPETUAL", "bids": [[4511.65, 48338.0], [4511.6, 64060.0], [4511.45, 199322.0], [4511.2, 13795.0], [4511.15, 100.0], [4511.1, 25084.0], [4511.05, 24511.0], [4511.0, 38134.0], [4510.95, 50000.0], [4510.8, 31124.0], [4510.75, 54740.0], [4510.55, 2594.0], [4510.5, 6677.0], [4510.45, 12762.0], [4510.25, 8151.0], [4510.2, 1331.0], [4510.05, 36000.0], [4510.0, 50050.0], [4509.95, 3828.0], [4509.9, 49717.0]], "asks": [[4511.7, 79901.0], [4511.95, 1161.0], [4512.0, 13951.0], [4512.1, 33600.0], [4512.3, 25000.0], [4512.4, 41055.0], [4512.45, 136851.0], [4512.75, 46795.0], [4512.85, 113589.0], [4512.9, 19104.0], [4513.0, 77.0], [4513.05, 2573.0], [4513.1, 15918.0], [4513.15, 50000.0], [4513.25, 4110.0], [4513.35, 12688.0], [4513.5, 35.0], [4513.6, 3806.0], [4513.65, 12688.0], [4513.95, 5638.0]]}}}
{"jsonrpc": "2.0", "method": "subscription", "params": {"channel": "book.ETH-PERPETUAL.none.20.100ms", "data": {"timestamp": 1758069544093, "change_id": 86804138889, "instrument_name": "ETH-PERPETUAL", "bids": [[4511.65, 2755.0], [4511.6, 50.0], [4511.45, 33600.0], [4511.25, 3871.0], [4511.2, 8680.0], [4511.05, 4511.0], [4511.0, 27922.0], [4510.8, 100.0], [4510.75, 32268.0], [4510.7, 69989.0], [4510.65, 22500.0], [4510.55, 2594.0], [4510.5, 6677.0], [4510.45, 12762.0], [4510.25, 8151.0], [4510.2, 1331.0], [4510.0, 50.0], [4509.95, 3828.0], [4509.9, 13717.0], [4509.75, 2587.0]], "asks": [[4511.7, 90760.0], [4511.75, 8516.0], [4511.8, 3871.0], [4511.85, 25000.0], [4512.0, 10080.0], [4512.1, 33600.0], [4512.2, 2594.0], [4512.4, 41055.0], [4512.45, 136851.0], [4512.75, 46795.0], [4512.85, 113589.0], [4512.9, 19104.0], [4513.0, 77.0], [4513.05, 2573.0], [4513.1, 15918.0], [4513.15, 50000.0], [4513.25, 4110.0], [4513.35, 12688.0], [4513.5, 35.0], [4513.6, 3806.0]]}}}
{"jsonrpc": "2.0", "method": "subscription", "params": {"channel": "book.ETH-PERPETUAL.none.20.100ms", "data": {"timestamp": 1758069544424, "change_id": 86804139418, "instrument_name": "ETH-PERPETUAL", "bids": [[4511.65, 252.0], [4511.6, 50.0], [4511.45, 33600.0], [4511.3, 111430.0], [4511.1, 3871.0], [4511.05, 11134.0], [4511.0, 25000.0], [4510.8, 4324.0], [4510.75, 47731.0], [4510.7, 19990.0], [4510.65, 20000.0], [4510.6, 95000.0], [4510.55, 2594.0], [4510.5, 6677.0], [4510.45, 12762.0], [4510.25, 8151.0], [4510.2, 3831.0], [4510.0, 50050.0], [4509.95, 3828.0], [4509.9, 13717.0]], "asks": [[4511.7, 90760.0], [4511.75, 8516.0], [4511.8, 3871.0], [4511.85, 25000.0], [4512.05, 10858.0], [4512.1, 33600.0], [4512.2, 2594.0], [4512.4, 41055.0], [4512.45, 136851.0], [4512.6, 15000.0], [4512.65, 50000.0], [4512.75, 46795.0], [4512.85, 113589.0], [4512.9, 19104.0], [4513.0, 77.0], [4513.05, 2573.0], [4513.1, 918.0], [4513.25, 4110.0], [4513.35, 12688.0], [4513.5, 35.0]]}}}
{"jsonrpc": "2.0", "method": "subscription", "params": {"channel": "book.ETH-PERPETUAL.none.20.100ms", "data": {"timestamp": 1758069544749, "change_id": 86804139942, "instrument_name": "ETH-PERPETUAL", "bids": [[4511.65, 17167.0], [4511.6, 50.0], [4511.5, 43509.0], [4511.45, 33600.0], [4511.3, 111430.0], [4511.15, 9700.0], [4511.1, 28871.0], [4511.05, 4511.0], [4510.85, 8580.0], [4510.8, 20090.0], [4510.75, 47731.0], [4510.65, 27184.0], [4510.6, 95000.0], [4510.55, 2594.0], [4510.5, 9177.0], [4510.45, 12761.0], [4510.25, 8151.0], [4510.2, 1331.0], [4510.0, 50050.0], [4509.95, 3828.0]], "asks": [[4511.7, 90760.0], [4511.75, 7131.0], [4511.8, 3871.0], [4512.0, 36728.0], [4512.1, 58600.0], [4512.2, 2594.0], [4512.4, 41055.0], [4512.45, 136851.0], [4512.6, 15000.0], [4512.65, 50000.0], [4512.75, 46795.0], [4512.85, 113589.0], [4512.9, 19104.0], [4513.0, 77.0], [4513.05, 2573.0], [4513.1, 918.0], [4513.25, 4110.0], [4513.35, 12688.0], [4513.5, 35.0], [4513.6, 3806.0]]}}}
{"jsonrpc": "2.0", "method": "subscription", "params": {"channel": "book.ETH-PERPETUAL.none.20.100ms", "data": {"timestamp": 1758069545066, "change_id": 86804140585, "instrument_name": "ETH-PERPETUAL", "bids": [[4511.65, 27674.0], [4511.6, 50.0], [4511.55, 3871.0], [4511.5, 43509.0], [4511.45, 33600.0], [4511.4, 25000.0], [4511.3, 111430.0], [4511.25, 13142.0], [4511.2, 19990.0], [4511.15, 2594.0], [4511.1, 100.0], [4511.05, 4511.0], [4511.0, 20000.0], [4510.9, 2952.0], [4510.8, 2500.0], [4510.75, 47226.0], [4510.65, 57184.0], [4510.6, 76123.0], [4510.55, 2594.0], [4510.5, 6677.0]], "asks": [[4511.7, 79821.0], [4511.95, 1161.0], [4512.0, 13951.0], [4512.05, 80.0], [4512.1, 33600.0], [4512.35, 25000.0], [4512.4, 41055.0], [4512.45, 136851.0], [4512.75, 46795.0], [4512.85, 113589.0], [4512.9, 19104.0], [4513.0, 77.0], [4513.05, 2573.0], [4513.1, 918.0], [4513.15, 15000.0], [4513.2, 50000.0], [4513.25, 4110.0], [4513.35, 12688.0], [4513.5, 35.0], [4513.6, 3806.0]]}}}
{"jsonrpc": "2.0", "method": "subscription", "params": {"channel": "book.ETH-PERPETUAL.none.20.100ms", "data": {"timestamp": 1758069545354, "change_id": 86804140779, "instrument_name": "ETH-PERPETUAL", "bids": [[4511.65, 27674.0], [4511.6, 50.0], [4511.55, 3871.0], [4511.5, 43509.0], [4511.45, 33600.0], [4511.4, 25000.0], [4511.35, 100.0], [4511.3, 111430.0], [4511.25, 13142.0], [4511.2, 19990.0], [4511.15, 2594.0], [4511.05, 4511.0], [4511.0, 20000.0], [4510.9, 2952.0], [4510.8, 2500.0], [4510.75, 47226.0], [4510.65, 57184.0], [4510.6, 76123.0], [4510.55, 2594.0], [4510.5, 6677.0]], "asks": [[4511.7, 79821.0], [4511.95, 1161.0], [4512.0, 13951.0], [4512.05, 80.0], [4512.1, 33600.0], [4512.35, 25000.0], [4512.4, 41055.0], [4512.45, 136851.0], [4512.75, 46795.0], [4512.85, 113589.0], [4512.9, 19104.0], [4513.0, 77.0], [4513.05, 2573.0], [4513.1, 918.0], [4513.15, 15000.0], [4513.2, 50000.0], [4513.25, 4110.0], [4513.35, 12688.0], [4513.5, 35.0], [4513.6, 3806.0]]}}}
{"jsonrpc": "2.0", "method": "subscription", "params": {"channel": "book.ETH-PERPETUAL.none.20.100ms", "data": {"timestamp": 1758069545724, "change_id": 86804141225, "instrument_name": "ETH-PERPETUAL", "bids": [[4511.65, 27674.0], [4511.6, 50.0], [4511.55, 22271.0], [4511.5, 43509.0], [4511.45, 33600.0], [4511.4, 25000.0], [4511.35, 100.0], [4511.3, 111430.0], [4511.25, 13142.0], [4511.2, 19990.0], [4511.15, 2594.0], [4511.05, 4511.0], [4511.0, 20000.0], [4510.9, 2952.0], [4510.8, 2500.0], [4510.75, 47226.0], [4510.65, 57184.0], [4510.6, 76123.0], [4510.55, 2594.0], [4510.5, 6677.0]], "asks": [[4511.7, 79901.0], [4511.9, 1161.0], [4512.0, 20215.0], [4512.1, 33600.0], [4512.25, 25000.0], [4512.4, 41055.0], [4512.45, 136851.0], [4512.75, 46795.0], [4512.85, 113589.0], [4512.9, 19104.0], [4513.0, 77.0], [4513.05, 2573.0], [4513.1, 918.0], [4513.15, 15000.0], [4513.2, 50000.0], [4513.25, 4110.0], [4513.35, 12688.0], [4513.5, 35.0], [4513.6, 3806.0], [4513.65, 12688.0]]}}}
{"jsonrpc": "2.0", "method": "subscription", "params": {"channel": "book.ETH-PERPETUAL.none.20.100ms", "data": {"timestamp": 1758069545963, "change_id": 86804141574, "instrument_name": "ETH-PERPETUAL", "bids": [[4511.65, 27674.0], [4511.6, 50.0], [4511.55, 22271.0], [4511.5, 43509.0], [4511.45, 33600.0], [4511.4, 25000.0], [4511.35, 100.0], [4511.3, 111430.0], [4511.25, 13142.0], [4511.2, 19990.0], [4511.15, 2594.0], [4511.05, 4511.0], [4511.0, 20000.0], [4510.9, 2952.0], [4510.8, 2500.0], [4510.75, 47226.0], [4510.65, 57184.0], [4510.6, 76123.0], [4510.55, 2594.0], [4510.5, 6677.0]], "asks": [[4511.7, 79901.0], [4511.9, 1161.0], [4512.0, 20215.0], [4512.1, 33600.0], [4512.25, 25000.0], [4512.4, 41055.0], [4512.45, 136851.0], [4512.75, 46795.0], [4512.85, 113589.0], [4512.9, 19104.0], [4513.0, 77.0], [4513.05, 2573.0], [4513.1, 918.0], [4513.15, 15000.0], [4513.2, 50000.0], [4513.25, 4110.0], [4513.35, 12688.0], [4513.5, 35.0], [4513.6, 3806.0], [4513.65, 12688.0]]}}}
{"jsonrpc": "2.0", "method": "subscription", "params": {"channel": "book.ETH-PERPETUAL.none.20.100ms", "data": {"timestamp": 1758069546294, "change_id": 86804141773, "instrument_name": "ETH-PERPETUAL", "bids": [[4511.65, 27674.0], [4511.6, 50.0], [4511.55, 22271.0], [4511.5, 43509.0], [4511.45, 33600.0], [4511.4, 25000.0], [4511.35, 100.0], [4511.3, 111430.0], [4511.25, 13142.0], [4511.2, 19990.0], [4511.15, 2594.0], [4511.05, 4511.0], [4511.0, 20000.0], [4510.9, 2952.0], [4510.8, 2500.0], [4510.75, 47226.0], [4510.65, 57184.0], [4510.6, 76123.0], [4510.55, 2594.0], [4510.5, 6677.0]], "asks": [[4511.7, 79901.0], [4511.9, 1161.0], [4512.0, 20215.0], [4512.1, 33600.0], [4512.25, 25000.0], [4512.4, 41055.0], [4512.45, 136851.0], [4512.75, 46795.0], [4512.85, 113589.0], [4512.9, 19104.0], [4513.0, 77.0], [4513.05, 2573.0], [4513.1, 918.0], [4513.15, 50000.0], [4513.25, 4110.0], [4513.35, 12688.0], [4513.5, 35.0], [4513.6, 3806.0], [4513.65, 12688.0], [4513.8, 27865.0]]}}}
{"jsonrpc": "2.0", "method": "subscription", "params": {"channel": "book.ETH-PERPETUAL.none.20.100ms", "data": {"timestamp": 1758069546695, "change_id": 86804142169, "instrument_name": "ETH-PERPETUAL", "bids": [[4511.65, 47474.0], [4511.6, 50.0], [4511.55, 22271.0], [4511.5, 43509.0], [4511.45, 33600.0], [4511.4, 25000.0], [4511.35, 100.0], [4511.3, 111430.0], [4511.25, 13112.0], [4511.2, 19990.0], [4511.15, 2594.0], [4511.05, 4511.0], [4511.0, 20000.0], [4510.9, 2952.0], [4510.8, 2500.0], [4510.75, 47226.0], [4510.65, 57184.0], [4510.6, 76123.0], [4510.55, 2594.0], [4510.5, 6677.0]], "asks": [[4511.7, 79901.0], [4511.9, 1161.0], [4512.0, 20215.0], [4512.1, 33600.0], [4512.25, 25000.0], [4512.4, 41055.0], [4512.45, 136851.0], [4512.75, 46795.0], [4512.85, 113589.0], [4512.9, 19104.0], [4513.0, 77.0], [4513.05, 2573.0], [4513.1, 918.0], [4513.15, 50000.0], [4513.25, 4110.0], [4513.35, 12688.0], [4513.5, 35.0], [4513.6, 3806.0], [4513.65, 12688.0], [4513.8, 27865.0]]}}}
{"jsonrpc": "2.0", "method": "subscription", "params": {"channel": "book.ETH-PERPETUAL.none.20.100ms", "data": {"timestamp": 1758069547024, "change_id": 86804142666, "instrument_name": "ETH-PERPETUAL", "bids": [[4511.65, 2853.0], [4511.6, 50.0], [4511.5, 43509.0], [4511.45, 33600.0], [4511.35, 3871.0], [4511.3, 111430.0], [4511.25, 8129.0], [4511.1, 25000.0], [4511.05, 4511.0], [4511.0, 3022.0], [4510.75, 47226.0], [4510.65, 57184.0], [4510.6, 96113.0], [4510.55, 22594.0], [4510.5, 6677.0], [4510.45, 15261.0], [4510.25, 8151.0], [4510.2, 1331.0], [4510.05, 15015.0], [4510.0, 50050.0]], "asks": [[4511.7, 90760.0], [4511.75, 3871.0], [4512.0, 17090.0], [4512.05, 25000.0], [4512.1, 33600.0], [4512.2, 2567.0], [4512.4, 41055.0], [4512.45, 136851.0], [4512.55, 15000.0], [4512.6, 50000.0], [4512.75, 46795.0], [4512.85, 113589.0], [4512.9, 19104.0], [4513.0, 77.0], [4513.05, 2573.0], [4513.1, 918.0], [4513.25, 4110.0], [4513.35, 12688.0], [4513.5, 35.0], [4513.6, 3806.0]]}}}
{"jsonrpc": "2.0", "method": "subscription", "params": {"channel": "book.ETH-PERPETUAL.none.20.100ms", "data": {"timestamp": 1758069547375, "change_id": 86804143012, "instrument_name": "ETH-PERPETUAL", "bids": [[4511.65, 350.0], [4511.6, 50.0], [4511.45, 33600.0], [4511.35, 3871.0], [4511.3, 111430.0], [4511.25, 1353.0], [4511.05, 4511.0], [4511.0, 10057.0], [4510.95, 25000.0], [4510.75, 47226.0], [4510.65, 57184.0], [4510.6, 65090.0], [4510.55, 22594.0], [4510.5, 6677.0], [4510.45, 15261.0], [4510.25, 8151.0], [4510.2, 1331.0], [4510.0, 50.0], [4509.95, 3828.0], [4509.9, 13717.0]], "asks": [[4511.7, 90760.0], [4511.75, 51488.0], [4511.8, 25000.0], [4512.0, 146927.0], [4512.1, 33600.0], [4512.2, 2567.0], [4512.55, 22466.0], [4512.6, 50000.0], [4512.75, 77932.0], [4512.85, 113589.0], [4512.9, 19104.0], [4513.0, 77.0], [4513.05, 2573.0], [4513.1, 918.0], [4513.25, 4110.0], [4513.35, 12688.0], [4513.5, 35.0], [4513.6, 8664.0], [4513.65, 32692.0], [4513.7, 17778.0]]}}}
{"jsonrpc": "2.0", "method": "subscription", "params": {"channel": "book.ETH-PERPETUAL.none.20.100ms", "data": {"timestamp": 1758069547678, "change_id": 86804143467, "instrument_name": "ETH-PERPETUAL", "bids": [[4511.65, 252.0], [4511.6, 50.0], [4511.45, 33600.0], [4511.3, 111430.0], [4511.25, 2736.0], [4511.2, 1302.0], [4511.15, 3871.0], [4511.05, 4511.0], [4511.0, 10057.0], [4510.95, 25000.0], [4510.75, 47226.0], [4510.65, 57184.0], [4510.6, 65090.0], [4510.55, 22594.0], [4510.5, 6677.0], [4510.45, 12761.0], [4510.25, 8151.0], [4510.2, 1331.0], [4510.1, 2500.0], [4510.0, 50.0]], "asks": [[4511.7, 110660.0], [4511.75, 71388.0], [4511.8, 25000.0], [4511.95, 19900.0], [4512.0, 146927.0], [4512.1, 33600.0], [4512.2, 2567.0], [4512.45, 15000.0], [4512.5, 50000.0], [4512.55, 7466.0], [4512.75, 77932.0], [4512.85, 113589.0], [4512.9, 19104.0], [4513.0, 77.0], [4513.05, 2573.0], [4513.1, 918.0], [4513.25, 4110.0], [4513.35, 12688.0], [4513.5, 35.0], [4513.6, 8664.0]]}}}
{"jsonrpc": "2.0", "method": "subscription", "params": {"channel": "book.ETH-PERPETUAL.none.20.100ms", "data": {"timestamp": 1758069548016, "change_id": 86804143905, "instrument_name": "ETH-PERPETUAL", "bids": [[4511.65, 1554.0], [4511.6, 50.0], [4511.45, 33600.0], [4511.3, 111430.0], [4511.25, 2736.0], [4511.15, 3871.0], [4511.05, 4511.0], [4511.0, 10057.0], [4510.95, 25000.0], [4510.75, 47226.0], [4510.65, 77174.0], [4510.6, 45100.0], [4510.55, 22594.0], [4510.5, 6677.0], [4510.45, 12761.0], [4510.4, 2500.0], [4510.25, 8151.0], [4510.2, 1331.0], [4510.0, 50050.0], [4509.95, 3828.0]], "asks": [[4511.7, 110660.0], [4511.75, 71388.0], [4511.8, 25000.0], [4511.95, 19900.0], [4512.0, 146927.0], [4512.1, 33600.0], [4512.2, 2567.0], [4512.45, 15000.0], [4512.5, 50000.0], [4512.55, 7466.0], [4512.75, 77932.0], [4512.85, 113589.0], [4512.9, 19104.0], [4513.0, 77.0], [4513.05, 2573.0], [4513.1, 918.0], [4513.25, 4110.0], [4513.35, 12688.0], [4513.5, 35.0], [4513.6, 28668.0]]}}}
{"jsonrpc": "2.0", "method": "subscription", "params": {"channel": "book.ETH-PERPETUAL.none.20.100ms", "data": {"timestamp": 1758069548287, "change_id": 86804144125, "instrument_name": "ETH-PERPETUAL", "bids": [[4511.65, 1554.0], [4511.6, 50.0], [4511.45, 33600.0], [4511.3, 111430.0], [4511.25, 2736.0], [4511.15, 3871.0], [4511.05, 4511.0], [4511.0, 10057.0], [4510.95, 25000.0], [4510.75, 47226.0], [4510.65, 57184.0], [4510.6, 65090.0], [4510.55, 22594.0], [4510.5, 6677.0], [4510.45, 12761.0], [4510.4, 2500.0], [4510.25, 8151.0], [4510.2, 1331.0], [4510.0, 50.0], [4509.95, 3828.0]], "asks": [[4511.7, 110660.0], [4511.75, 71388.0], [4511.8, 25000.0], [4511.95, 19900.0], [4512.0, 146927.0], [4512.1, 33600.0], [4512.2, 2567.0], [4512.45, 15000.0], [4512.5, 50000.0], [4512.55, 7466.0], [4512.75, 77932.0], [4512.85, 113589.0], [4512.9, 19104.0], [4513.0, 77.0], [4513.05, 2573.0], [4513.1, 918.0], [4513.25, 4110.0], [4513.35, 12688.0], [4513.4, 55494.0], [4513.5, 35.0]]}}}
{"jsonrpc": "2.0", "method": "subscription", "params": {"channel": "book.ETH-PERPETUAL.none.20.100ms", "data": {"timestamp": 1758069548689, "change_id": 86804144561, "instrument_name": "ETH-PERPETUAL", "bids": [[4511.65, 1554.0], [4511.6, 50.0], [4511.45, 33600.0], [4511.3, 111430.0], [4511.25, 2736.0], [4511.15, 3871.0], [4511.05, 4511.0], [4511.0, 10057.0], [4510.95, 25000.0], [4510.75, 47226.0], [4510.65, 7184.0], [4510.6, 65090.0], [4510.55, 72594.0], [4510.5, 6677.0], [4510.45, 12761.0], [4510.4, 2500.0], [4510.25, 8151.0], [4510.2, 1331.0], [4510.0, 50.0], [4509.95, 3828.0]], "asks": [[4511.7, 110660.0], [4511.75, 71388.0], [4511.8, 25000.0], [4511.95, 19900.0], [4512.0, 146927.0], [4512.1, 33600.0], [4512.2, 2567.0], [4512.45, 15000.0], [4512.5, 50000.0], [4512.55, 7466.0], [4512.75, 77932.0], [4512.85, 113589.0], [4512.9, 19104.0], [4513.0, 77.0], [4513.05, 2573.0], [4513.1, 918.0], [4513.25, 4110.0], [4513.35, 12688.0], [4513.4, 55494.0], [4513.5, 35.0]]}}}
{"jsonrpc": "2.0", "method": "subscription", "params": {"channel": "book.ETH-PERPETUAL.none.20.100ms", "data": {"timestamp": 1758069548995, "change_id": 86804144964, "instrument_name": "ETH-PERPETUAL", "bids": [[4511.65, 1554.0], [4511.6, 50.0], [4511.45, 33600.0], [4511.3, 111430.0], [4511.25, 2736.0], [4511.15, 3871.0], [4511.05, 4511.0], [4511.0, 10057.0], [4510.95, 25000.0], [4510.75, 47226.0], [4510.65, 7184.0], [4510.6, 65090.0], [4510.55, 72594.0], [4510.5, 6677.0], [4510.45, 12761.0], [4510.4, 2500.0], [4510.25, 8151.0], [4510.2, 1331.0], [4510.0, 50.0], [4509.95, 3828.0]], "asks": [[4511.7, 110660.0], [4511.75, 71388.0], [4511.8, 25000.0], [4511.95, 19900.0], [4512.0, 146927.0], [4512.1, 33600.0], [4512.2, 2567.0], [4512.45, 15000.0], [4512.5, 50000.0], [4512.55, 7466.0], [4512.75, 77932.0], [4512.85, 113589.0], [4512.9, 19104.0], [4513.0, 77.0], [4513.05, 2573.0], [4513.1, 918.0], [4513.25, 4110.0], [4513.35, 12688.0], [4513.4, 55494.0], [4513.5, 35.0]]}}}
{"jsonrpc": "2.0", "method": "subscription", "params": {"channel": "book.ETH-PERPETUAL.none.20.100ms", "data": {"timestamp": 1758069549378, "change_id": 86804145233, "instrument_name": "ETH-PERPETUAL", "bids": [[4511.65, 1554.0], [4511.6, 50.0], [4511.45, 33600.0], [4511.3, 111430.0], [4511.25, 2736.0], [4511.15, 3871.0], [4511.05, 4511.0], [4511.0, 10057.0], [4510.95, 25000.0], [4510.75, 47226.0], [4510.65, 27174.0], [4510.6, 45100.0], [4510.55, 72594.0], [4510.5, 6677.0], [4510.45, 12761.0], [4510.4, 2500.0], [4510.25, 8151.0], [4510.2, 1331.0], [4510.0, 50.0], [4509.95, 3828.0]], "asks": [[4511.7, 110660.0], [4511.75, 71388.0], [4511.8, 58600.0], [4511.95, 19900.0], [4512.0, 146927.0], [4512.2, 2567.0], [4512.45, 15000.0], [4512.5, 50000.0], [4512.55, 7466.0], [4512.75, 77932.0], [4512.85, 113589.0], [4512.9, 19104.0], [4513.0, 77.0], [4513.05, 2573.0], [4513.1, 918.0], [4513.25, 4110.0], [4513.35, 12688.0], [4513.4, 55494.0], [4513.5, 35.0], [4513.6, 3806.0]]}}}
{"jsonrpc": "2.0", "method": "subscription", "params": {"channel": "book.ETH-PERPETUAL.none.20.100ms", "data": {"timestamp": 1758069549699, "change_id": 86804145633, "instrument_name": "ETH-PERPETUAL", "bids": [[4511.65, 1554.0], [4511.6, 50.0], [4511.45, 33600.0], [4511.25, 2736.0], [4511.15, 3871.0], [4511.05, 4511.0], [4511.0, 10057.0], [4510.95, 25000.0], [4510.75, 47226.0], [4510.65, 7184.0], [4510.6, 65090.0], [4510.55, 72594.0], [4510.5, 6677.0], [4510.45, 12761.0], [4510.4, 2500.0], [4510.25, 8151.0], [4510.2, 1331.0], [4510.05, 15015.0], [4510.0, 50050.0], [4509.95, 3828.0]], "asks": [[4511.7, 110660.0], [4511.75, 71388.0], [4511.8, 58600.0], [4511.95, 19900.0], [4512.0, 146927.0], [4512.2, 2567.0], [4512.45, 15000.0], [4512.5, 50000.0], [4512.55, 7466.0], [4512.75, 77932.0], [4512.85, 113589.0], [4512.9, 19104.0], [4513.0, 77.0], [4513.05, 2573.0], [4513.1, 918.0], [4513.25, 4110.0], [4513.35, 12688.0], [4513.4, 55494.0], [4513.5, 35.0], [4513.6, 3806.0]]}}}
{"jsonrpc": "2.0", "method": "subscription", "params": {"channel": "book.ETH-PERPETUAL.none.20.100ms", "data": {"timestamp": 1758069550036, "change_id": 86804146133, "instrument_name": "ETH-PERPETUAL", "bids": [[4511.65, 17136.0], [4511.6, 50.0], [4511.5, 10080.0], [4511.45, 33600.0], [4511.35, 3871.0], [4511.25, 43226.0], [4511.15, 25000.0], [4511.05, 141355.0], [4511.0, 8587.0], [4510.9, 20000.0], [4510.85, 100.0], [4510.75, 64265.0], [4510.7, 22490.0], [4510.65, 7184.0], [4510.6, 45000.0], [4510.55, 52594.0], [4510.5, 56677.0], [4510.45, 12761.0], [4510.25, 8151.0], [4510.2, 1331.0]], "asks": [[4511.7, 90760.0], [4511.75, 51488.0], [4511.8, 33600.0], [4512.0, 146927.0], [4512.05, 25000.0], [4512.2, 2567.0], [4512.45, 15000.0], [4512.5, 50000.0], [4512.55, 7466.0], [4512.75, 77932.0], [4512.85, 113589.0], [4512.9, 19104.0], [4513.0, 77.0], [4513.05, 2573.0], [4513.1, 918.0], [4513.25, 4110.0], [4513.35, 12688.0], [4513.5, 35.0], [4513.6, 3806.0], [4513.65, 12688.0]]}}}
{"jsonrpc": "2.0", "method": "subscription", "params": {"channel": "book.ETH-PERPETUAL.none.20.100ms", "data": {"timestamp": 1758069550370, "change_id": 86804146403, "instrument_name": "ETH-PERPETUAL", "bids": [[4511.65, 15601.0], [4511.6, 50.0], [4511.5, 17481.0], [4511.45, 33600.0], [4511.35, 3871.0], [4511.3, 25000.0], [4511.25, 43226.0], [4511.1, 100.0], [4511.05, 141355.0], [4511.0, 13830.0], [4510.9, 20000.0], [4510.75, 61913.0], [4510.7, 2500.0], [4510.65, 7184.0], [4510.6, 45000.0], [4510.55, 52594.0], [4510.5, 6677.0], [4510.45, 12761.0], [4510.25, 8151.0], [4510.2, 1331.0]], "asks": [[4511.7, 90931.0], [4511.75, 51488.0], [4511.8, 33600.0], [4512.0, 146927.0], [4512.05, 25000.0], [4512.2, 2567.0], [4512.45, 15000.0], [4512.5, 50000.0], [4512.55, 7466.0], [4512.75, 77932.0], [4512.85, 113589.0], [4512.9, 19104.0], [4513.0, 77.0], [4513.05, 2573.0], [4513.1, 918.0], [4513.25, 4110.0], [4513.35, 12688.0], [4513.5, 35.0], [4513.6, 58513.0], [4513.65, 12688.0]]}}}
{"jsonrpc": "2.0", "method": "subscription", "params": {"channel": "book.ETH-PERPETUAL.none.20.100ms", "data": {"timestamp": 1758069550694, "change_id": 86804146830, "instrument_name": "ETH-PERPETUAL", "bids": [[4511.65, 15601.0], [4511.6, 50.0], [4511.5, 10080.0], [4511.45, 33600.0], [4511.3, 3871.0], [4511.25, 43226.0], [4511.05, 166355.0], [4511.0, 8952.0], [4510.9, 20000.0], [4510.8, 100.0], [4510.75, 41923.0], [4510.7, 22490.0], [4510.65, 7184.0], [4510.6, 45000.0], [4510.55, 52594.0], [4510.5, 6677.0], [4510.45, 12761.0], [4510.25, 8151.0], [4510.2, 1331.0], [4510.0, 50.0]], "asks": [[4511.7, 105331.0], [4511.75, 51488.0], [4511.8, 33600.0], [4511.95, 19900.0], [4512.0, 146927.0], [4512.05, 25000.0], [4512.2, 2567.0], [4512.45, 15000.0], [4512.5, 50000.0], [4512.55, 7466.0], [4512.75, 77932.0], [4512.85, 113589.0], [4512.9, 19104.0], [4513.0, 77.0], [4513.05, 2573.0], [4513.1, 918.0], [4513.25, 4110.0], [4513.35, 12688.0], [4513.5, 35.0], [4513.6, 58513.0]]}}}
{"jsonrpc": "2.0", "method": "subscription", "params": {"channel": "book.ETH-PERPETUAL.none.20.100ms", "data": {"timestamp": 1758069550965, "change_id": 86804147253, "instrument_name": "ETH-PERPETUAL", "bids": [[4511.65, 1652.0], [4511.6, 50.0], [4511.5, 10080.0], [4511.45, 33600.0], [4511.3, 3871.0], [4511.25, 43226.0], [4511.05, 166355.0], [4511.0, 2952.0], [4510.75, 41923.0], [4510.65, 7184.0], [4510.6, 64990.0], [4510.55, 52594.0], [4510.5, 11539.0], [4510.45, 32761.0], [4510.35, 2500.0], [4510.25, 8151.0], [4510.2, 1331.0], [4510.0, 50.0], [4509.95, 3828.0], [4509.9, 13717.0]], "asks": [[4511.7, 105331.0], [4511.75, 51488.0], [4511.8, 33600.0], [4511.9, 25000.0], [4511.95, 19900.0], [4512.0, 146927.0], [4512.2, 2567.0], [4512.45, 15000.0], [4512.5, 50000.0], [4512.55, 7466.0], [4512.75, 77932.0], [4512.85, 113589.0], [4512.9, 19104.0], [4513.0, 77.0], [4513.05, 2573.0], [4513.1, 918.0], [4513.25, 4110.0], [4513.35, 12688.0], [4513.5, 35.0], [4513.55, 20219.0]]}}}
{"jsonrpc": "2.0", "method": "subscription", "params": {"channel": "book.ETH-PERPETUAL.none.20.100ms", "data": {"timestamp": 1758069551312, "change_id": 86804147489, "instrument_name": "ETH-PERPETUAL", "bids": [[4511.65, 1652.0], [4511.6, 50.0], [4511.5, 10080.0], [4511.45, 33600.0], [4511.3, 3871.0], [4511.25, 43226.0], [4511.05, 166355.0], [4511.0, 8583.0], [4510.8, 20100.0], [4510.75, 41923.0], [4510.65, 29674.0], [4510.6, 45000.0], [4510.55, 52594.0], [4510.5, 6677.0], [4510.45, 12761.0], [4510.25, 8151.0], [4510.2, 1331.0], [4510.0, 50050.0], [4509.95, 3828.0], [4509.9, 13717.0]], "asks": [[4511.7, 105331.0], [4511.75, 51488.0], [4511.8, 33600.0], [4511.9, 25000.0], [4511.95, 19900.0], [4512.0, 146927.0], [4512.2, 2567.0], [4512.45, 15000.0], [4512.5, 50000.0], [4512.55, 7466.0], [4512.75, 77932.0], [4512.85, 113589.0], [4512.9, 19104.0], [4513.0, 77.0], [4513.05, 2573.0], [4513.1, 918.0], [4513.25, 4110.0], [4513.35, 12688.0], [4513.5, 35.0], [4513.55, 20219.0]]}}}
{"jsonrpc": "2.0", "method": "subscription", "params": {"channel": "book.ETH-PERPETUAL.none.20.100ms", "data": {"timestamp": 1758069551636, "change_id": 86804147886, "instrument_name": "ETH-PERPETUAL", "bids": [[4511.65, 16115.0], [4511.6, 50.0], [4511.5, 10080.0], [4511.45, 33600.0], [4511.3, 3871.0], [4511.25, 43226.0], [4511.05, 166355.0], [4511.0, 8583.0], [4510.8, 20100.0], [4510.75, 41923.0], [4510.65, 29674.0], [4510.6, 45000.0], [4510.55, 52594.0], [4510.5, 6677.0], [4510.45, 12761.0], [4510.25, 8151.0], [4510.2, 1331.0], [4510.0, 50.0], [4509.95, 3828.0], [4509.9, 13717.0]], "asks": [[4511.7, 110831.0], [4511.75, 51488.0], [4511.8, 33600.0], [4511.9, 25000.0], [4511.95, 19900.0], [4512.0, 146927.0], [4512.2, 2567.0], [4512.45, 15000.0], [4512.5, 50000.0], [4512.55, 7466.0], [4512.75, 77932.0], [4512.85, 113589.0], [4512.9, 19104.0], [4513.0, 77.0], [4513.05, 2573.0], [4513.1, 918.0], [4513.25, 4110.0], [4513.35, 12688.0], [4513.5, 35.0], [4513.55, 20219.0]]}}}
{"jsonrpc": "2.0", "method": "subscription", "params": {"channel": "book.ETH-PERPETUAL.none.20.100ms", "data": {"timestamp": 1758069552012, "change_id": 86804148276, "instrument_name": "ETH-PERPETUAL", "bids": [[4511.65, 16115.0], [4511.6, 50.0], [4511.5, 10080.0], [4511.45, 33600.0], [4511.3, 3871.0], [4511.25, 43226.0], [4511.05, 166355.0], [4511.0, 8583.0], [4510.8, 20100.0], [4510.75, 41923.0], [4510.65, 29674.0], [4510.6, 45000.0], [4510.55, 52594.0], [4510.5, 6677.0], [4510.45, 12761.0], [4510.25, 8151.0], [4510.2, 1331.0], [4510.0, 50.0], [4509.95, 3828.0], [4509.9, 13717.0]], "asks": [[4511.7, 90931.0], [4511.75, 51488.0], [4511.8, 33600.0], [4511.9, 25000.0], [4511.95, 19900.0], [4512.0, 146927.0], [4512.2, 2567.0], [4512.45, 15000.0], [4512.5, 50000.0], [4512.55, 7466.0], [4512.75, 77932.0], [4512.85, 113589.0], [4512.9, 19104.0], [4513.0, 77.0], [4513.05, 2573.0], [4513.1, 918.0], [4513.25, 4110.0], [4513.35, 12688.0], [4513.5, 35.0], [4513.65, 12688.0]]}}}
{"jsonrpc": "2.0", "method": "subscription", "params": {"channel": "book.ETH-PERPETUAL.none.20.100ms", "data": {"timestamp": 1758069552330, "change_id": 86804148477, "instrument_name": "ETH-PERPETUAL", "bids": [[4511.65, 16115.0], [4511.6, 50.0], [4511.5, 10080.0], [4511.45, 33600.0], [4511.3, 3871.0], [4511.25, 43226.0], [4511.05, 166355.0], [4511.0, 8952.0], [4510.8, 20100.0], [4510.75, 41923.0], [4510.65, 29673.0], [4510.6, 45000.0], [4510.55, 52594.0], [4510.5, 6677.0], [4510.45, 12761.0], [4510.25, 8151.0], [4510.2, 1331.0], [4510.0, 50050.0], [4509.95, 3828.0], [4509.9, 13717.0]], "asks": [[4511.7, 90931.0], [4511.75, 51488.0], [4511.8, 33600.0], [4511.9, 25000.0], [4511.95, 19900.0], [4512.0, 146927.0], [4512.2, 2567.0], [4512.45, 15000.0], [4512.5, 50000.0], [4512.55, 7466.0], [4512.75, 77932.0], [4512.85, 113589.0], [4512.9, 19104.0], [4513.0, 77.0], [4513.05, 2573.0], [4513.1, 918.0], [4513.25, 4110.0], [4513.35, 12688.0], [4513.45, 54803.0], [4513.5, 35.0]]}}}
{"jsonrpc": "2.0", "method": "subscription", "params": {"channel": "book.ETH-PERPETUAL.none.20.100ms", "data": {"timestamp": 1758069552634, "change_id": 86804148857, "instrument_name": "ETH-PERPETUAL", "bids": [[4511.65, 16115.0], [4511.6, 50.0], [4511.5, 10080.0], [4511.45, 33600.0], [4511.3, 3871.0], [4511.25, 43226.0], [4511.05, 166355.0], [4511.0, 8952.0], [4510.8, 20100.0], [4510.75, 41923.0], [4510.65, 29673.0], [4510.6, 45000.0], [4510.55, 52594.0], [4510.5, 6677.0], [4510.45, 12761.0], [4510.25, 8151.0], [4510.2, 1331.0], [4510.0, 50.0], [4509.95, 3828.0], [4509.9, 13717.0]], "asks": [[4511.7, 110831.0], [4511.75, 51488.0], [4511.8, 33600.0], [4511.85, 10800.0], [4511.9, 25000.0], [4512.0, 146927.0], [4512.2, 2567.0], [4512.45, 15000.0], [4512.5, 50000.0], [4512.55, 7466.0], [4512.75, 77932.0], [4512.85, 113589.0], [4512.9, 19104.0], [4513.0, 77.0], [4513.05, 2573.0], [4513.1, 918.0], [4513.25, 4110.0], [4513.35, 12688.0], [4513.45, 54803.0], [4513.5, 35.0]]}}}
{"jsonrpc": "2.0", "method": "subscription", "params": {"channel": "book.ETH-PERPETUAL.none.20.100ms", "data": {"timestamp": 1758069553014, "change_id": 86804149296, "instrument_name": "ETH-PERPETUAL", "bids": [[4511.65, 17621.0], [4511.6, 50.0], [4511.5, 10080.0], [4511.45, 33600.0], [4511.3, 3871.0], [4511.25, 43226.0], [4511.15, 25000.0], [4511.05, 141355.0], [4511.0, 8952.0], [4510.8, 20100.0], [4510.75, 58898.0], [4510.7, 19990.0], [4510.65, 9684.0], [4510.6, 45000.0], [4510.55, 52594.0], [4510.5, 56677.0], [4510.45, 12761.0], [4510.25, 8151.0], [4510.2, 1331.0], [4510.0, 50.0]], "asks": [[4511.7, 74931.0], [4511.8, 33600.0], [4511.95, 41054.0], [4512.0, 146927.0], [4512.15, 41000.0], [4512.2, 2567.0], [4512.5, 15000.0], [4512.55, 50000.0], [4512.75, 46795.0], [4512.85, 113589.0], [4512.9, 19104.0], [4513.0, 77.0], [4513.05, 2573.0], [4513.1, 918.0], [4513.25, 4110.0], [4513.35, 12688.0], [4513.5, 35.0], [4513.65, 12688.0], [4513.9, 16264.0], [4513.95, 38795.0]]}}}
{"jsonrpc": "2.0", "method": "subscription", "params": {"channel": "book.ETH-PERPETUAL.none.20.100ms", "data": {"timestamp": 1758069553294, "change_id": 86804149535, "instrument_name": "ETH-PERPETUAL", "bids": [[4511.65, 17316.0], [4511.6, 50.0], [4511.5, 10080.0], [4511.45, 33600.0], [4511.3, 3871.0], [4511.25, 43226.0], [4511.15, 25000.0], [4511.05, 141355.0], [4511.0, 8952.0], [4510.8, 20100.0], [4510.75, 58898.0], [4510.7, 19990.0], [4510.65, 9684.0], [4510.6, 45000.0], [4510.55, 52594.0], [4510.5, 56677.0], [4510.45, 12761.0], [4510.25, 8151.0], [4510.2, 1331.0], [4510.0, 50.0]], "asks": [[4511.7, 90931.0], [4511.8, 37471.0], [4511.95, 41054.0], [4512.0, 171927.0], [4512.2, 2567.0], [4512.5, 22466.0], [4512.55, 50000.0], [4512.7, 31137.0], [4512.75, 46795.0], [4512.85, 113589.0], [4512.9, 19104.0], [4513.0, 77.0], [4513.05, 2573.0], [4513.1, 918.0], [4513.25, 4110.0], [4513.35, 12688.0], [4513.5, 54592.0], [4513.65, 12688.0], [4513.85, 20004.0], [4513.95, 18791.0]]}}}
{"jsonrpc": "2.0", "method": "subscription", "params": {"channel": "book.ETH-PERPETUAL.none.20.100ms", "data": {"timestamp": 1758069553674, "change_id": 86804149981, "instrument_name": "ETH-PERPETUAL", "bids": [[4511.65, 1652.0], [4511.6, 50.0], [4511.5, 10080.0], [4511.45, 33600.0], [4511.3, 3871.0], [4511.25, 43226.0], [4511.15, 25000.0], [4511.05, 141355.0], [4511.0, 8952.0], [4510.8, 20100.0], [4510.75, 41923.0], [4510.65, 29674.0], [4510.6, 45000.0], [4510.55, 52594.0], [4510.5, 6677.0], [4510.45, 12761.0], [4510.25, 8151.0], [4510.2, 1331.0], [4510.0, 50.0], [4509.95, 3828.0]], "asks": [[4511.7, 110831.0], [4511.75, 17700.0], [4511.8, 37471.0], [4511.95, 41054.0], [4512.0, 171927.0], [4512.2, 2567.0], [4512.5, 22466.0], [4512.55, 50000.0], [4512.7, 31137.0], [4512.75, 46795.0], [4512.85, 113589.0], [4512.9, 19104.0], [4513.0, 77.0], [4513.05, 2573.0], [4513.1, 918.0], [4513.25, 4110.0], [4513.35, 12688.0], [4513.5, 54592.0], [4513.65, 12688.0], [4513.9, 20004.0]]}}}
{"jsonrpc": "2.0", "method": "subscription", "params": {"channel": "book.ETH-PERPETUAL.none.20.100ms", "data": {"timestamp": 1758069553989, "change_id": 86804150392, "instrument_name": "ETH-PERPETUAL", "bids": [[4511.65, 1652.0], [4511.6, 50.0], [4511.5, 10080.0], [4511.45, 33600.0], [4511.3, 3871.0], [4511.25, 43226.0], [4511.15, 25000.0], [4511.05, 141355.0], [4510.85, 8952.0], [4510.8, 20100.0], [4510.75, 41923.0], [4510.65, 29674.0], [4510.6, 45000.0], [4510.55, 52594.0], [4510.5, 6677.0], [4510.45, 12761.0], [4510.25, 8151.0], [4510.2, 1331.0], [4510.0, 50050.0], [4509.95, 3828.0]], "asks": [[4511.7, 110831.0], [4511.8, 37471.0], [4511.95, 41054.0], [4512.0, 171927.0], [4512.2, 2567.0], [4512.5, 22466.0], [4512.55, 50000.0], [4512.7, 31137.0], [4512.75, 46795.0], [4512.85, 113589.0], [4512.9, 19104.0], [4513.0, 77.0], [4513.05, 2573.0], [4513.1, 918.0], [4513.25, 4110.0], [4513.35, 12688.0], [4513.5, 35.0], [4513.65, 12688.0], [4513.85, 16264.0], [4513.9, 20004.0]]}}}
{"jsonrpc": "2.0", "method": "subscription", "params": {"channel": "book.ETH-PERPETUAL.none.20.100ms", "data": {"timestamp": 1758069554190, "change_id": 86804150575, "instrument_name": "ETH-PERPETUAL", "bids": [[4511.65, 1652.0], [4511.6, 50.0], [4511.5, 10080.0], [4511.45, 33600.0], [4511.3, 3871.0], [4511.25, 43226.0], [4511.15, 25000.0], [4511.05, 141355.0], [4510.85, 8952.0], [4510.8, 20100.0], [4510.75, 41923.0], [4510.65, 29674.0], [4510.6, 45000.0], [4510.55, 52594.0], [4510.5, 6677.0], [4510.45, 12761.0], [4510.25, 8151.0], [4510.2, 1331.0], [4510.0, 50050.0], [4509.95, 3828.0]], "asks": [[4511.7, 110831.0], [4511.8, 37471.0], [4511.95, 41054.0], [4512.0, 171927.0], [4512.2, 2567.0], [4512.5, 22466.0], [4512.55, 50000.0], [4512.7, 31137.0], [4512.75, 46795.0], [4512.85, 113589.0], [4512.9, 19104.0], [4513.0, 77.0], [4513.05, 2573.0], [4513.1, 918.0], [4513.25, 4110.0], [4513.35, 12688.0], [4513.45, 55575.0], [4513.5, 35.0], [4513.65, 12688.0], [4513.85, 16264.0]]}}}
{"jsonrpc": "2.0", "method": "subscription", "params": {"channel": "book.ETH-PERPETUAL.none.20.100ms", "data": {"timestamp": 1758069554606, "change_id": 86804150858, "instrument_name": "ETH-PERPETUAL", "bids": [[4511.65, 1652.0], [4511.6, 50.0], [4511.5, 10080.0], [4511.45, 33600.0], [4511.3, 23771.0], [4511.25, 43226.0], [4511.15, 25000.0], [4511.05, 141355.0], [4510.85, 8952.0], [4510.8, 20100.0], [4510.75, 41923.0], [4510.7, 19990.0], [4510.65, 9684.0], [4510.6, 45000.0], [4510.55, 52594.0], [4510.5, 6677.0], [4510.45, 12761.0], [4510.25, 8151.0], [4510.2, 1331.0], [4510.0, 50050.0]], "asks": [[4511.7, 90931.0], [4511.8, 37471.0], [4511.9, 15800.0], [4511.95, 41054.0], [4512.0, 171927.0], [4512.2, 2567.0], [4512.5, 22466.0], [4512.55, 50000.0], [4512.7, 31137.0], [4512.75, 46795.0], [4512.85, 113589.0], [4512.9, 19104.0], [4513.0, 77.0], [4513.05, 2573.0], [4513.1, 918.0], [4513.25, 4110.0], [4513.35, 12688.0], [4513.45, 55575.0], [4513.5, 35.0], [4513.65, 12688.0]]}}}
{"jsonrpc": "2.0", "method": "subscription", "params": {"channel": "book.ETH-PERPETUAL.none.20.100ms", "data": {"timestamp": 1758069554968, "change_id": 86804151326, "instrument_name": "ETH-PERPETUAL", "bids": [[4511.65, 14966.0], [4511.6, 50.0], [4511.5, 15951.0], [4511.45, 33600.0], [4511.3, 23771.0], [4511.25, 43226.0], [4511.15, 25000.0], [4511.05, 141355.0], [4510.85, 13830.0], [4510.8, 40090.0], [4510.75, 41923.0], [4510.65, 9684.0], [4510.6, 45000.0], [4510.55, 52594.0], [4510.5, 6677.0], [4510.45, 12761.0], [4510.25, 8151.0], [4510.2, 1331.0], [4510.0, 50050.0], [4509.95, 3828.0]], "asks": [[4511.7, 90931.0], [4511.8, 37471.0], [4511.9, 15800.0], [4511.95, 41054.0], [4512.0, 146927.0], [4512.2, 2567.0], [4512.25, 25000.0], [4512.5, 22466.0], [4512.55, 50000.0], [4512.7, 31137.0], [4512.75, 46795.0], [4512.85, 113589.0], [4512.9, 19104.0], [4513.0, 77.0], [4513.05, 2573.0], [4513.1, 918.0], [4513.25, 19976.0], [4513.35, 12688.0], [4513.45, 55575.0], [4513.5, 35.0]]}}}
{"jsonrpc": "2.0", "method": "subscription", "params": {"channel": "book.ETH-PERPETUAL.none.20.100ms", "data": {"timestamp": 1758069555310, "change_id": 86804151531, "instrument_name": "ETH-PERPETUAL", "bids": [[4511.65, 14966.0], [4511.6, 50.0], [4511.5, 10080.0], [4511.45, 33600.0], [4511.3, 3871.0], [4511.25, 43226.0], [4511.15, 25000.0], [4511.05, 141355.0], [4510.85, 8952.0], [4510.8, 20100.0], [4510.75, 41923.0], [4510.7, 19990.0], [4510.65, 9684.0], [4510.6, 45000.0], [4510.55, 52594.0], [4510.5, 6677.0], [4510.45, 12761.0], [4510.25, 8151.0], [4510.2, 1331.0], [4510.0, 50050.0]], "asks": [[4511.7, 90931.0], [4511.8, 37471.0], [4511.9, 15800.0], [4511.95, 41054.0], [4512.0, 146927.0], [4512.15, 25000.0], [4512.2, 2567.0], [4512.5, 22466.0], [4512.55, 50000.0], [4512.7, 31137.0], [4512.75, 46795.0], [4512.85, 113589.0], [4512.9, 19104.0], [4513.0, 77.0], [4513.05, 2573.0], [4513.1, 918.0], [4513.25, 19976.0], [4513.35, 12688.0], [4513.45, 55575.0], [4513.5, 35.0]]}}}
{"jsonrpc": "2.0", "method": "subscription", "params": {"channel": "book.ETH-PERPETUAL.none.20.100ms", "data": {"timestamp": 1758069555442, "change_id": 86804151548, "instrument_name": "ETH-PERPETUAL", "bids": [[4511.65, 1652.0], [4511.6, 50.0], [4511.5, 10080.0], [4511.45, 33600.0], [4511.3, 3871.0], [4511.25, 43226.0], [4511.2, 11000.0], [4511.15, 25000.0], [4511.05, 141355.0], [4510.85, 8952.0], [4510.8, 20100.0], [4510.75, 41923.0], [4510.7, 19990.0], [4510.65, 9684.0], [4510.6, 45000.0], [4510.55, 52594.0], [4510.5, 6677.0], [4510.45, 12761.0], [4510.25, 8151.0], [4510.2, 1331.0]], "asks": [[4511.7, 110831.0], [4511.75, 167121.0], [4511.8, 37471.0], [4511.9, 15800.0], [4512.0, 10080.0], [4512.15, 25000.0], [4512.2, 2567.0], [4512.5, 22466.0], [4512.55, 50000.0], [4512.7, 31137.0], [4512.75, 46795.0], [4512.85, 113589.0], [4512.9, 19104.0], [4513.0, 77.0], [4513.05, 2573.0], [4513.1, 918.0], [4513.25, 19976.0], [4513.35, 12688.0], [4513.45, 55575.0], [4513.5, 35.0]]}}}
{"jsonrpc": "2.0", "method": "subscription", "params": {"channel": "book.ETH-PERPETUAL.none.20.100ms", "data": {"timestamp": 1758069555966, "change_id": 86804152262, "instrument_name": "ETH-PERPETUAL", "bids": [[4511.65, 1652.0], [4511.6, 50.0], [4511.5, 10080.0], [4511.45, 33600.0], [4511.3, 3871.0], [4511.25, 43226.0], [4511.2, 11000.0], [4511.15, 25000.0], [4511.05, 141355.0], [4510.85, 8952.0], [4510.8, 20100.0], [4510.75, 41923.0], [4510.7, 19990.0], [4510.65, 9684.0], [4510.6, 45000.0], [4510.55, 52594.0], [4510.5, 6677.0], [4510.45, 12761.0], [4510.25, 8151.0], [4510.2, 1331.0]], "asks": [[4511.7, 90931.0], [4511.75, 148081.0], [4511.8, 37471.0], [4512.0, 10080.0], [4512.15, 25000.0], [4512.2, 2567.0], [4512.5, 22466.0], [4512.55, 50000.0], [4512.7, 31137.0], [4512.75, 46795.0], [4512.85, 113589.0], [4512.9, 19104.0], [4513.0, 77.0], [4513.05, 2573.0], [4513.1, 918.0], [4513.25, 4110.0], [4513.35, 12688.0], [4513.5, 35.0], [4513.6, 3806.0], [4513.65, 12688.0]]}}}
{"jsonrpc": "2.0", "method": "subscription", "params": {"channel": "book.ETH-PERPETUAL.none.20.100ms", "data": {"timestamp": 1758069556274, "change_id": 86804152477, "instrument_name": "ETH-PERPETUAL", "bids": [[4511.65, 13876.0], [4511.6, 50.0], [4511.5, 10080.0], [4511.45, 33600.0], [4511.3, 3871.0], [4511.25, 43226.0], [4511.2, 11000.0], [4511.15, 25000.0], [4511.05, 141355.0], [4510.85, 8952.0], [4510.8, 20100.0], [4510.75, 41923.0], [4510.7, 19990.0], [4510.65, 9684.0], [4510.6, 45000.0], [4510.55, 52594.0], [4510.5, 6677.0], [4510.45, 12761.0], [4510.25, 8151.0], [4510.2, 1331.0]], "asks": [[4511.7, 90931.0], [4511.75, 148081.0], [4511.8, 37471.0], [4512.0, 10080.0], [4512.15, 25000.0], [4512.2, 2567.0], [4512.5, 22466.0], [4512.55, 50000.0], [4512.7, 31137.0], [4512.75, 46795.0], [4512.85, 113589.0], [4512.9, 19104.0], [4513.0, 77.0], [4513.05, 2573.0], [4513.1, 918.0], [4513.25, 4110.0], [4513.35, 12688.0], [4513.45, 55106.0], [4513.5, 35.0], [4513.6, 3806.0]]}}}
{"jsonrpc": "2.0", "method": "subscription", "params": {"channel": "book.ETH-PERPETUAL.none.20.100ms", "data": {"timestamp": 1758069556525, "change_id": 86804152634, "instrument_name": "ETH-PERPETUAL", "bids": [[4511.65, 13876.0], [4511.6, 50.0], [4511.5, 15531.0], [4511.45, 33600.0], [4511.3, 22371.0], [4511.25, 43226.0], [4511.2, 11000.0], [4511.15, 25000.0], [4511.05, 141355.0], [4510.85, 8952.0], [4510.8, 20100.0], [4510.75, 58898.0], [4510.7, 19990.0], [4510.65, 9684.0], [4510.6, 45000.0], [4510.55, 52594.0], [4510.5, 56677.0], [4510.45, 12761.0], [4510.25, 8151.0], [4510.2, 1331.0]], "asks": [[4511.7, 90931.0], [4511.75, 148081.0], [4511.8, 37471.0], [4512.0, 10080.0], [4512.15, 25000.0], [4512.2, 2567.0], [4512.5, 22466.0], [4512.55, 50000.0], [4512.7, 31137.0], [4512.75, 46795.0], [4512.85, 113589.0], [4512.9, 19104.0], [4513.0, 77.0], [4513.05, 2573.0], [4513.1, 918.0], [4513.25, 4110.0], [4513.35, 12688.0], [4513.45, 55106.0], [4513.5, 35.0], [4513.6, 3806.0]]}}}
{"jsonrpc": "2.0", "method": "subscription", "params": {"channel": "book.ETH-PERPETUAL.none.20.100ms", "data": {"timestamp": 1758069556968, "change_id": 86804153327, "instrument_name": "ETH-PERPETUAL", "bids": [[4511.65, 20823.0], [4511.6, 50.0], [4511.5, 26221.0], [4511.45, 33600.0], [4511.3, 43500.0], [4511.25, 43226.0], [4511.2, 11000.0], [4511.15, 2583.0], [4511.1, 19990.0], [4511.05, 141355.0], [4510.95, 8952.0], [4510.8, 20100.0], [4510.75, 58898.0], [4510.65, 9684.0], [4510.6, 45000.0], [4510.55, 52594.0], [4510.5, 56677.0], [4510.45, 12761.0], [4510.25, 8151.0], [4510.2, 1331.0]], "asks": [[4511.7, 90931.0], [4511.75, 136840.0], [4511.8, 37471.0], [4512.35, 7500.0], [4512.4, 25000.0], [4512.5, 22466.0], [4512.65, 50000.0], [4512.7, 31137.0], [4512.75, 46795.0], [4512.85, 113589.0], [4512.9, 19104.0], [4513.0, 77.0], [4513.05, 2573.0], [4513.1, 918.0], [4513.25, 19835.0], [4513.35, 12688.0], [4513.45, 55106.0], [4513.5, 35.0], [4513.6, 3806.0], [4513.65, 12688.0]]}}}
