{"jsonrpc": "2.0", "id": 1, "result": ["book.ETH-PERPETUAL.none.20.100ms"], "usIn": 1772776717835020, "usOut": 1772776717835269, "usDiff": 249, "testnet": false}
{"jsonrpc": "2.0", "method": "subscription", "params": {"channel": "book.ETH-PERPETUAL.none.20.100ms", "data": {"timestamp": 1772776717823, "change_id": 112196822308, "instrument_name": "ETH-PERPETUAL", "bids": [[2069.5, 435.0], [2069.2, 232.0], [2069.15, 4000.0], [2069.1, 2500.0], [2069.05, 4000.0], [2069.0, 2912.0], [2068.95, 5909.0], [2068.9, 2000.0], [2068.85, 719.0], [2068.75, 2931.0], [2068.7, 1475.0], [2068.65, 5636.0], [2068.6, 2941.0], [2068.5, 7050.0], [2068.45, 3737.0], [2068.4, 4462.0], [2068.35, 4463.0], [2068.3, 1481.0], [2068.25, 4963.0], [2068.2, 1117.0]], "asks": [[2069.55, 64248.0], [2069.75, 1.0], [2069.95, 2505.0], [2070.0, 9494.0], [2070.1, 2918.0], [2070.2, 21119.0], [2070.25, 2918.0], [2070.3, 6396.0], [2070.35, 17791.0], [2070.4, 3636.0], [2070.55, 2916.0], [2070.65, 5000.0], [2070.7, 19157.0], [2070.85, 2948.0], [2070.9, 1269.0], [2071.0, 4226.0], [2071.15, 2948.0], [2071.3, 3873.0], [2071.35, 12948.0], [2071.4, 1386.0]]}}}
{"jsonrpc": "2.0", "method": "subscription", "params": {"channel": "book.ETH-PERPETUAL.none.20.100ms", "data": {"timestamp": 1772776717960, "change_id": 112196822384, "instrument_name": "ETH-PERPETUAL", "bids": [[2069.5, 2388.0], [2069.2, 232.0], [2069.15, 4000.0], [2069.1, 2500.0], [2069.05, 4000.0], [2069.0, 2912.0], [2068.95, 5909.0], [2068.9, 2000.0], [2068.85, 719.0], [2068.75, 2931.0], [2068.7, 1475.0], [2068.65, 5636.0], [2068.6, 2941.0], [2068.55, 3000.0], [2068.5, 5000.0], [2068.45, 3737.0], [2068.4, 1462.0], [2068.35, 4463.0], [2068.3, 1481.0], [2068.25, 4963.0]], "asks": [[2069.55, 63605.0], [2069.75, 1.0], [2069.95, 2505.0], [2070.0, 9494.0], [2070.1, 2918.0], [2070.2, 21119.0], [2070.25, 2918.0], [2070.3, 6396.0], [2070.35, 17791.0], [2070.4, 3636.0], [2070.55, 2916.0], [2070.65, 5000.0], [2070.7, 19157.0], [2070.85, 2948.0], [2070.9, 1269.0], [2071.0, 4226.0], [2071.15, 2948.0], [2071.3, 3873.0], [2071.35, 12948.0], [2071.4, 1386.0]]}}}
{"jsonrpc": "2.0", "method": "subscription", "params": {"channel": "book.ETH-PERPETUAL.none.20.100ms", "data": {"timestamp": 1772776718284, "change_id": 112196822739, "instrument_name": "ETH-PERPETUAL", "bids": [[2069.5, 700.0], [2069.2, 232.0], [2069.15, 4000.0], [2069.1, 2500.0], [2069.05, 4000.0], [2069.0, 5273.0], [2068.95, 5909.0], [2068.9, 2000.0], [2068.85, 719.0], [2068.75, 2931.0], [2068.7, 1475.0], [2068.65, 5636.0], [2068.6, 2941.0], [2068.5, 8000.0], [2068.45, 3737.0], [2068.4, 1462.0], [2068.35, 4463.0], [2068.3, 1481.0], [2068.25, 4963.0], [2068.2, 1117.0]], "asks": [[2069.55, 61184.0], [2069.75, 1.0], [2069.95, 2505.0], [2070.0, 9494.0], [2070.1, 2918.0], [2070.2, 1103.0], [2070.25, 2918.0], [2070.35, 20016.0], [2070.4, 3636.0], [2070.5, 17791.0], [2070.55, 2916.0], [2070.65, 5000.0], [2070.7, 19157.0], [2070.85, 2948.0], [2070.9, 1269.0], [2071.0, 4226.0], [2071.15, 2948.0], [2071.3, 3873.0], [2071.35, 12948.0], [2071.4, 1386.0]]}}}
{"jsonrpc": "2.0", "method": "subscription", "params": {"channel": "book.ETH-PERPETUAL.none.20.100ms", "data": {"timestamp": 1772776718597, "change_id": 112196823043, "instrument_name": "ETH-PERPETUAL", "bids": [[2069.5, 488.0], [2069.3, 1.0], [2069.2, 232.0], [2069.15, 4000.0], [2069.1, 2500.0], [2069.05, 4000.0], [2069.0, 5273.0], [2068.95, 5909.0], [2068.9, 2000.0], [2068.85, 719.0], [2068.75, 2931.0], [2068.7, 1475.0], [2068.65, 5636.0], [2068.6, 5329.0], [2068.55, 3000.0], [2068.5, 5000.0], [2068.45, 3737.0], [2068.4, 1462.0], [2068.35, 4463.0], [2068.3, 1481.0]], "asks": [[2069.55, 60998.0], [2069.75, 1.0], [2069.95, 2505.0], [2070.0, 9494.0], [2070.1, 2918.0], [2070.2, 1103.0], [2070.25, 2918.0], [2070.3, 7060.0], [2070.35, 20016.0], [2070.4, 3636.0], [2070.5, 17791.0], [2070.55, 2916.0], [2070.65, 5000.0], [2070.7, 19157.0], [2070.85, 2948.0], [2070.9, 1269.0], [2071.0, 4226.0], [2071.15, 2948.0], [2071.3, 3873.0], [2071.35, 12948.0]]}}}
{"jsonrpc": "2.0", "method": "subscription", "params": {"channel": "book.ETH-PERPETUAL.none.20.100ms", "data": {"timestamp": 1772776718927, "change_id": 112196823578, "instrument_name": "ETH-PERPETUAL", "bids": [[2069.5, 488.0], [2069.3, 1.0], [2069.2, 232.0], [2069.15, 4000.0], [2069.1, 2500.0], [2069.05, 4000.0], [2069.0, 5273.0], [2068.95, 5909.0], [2068.9, 2000.0], [2068.85, 719.0], [2068.75, 2931.0], [2068.7, 1475.0], [2068.65, 5636.0], [2068.6, 2941.0], [2068.5, 8000.0], [2068.45, 3737.0], [2068.4, 1462.0], [2068.35, 4463.0], [2068.3, 1481.0], [2068.25, 4963.0]], "asks": [[2069.55, 60471.0], [2069.75, 1.0], [2069.95, 2505.0], [2070.0, 9494.0], [2070.1, 2918.0], [2070.2, 1103.0], [2070.25, 2918.0], [2070.35, 20016.0], [2070.4, 3636.0], [2070.5, 17791.0], [2070.55, 2916.0], [2070.65, 5000.0], [2070.7, 19157.0], [2070.85, 2948.0], [2070.9, 1269.0], [2071.0, 4226.0], [2071.15, 2948.0], [2071.3, 3873.0], [2071.35, 12948.0], [2071.4, 1386.0]]}}}
{"jsonrpc": "2.0", "method": "subscription", "params": {"channel": "book.ETH-PERPETUAL.none.20.100ms", "data": {"timestamp": 1772776719246, "change_id": 112196823751, "instrument_name": "ETH-PERPETUAL", "bids": [[2069.5, 488.0], [2069.3, 1.0], [2069.2, 232.0], [2069.15, 4000.0], [2069.1, 2500.0], [2069.05, 4000.0], [2069.0, 5273.0], [2068.95, 5909.0], [2068.9, 2000.0], [2068.85, 719.0], [2068.75, 2931.0], [2068.7, 1475.0], [2068.65, 5636.0], [2068.6, 2941.0], [2068.55, 3000.0], [2068.5, 5000.0], [2068.45, 3737.0], [2068.4, 1462.0], [2068.35, 4463.0], [2068.3, 1481.0]], "asks": [[2069.55, 60677.0], [2069.75, 1.0], [2069.95, 2505.0], [2070.0, 9494.0], [2070.1, 2918.0], [2070.2, 1103.0], [2070.25, 2918.0], [2070.35, 20016.0], [2070.4, 3636.0], [2070.5, 17791.0], [2070.55, 2916.0], [2070.65, 5000.0], [2070.7, 19157.0], [2070.85, 2948.0], [2070.9, 1269.0], [2071.0, 4226.0], [2071.15, 2948.0], [2071.3, 3873.0], [2071.35, 12948.0], [2071.4, 1386.0]]}}}
{"jsonrpc": "2.0", "method": "subscription", "params": {"channel": "book.ETH-PERPETUAL.none.20.100ms", "data": {"timestamp": 1772776719615, "change_id": 112196824737, "instrument_name": "ETH-PERPETUAL", "bids": [[2069.5, 20397.0], [2069.3, 1.0], [2069.2, 1940.0], [2069.15, 4000.0], [2069.1, 7563.0], [2069.05, 4000.0], [2069.0, 2912.0], [2068.95, 2909.0], [2068.85, 719.0], [2068.8, 5000.0], [2068.75, 2931.0], [2068.7, 1475.0], [2068.65, 2000.0], [2068.6, 14214.0], [2068.55, 19996.0], [2068.5, 17771.0], [2068.45, 2963.0], [2068.4, 1462.0], [2068.35, 4463.0], [2068.3, 1481.0]], "asks": [[2069.55, 53517.0], [2069.75, 1.0], [2069.9, 1000.0], [2070.1, 2908.0], [2070.2, 1293.0], [2070.25, 2918.0], [2070.55, 2916.0], [2070.7, 2947.0], [2070.75, 7072.0], [2070.8, 23692.0], [2070.85, 2948.0], [2070.9, 1269.0], [2070.95, 17791.0], [2071.0, 4226.0], [2071.15, 2948.0], [2071.2, 5000.0], [2071.3, 8.0], [2071.35, 2948.0], [2071.4, 1386.0], [2071.45, 4294.0]]}}}
{"jsonrpc": "2.0", "method": "subscription", "params": {"channel": "book.ETH-PERPETUAL.none.20.100ms", "data": {"timestamp": 1772776719944, "change_id": 112196825401, "instrument_name": "ETH-PERPETUAL", "bids": [[2069.5, 20517.0], [2069.3, 1.0], [2069.2, 2659.0], [2069.15, 4000.0], [2069.1, 4563.0], [2069.05, 7000.0], [2069.0, 2912.0], [2068.95, 3683.0], [2068.8, 5000.0], [2068.75, 2931.0], [2068.7, 1475.0], [2068.65, 2000.0], [2068.6, 2941.0], [2068.55, 19996.0], [2068.5, 17771.0], [2068.45, 2963.0], [2068.4, 1342.0], [2068.35, 4463.0], [2068.3, 1481.0], [2068.25, 4963.0]], "asks": [[2069.55, 51955.0], [2069.75, 1.0], [2069.9, 3000.0], [2070.1, 2908.0], [2070.2, 1293.0], [2070.25, 2918.0], [2070.4, 778.0], [2070.55, 2916.0], [2070.7, 2947.0], [2070.75, 20016.0], [2070.8, 3676.0], [2070.85, 2948.0], [2070.9, 1269.0], [2070.95, 17791.0], [2071.0, 11657.0], [2071.15, 2948.0], [2071.2, 5000.0], [2071.3, 8.0], [2071.35, 2948.0], [2071.4, 1386.0]]}}}
{"jsonrpc": "2.0", "method": "subscription", "params": {"channel": "book.ETH-PERPETUAL.none.20.100ms", "data": {"timestamp": 1772776720250, "change_id": 112196825771, "instrument_name": "ETH-PERPETUAL", "bids": [[2069.5, 20517.0], [2069.3, 1.0], [2069.2, 2659.0], [2069.15, 4000.0], [2069.1, 4563.0], [2069.05, 4000.0], [2069.0, 2912.0], [2068.95, 3683.0], [2068.85, 2999.0], [2068.8, 5000.0], [2068.75, 2931.0], [2068.7, 1475.0], [2068.65, 2000.0], [2068.6, 2941.0], [2068.55, 19996.0], [2068.5, 17771.0], [2068.45, 2963.0], [2068.4, 1342.0], [2068.35, 4463.0], [2068.3, 1481.0]], "asks": [[2069.55, 53602.0], [2069.75, 1.0], [2069.85, 3027.0], [2069.9, 10141.0], [2070.1, 2908.0], [2070.2, 1293.0], [2070.25, 2918.0], [2070.4, 778.0], [2070.55, 2916.0], [2070.7, 2947.0], [2070.75, 20016.0], [2070.8, 3676.0], [2070.85, 2948.0], [2070.9, 1269.0], [2070.95, 17791.0], [2071.0, 11657.0], [2071.15, 2948.0], [2071.2, 5000.0], [2071.3, 8.0], [2071.35, 2948.0]]}}}
{"jsonrpc": "2.0", "method": "subscription", "params": {"channel": "book.ETH-PERPETUAL.none.20.100ms", "data": {"timestamp": 1772776720588, "change_id": 112196826147, "instrument_name": "ETH-PERPETUAL", "bids": [[2069.5, 20717.0], [2069.3, 1.0], [2069.2, 2659.0], [2069.15, 4000.0], [2069.1, 4563.0], [2069.05, 4000.0], [2069.0, 2912.0], [2068.95, 3683.0], [2068.85, 2999.0], [2068.8, 5000.0], [2068.75, 2931.0], [2068.7, 1475.0], [2068.65, 2000.0], [2068.6, 14214.0], [2068.55, 19996.0], [2068.5, 17771.0], [2068.45, 2963.0], [2068.4, 1342.0], [2068.35, 4463.0], [2068.3, 1481.0]], "asks": [[2069.55, 54101.0], [2069.75, 1.0], [2069.85, 3027.0], [2069.9, 10141.0], [2070.1, 2908.0], [2070.2, 1293.0], [2070.25, 2918.0], [2070.4, 778.0], [2070.55, 2916.0], [2070.7, 10019.0], [2070.75, 20016.0], [2070.8, 3676.0], [2070.85, 2948.0], [2070.9, 1269.0], [2070.95, 17791.0], [2071.0, 11657.0], [2071.15, 2948.0], [2071.2, 5000.0], [2071.3, 8.0], [2071.35, 2948.0]]}}}
{"jsonrpc": "2.0", "method": "subscription", "params": {"channel": "book.ETH-PERPETUAL.none.20.100ms", "data": {"timestamp": 1772776720937, "change_id": 112196826752, "instrument_name": "ETH-PERPETUAL", "bids": [[2069.5, 20597.0], [2069.2, 2659.0], [2069.15, 4000.0], [2069.1, 4563.0], [2069.05, 4000.0], [2069.0, 2912.0], [2068.95, 3683.0], [2068.85, 2999.0], [2068.8, 5000.0], [2068.75, 2931.0], [2068.7, 1475.0], [2068.65, 21996.0], [2068.6, 2941.0], [2068.5, 17771.0], [2068.45, 2963.0], [2068.4, 1462.0], [2068.35, 4463.0], [2068.3, 1481.0], [2068.25, 4963.0], [2068.2, 1117.0]], "asks": [[2069.55, 54641.0], [2069.75, 1.0], [2069.85, 3027.0], [2069.9, 10141.0], [2070.1, 2908.0], [2070.2, 1293.0], [2070.25, 2918.0], [2070.4, 778.0], [2070.55, 2916.0], [2070.7, 10019.0], [2070.75, 20016.0], [2070.8, 3676.0], [2070.85, 2948.0], [2070.9, 1269.0], [2070.95, 17791.0], [2071.0, 11657.0], [2071.15, 2948.0], [2071.2, 5000.0], [2071.3, 8.0], [2071.35, 2948.0]]}}}
{"jsonrpc": "2.0", "method": "subscription", "params": {"channel": "book.ETH-PERPETUAL.none.20.100ms", "data": {"timestamp": 1772776721273, "change_id": 112196827133, "instrument_name": "ETH-PERPETUAL", "bids": [[2069.5, 20717.0], [2069.2, 2659.0], [2069.15, 4000.0], [2069.1, 4563.0], [2069.05, 4000.0], [2069.0, 2912.0], [2068.95, 3683.0], [2068.85, 2999.0], [2068.8, 5000.0], [2068.75, 2931.0], [2068.7, 1475.0], [2068.65, 2000.0], [2068.6, 2941.0], [2068.55, 19996.0], [2068.5, 17771.0], [2068.45, 2963.0], [2068.4, 1342.0], [2068.35, 4463.0], [2068.3, 1481.0], [2068.25, 4963.0]], "asks": [[2069.55, 53414.0], [2069.75, 1.0], [2069.85, 3027.0], [2069.9, 10141.0], [2070.1, 2908.0], [2070.2, 1293.0], [2070.25, 2918.0], [2070.4, 778.0], [2070.55, 2916.0], [2070.7, 10019.0], [2070.75, 20016.0], [2070.8, 3676.0], [2070.85, 2948.0], [2070.9, 1269.0], [2070.95, 17791.0], [2071.0, 11657.0], [2071.15, 2948.0], [2071.2, 5000.0], [2071.3, 8.0], [2071.35, 2948.0]]}}}
{"jsonrpc": "2.0", "method": "subscription", "params": {"channel": "book.ETH-PERPETUAL.none.20.100ms", "data": {"timestamp": 1772776721588, "change_id": 112196827536, "instrument_name": "ETH-PERPETUAL", "bids": [[2069.5, 16717.0], [2069.2, 2659.0], [2069.15, 4000.0], [2069.1, 4563.0], [2069.05, 4000.0], [2069.0, 2912.0], [2068.95, 3683.0], [2068.85, 2999.0], [2068.8, 5000.0], [2068.75, 2931.0], [2068.7, 1475.0], [2068.65, 2000.0], [2068.6, 14214.0], [2068.55, 19996.0], [2068.5, 17771.0], [2068.45, 2963.0], [2068.4, 1342.0], [2068.35, 4463.0], [2068.3, 1481.0], [2068.25, 4963.0]], "asks": [[2069.55, 53217.0], [2069.75, 1.0], [2069.9, 3000.0], [2070.1, 2908.0], [2070.2, 1293.0], [2070.25, 2918.0], [2070.4, 778.0], [2070.55, 2916.0], [2070.7, 10019.0], [2070.75, 20016.0], [2070.8, 3676.0], [2070.85, 2948.0], [2070.9, 6419.0], [2070.95, 17791.0], [2071.0, 4226.0], [2071.15, 2948.0], [2071.2, 5000.0], [2071.3, 8.0], [2071.35, 2948.0], [2071.4, 1386.0]]}}}
{"jsonrpc": "2.0", "method": "subscription", "params": {"channel": "book.ETH-PERPETUAL.none.20.100ms", "data": {"timestamp": 1772776721880, "change_id": 112196828195, "instrument_name": "ETH-PERPETUAL", "bids": [[2069.5, 20717.0], [2069.3, 1.0], [2069.2, 2659.0], [2069.15, 4000.0], [2069.1, 5792.0], [2069.05, 9000.0], [2069.0, 2912.0], [2068.95, 3683.0], [2068.8, 3000.0], [2068.75, 2931.0], [2068.7, 1475.0], [2068.65, 2000.0], [2068.6, 2941.0], [2068.55, 19996.0], [2068.5, 17771.0], [2068.45, 2963.0], [2068.4, 1342.0], [2068.35, 4463.0], [2068.3, 1481.0], [2068.25, 4963.0]], "asks": [[2069.55, 52710.0], [2069.75, 1.0], [2069.9, 3000.0], [2070.1, 2908.0], [2070.2, 1293.0], [2070.25, 2918.0], [2070.4, 778.0], [2070.55, 2916.0], [2070.6, 7454.0], [2070.7, 10019.0], [2070.75, 20016.0], [2070.8, 3676.0], [2070.85, 2948.0], [2070.9, 6419.0], [2070.95, 17791.0], [2071.0, 4226.0], [2071.15, 2948.0], [2071.2, 5000.0], [2071.3, 8.0], [2071.35, 19433.0]]}}}
{"jsonrpc": "2.0", "method": "subscription", "params": {"channel": "book.ETH-PERPETUAL.none.20.100ms", "data": {"timestamp": 1772776722255, "change_id": 112196828517, "instrument_name": "ETH-PERPETUAL", "bids": [[2069.5, 20717.0], [2069.3, 1.0], [2069.2, 2659.0], [2069.15, 4000.0], [2069.1, 5792.0], [2069.05, 9000.0], [2069.0, 2912.0], [2068.95, 2909.0], [2068.8, 3000.0], [2068.75, 2931.0], [2068.7, 1475.0], [2068.65, 22770.0], [2068.6, 2941.0], [2068.5, 17771.0], [2068.45, 2963.0], [2068.4, 1342.0], [2068.35, 4463.0], [2068.3, 1481.0], [2068.25, 4963.0], [2068.2, 1117.0]], "asks": [[2069.55, 52989.0], [2069.75, 1.0], [2069.85, 3027.0], [2069.9, 10141.0], [2070.1, 2908.0], [2070.2, 1293.0], [2070.25, 2918.0], [2070.4, 778.0], [2070.55, 2916.0], [2070.6, 7454.0], [2070.7, 10019.0], [2070.75, 20016.0], [2070.8, 3676.0], [2070.85, 2948.0], [2070.9, 6419.0], [2070.95, 17791.0], [2071.0, 4226.0], [2071.15, 2948.0], [2071.2, 5000.0], [2071.3, 1508.0]]}}}
{"jsonrpc": "2.0", "method": "subscription", "params": {"channel": "book.ETH-PERPETUAL.none.20.100ms", "data": {"timestamp": 1772776722545, "change_id": 112196828717, "instrument_name": "ETH-PERPETUAL", "bids": [[2069.5, 20717.0], [2069.3, 1.0], [2069.2, 2659.0], [2069.15, 4000.0], [2069.1, 9792.0], [2069.05, 9000.0], [2069.0, 2912.0], [2068.95, 2909.0], [2068.8, 3000.0], [2068.75, 2931.0], [2068.7, 1475.0], [2068.65, 22770.0], [2068.6, 2941.0], [2068.5, 17771.0], [2068.45, 2963.0], [2068.4, 1342.0], [2068.35, 12178.0], [2068.3, 1481.0], [2068.25, 4963.0], [2068.2, 1117.0]], "asks": [[2069.55, 53898.0], [2069.75, 1.0], [2069.85, 3027.0], [2069.9, 10141.0], [2070.1, 2908.0], [2070.2, 1293.0], [2070.25, 2918.0], [2070.4, 778.0], [2070.55, 2916.0], [2070.6, 7454.0], [2070.7, 10019.0], [2070.75, 20016.0], [2070.8, 3676.0], [2070.85, 2948.0], [2070.9, 6419.0], [2070.95, 17791.0], [2071.0, 4226.0], [2071.15, 2948.0], [2071.2, 5000.0], [2071.3, 1508.0]]}}}
{"jsonrpc": "2.0", "method": "subscription", "params": {"channel": "book.ETH-PERPETUAL.none.20.100ms", "data": {"timestamp": 1772776722901, "change_id": 112196829375, "instrument_name": "ETH-PERPETUAL", "bids": [[2069.5, 20717.0], [2069.3, 1.0], [2069.2, 2659.0], [2069.15, 4000.0], [2069.1, 9792.0], [2069.05, 9000.0], [2069.0, 2912.0], [2068.95, 2909.0], [2068.8, 3000.0], [2068.75, 2931.0], [2068.7, 7486.0], [2068.65, 22770.0], [2068.6, 2941.0], [2068.5, 17771.0], [2068.45, 2963.0], [2068.4, 1342.0], [2068.35, 12178.0], [2068.3, 1481.0], [2068.25, 4963.0], [2068.2, 1117.0]], "asks": [[2069.55, 53079.0], [2069.75, 1.0], [2069.85, 3027.0], [2069.9, 10141.0], [2070.1, 2908.0], [2070.2, 1293.0], [2070.25, 2918.0], [2070.4, 778.0], [2070.5, 3095.0], [2070.55, 2916.0], [2070.6, 7454.0], [2070.7, 10019.0], [2070.75, 20016.0], [2070.8, 3676.0], [2070.85, 2948.0], [2070.9, 6419.0], [2070.95, 17791.0], [2071.0, 4226.0], [2071.1, 2372.0], [2071.15, 2948.0]]}}}
{"jsonrpc": "2.0", "method": "subscription", "params": {"channel": "book.ETH-PERPETUAL.none.20.100ms", "data": {"timestamp": 1772776723258, "change_id": 112196829676, "instrument_name": "ETH-PERPETUAL", "bids": [[2069.5, 20717.0], [2069.3, 1.0], [2069.2, 2659.0], [2069.15, 4000.0], [2069.1, 9792.0], [2069.05, 9000.0], [2069.0, 2912.0], [2068.95, 2909.0], [2068.8, 3000.0], [2068.75, 2931.0], [2068.7, 27482.0], [2068.65, 20545.0], [2068.6, 2941.0], [2068.45, 2963.0], [2068.4, 1342.0], [2068.35, 12178.0], [2068.3, 1481.0], [2068.25, 4963.0], [2068.2, 1117.0], [2068.1, 2967.0]], "asks": [[2069.55, 52810.0], [2069.75, 1.0], [2069.9, 3000.0], [2070.1, 2908.0], [2070.2, 1293.0], [2070.25, 2918.0], [2070.4, 778.0], [2070.5, 3095.0], [2070.55, 2916.0], [2070.6, 7454.0], [2070.7, 2947.0], [2070.8, 3676.0], [2070.85, 22964.0], [2070.9, 1269.0], [2071.0, 4226.0], [2071.05, 17791.0], [2071.1, 2372.0], [2071.15, 2948.0], [2071.2, 5000.0], [2071.3, 1508.0]]}}}
{"jsonrpc": "2.0", "method": "subscription", "params": {"channel": "book.ETH-PERPETUAL.none.20.100ms", "data": {"timestamp": 1772776723570, "change_id": 112196829912, "instrument_name": "ETH-PERPETUAL", "bids": [[2069.5, 16717.0], [2069.3, 1.0], [2069.2, 2659.0], [2069.15, 4000.0], [2069.1, 9792.0], [2069.05, 9000.0], [2069.0, 5912.0], [2068.95, 2909.0], [2068.75, 2931.0], [2068.7, 27482.0], [2068.65, 20545.0], [2068.6, 2941.0], [2068.45, 2963.0], [2068.4, 1342.0], [2068.35, 4463.0], [2068.3, 1481.0], [2068.25, 4963.0], [2068.2, 1117.0], [2068.1, 2967.0], [2068.05, 1212.0]], "asks": [[2069.55, 51223.0], [2069.75, 1.0], [2069.85, 3027.0], [2069.9, 10141.0], [2070.1, 2908.0], [2070.2, 1293.0], [2070.25, 2918.0], [2070.4, 778.0], [2070.55, 2916.0], [2070.7, 2947.0], [2070.8, 23692.0], [2070.85, 2948.0], [2070.9, 1269.0], [2071.0, 4226.0], [2071.05, 17791.0], [2071.1, 2372.0], [2071.15, 2948.0], [2071.2, 5000.0], [2071.3, 1508.0], [2071.35, 2948.0]]}}}
{"jsonrpc": "2.0", "method": "subscription", "params": {"channel": "book.ETH-PERPETUAL.none.20.100ms", "data": {"timestamp": 1772776723846, "change_id": 112196830498, "instrument_name": "ETH-PERPETUAL", "bids": [[2069.5, 16717.0], [2069.3, 1.0], [2069.2, 2659.0], [2069.15, 4000.0], [2069.1, 9792.0], [2069.05, 9000.0], [2069.0, 2912.0], [2068.95, 2909.0], [2068.8, 3000.0], [2068.75, 2931.0], [2068.7, 27482.0], [2068.65, 20545.0], [2068.6, 2941.0], [2068.45, 2963.0], [2068.4, 1342.0], [2068.35, 12030.0], [2068.3, 1481.0], [2068.25, 4963.0], [2068.2, 1117.0], [2068.1, 2967.0]], "asks": [[2069.55, 49869.0], [2069.75, 1.0], [2069.9, 10141.0], [2070.1, 2908.0], [2070.2, 1293.0], [2070.25, 2918.0], [2070.4, 778.0], [2070.55, 2916.0], [2070.6, 7597.0], [2070.7, 2947.0], [2070.75, 1097.0], [2070.8, 3676.0], [2070.85, 2948.0], [2070.9, 1269.0], [2070.95, 20016.0], [2071.0, 4226.0], [2071.05, 17791.0], [2071.1, 2372.0], [2071.15, 2948.0], [2071.2, 5000.0]]}}}
{"jsonrpc": "2.0", "method": "subscription", "params": {"channel": "book.ETH-PERPETUAL.none.20.100ms", "data": {"timestamp": 1772776724049, "change_id": 112196830529, "instrument_name": "ETH-PERPETUAL", "bids": [[2069.5, 16717.0], [2069.3, 1.0], [2069.2, 2659.0], [2069.15, 4000.0], [2069.1, 9792.0], [2069.05, 12000.0], [2069.0, 2912.0], [2068.95, 2909.0], [2068.75, 2931.0], [2068.7, 27482.0], [2068.65, 20545.0], [2068.6, 2941.0], [2068.45, 2963.0], [2068.4, 1342.0], [2068.35, 12030.0], [2068.3, 1481.0], [2068.25, 4963.0], [2068.2, 1117.0], [2068.1, 2967.0], [2068.05, 1212.0]], "asks": [[2069.55, 49769.0], [2069.75, 1.0], [2069.9, 10141.0], [2070.1, 2908.0], [2070.2, 1293.0], [2070.25, 2918.0], [2070.4, 778.0], [2070.55, 2916.0], [2070.6, 7597.0], [2070.7, 2947.0], [2070.75, 1097.0], [2070.8, 3676.0], [2070.85, 2948.0], [2070.9, 1269.0], [2070.95, 20016.0], [2071.0, 4226.0], [2071.05, 17791.0], [2071.1, 2372.0], [2071.15, 2948.0], [2071.2, 5000.0]]}}}
{"jsonrpc": "2.0", "method": "subscription", "params": {"channel": "book.ETH-PERPETUAL.none.20.100ms", "data": {"timestamp": 1772776724524, "change_id": 112196830954, "instrument_name": "ETH-PERPETUAL", "bids": [[2069.5, 20717.0], [2069.3, 1.0], [2069.2, 2659.0], [2069.15, 4000.0], [2069.1, 9792.0], [2069.05, 9000.0], [2069.0, 2912.0], [2068.95, 2909.0], [2068.8, 3000.0], [2068.75, 2931.0], [2068.7, 27482.0], [2068.65, 20545.0], [2068.6, 2941.0], [2068.45, 2963.0], [2068.4, 1342.0], [2068.35, 12030.0], [2068.3, 1481.0], [2068.25, 4963.0], [2068.2, 1117.0], [2068.1, 2967.0]], "asks": [[2069.55, 50169.0], [2069.75, 1.0], [2069.85, 3027.0], [2069.9, 10141.0], [2070.1, 2908.0], [2070.2, 1293.0], [2070.25, 2918.0], [2070.4, 778.0], [2070.55, 2916.0], [2070.6, 7597.0], [2070.7, 2947.0], [2070.75, 1097.0], [2070.8, 3676.0], [2070.85, 2948.0], [2070.9, 1269.0], [2070.95, 20016.0], [2071.0, 4226.0], [2071.05, 17791.0], [2071.1, 2372.0], [2071.15, 2948.0]]}}}
{"jsonrpc": "2.0", "method": "subscription", "params": {"channel": "book.ETH-PERPETUAL.none.20.100ms", "data": {"timestamp": 1772776724908, "change_id": 112196831535, "instrument_name": "ETH-PERPETUAL", "bids": [[2069.5, 20717.0], [2069.3, 1.0], [2069.2, 2659.0], [2069.15, 4000.0], [2069.1, 9792.0], [2069.05, 9000.0], [2069.0, 2912.0], [2068.95, 2909.0], [2068.8, 3000.0], [2068.75, 2931.0], [2068.7, 27482.0], [2068.65, 20545.0], [2068.6, 2941.0], [2068.45, 2963.0], [2068.4, 1342.0], [2068.35, 12030.0], [2068.3, 1481.0], [2068.25, 4963.0], [2068.2, 1117.0], [2068.1, 2967.0]], "asks": [[2069.55, 51020.0], [2069.75, 1.0], [2069.85, 3027.0], [2069.9, 10141.0], [2070.1, 2908.0], [2070.2, 1293.0], [2070.25, 2918.0], [2070.4, 778.0], [2070.5, 3138.0], [2070.55, 2916.0], [2070.6, 7597.0], [2070.7, 2947.0], [2070.75, 1097.0], [2070.8, 3676.0], [2070.85, 2948.0], [2070.9, 1269.0], [2070.95, 20016.0], [2071.0, 4226.0], [2071.05, 17791.0], [2071.1, 2372.0]]}}}
{"jsonrpc": "2.0", "method": "subscription", "params": {"channel": "book.ETH-PERPETUAL.none.20.100ms", "data": {"timestamp": 1772776725230, "change_id": 112196831688, "instrument_name": "ETH-PERPETUAL", "bids": [[2069.5, 20452.0], [2069.3, 1.0], [2069.2, 2659.0], [2069.15, 4000.0], [2069.1, 9792.0], [2069.05, 9000.0], [2069.0, 2912.0], [2068.95, 2909.0], [2068.8, 3000.0], [2068.75, 2931.0], [2068.7, 27482.0], [2068.65, 20545.0], [2068.6, 2941.0], [2068.45, 2963.0], [2068.4, 1342.0], [2068.35, 12030.0], [2068.3, 1481.0], [2068.25, 4963.0], [2068.2, 1117.0], [2068.1, 2967.0]], "asks": [[2069.55, 50728.0], [2069.75, 1.0], [2069.85, 3027.0], [2069.9, 10141.0], [2070.1, 2908.0], [2070.2, 1293.0], [2070.25, 2918.0], [2070.4, 778.0], [2070.5, 3138.0], [2070.55, 2916.0], [2070.6, 7597.0], [2070.7, 2947.0], [2070.75, 1097.0], [2070.8, 3676.0], [2070.85, 2948.0], [2070.9, 1269.0], [2070.95, 20016.0], [2071.0, 4226.0], [2071.05, 17791.0], [2071.1, 2372.0]]}}}
{"jsonrpc": "2.0", "method": "subscription", "params": {"channel": "book.ETH-PERPETUAL.none.20.100ms", "data": {"timestamp": 1772776725511, "change_id": 112196831896, "instrument_name": "ETH-PERPETUAL", "bids": [[2069.5, 20452.0], [2069.3, 1.0], [2069.2, 2659.0], [2069.15, 4000.0], [2069.1, 9792.0], [2069.05, 9000.0], [2069.0, 2912.0], [2068.95, 2909.0], [2068.8, 3000.0], [2068.75, 2931.0], [2068.7, 27482.0], [2068.65, 20545.0], [2068.6, 2941.0], [2068.45, 2963.0], [2068.4, 1342.0], [2068.35, 12030.0], [2068.3, 1481.0], [2068.25, 4963.0], [2068.2, 1117.0], [2068.1, 2967.0]], "asks": [[2069.55, 51202.0], [2069.75, 1.0], [2069.85, 3027.0], [2069.9, 9141.0], [2070.05, 1167.0], [2070.1, 3908.0], [2070.2, 1293.0], [2070.25, 2918.0], [2070.4, 778.0], [2070.5, 3138.0], [2070.55, 2916.0], [2070.6, 7597.0], [2070.7, 2947.0], [2070.75, 1097.0], [2070.8, 3676.0], [2070.85, 2948.0], [2070.9, 1269.0], [2070.95, 20016.0], [2071.0, 4226.0], [2071.05, 17791.0]]}}}
{"jsonrpc": "2.0", "method": "subscription", "params": {"channel": "book.ETH-PERPETUAL.none.20.100ms", "data": {"timestamp": 1772776725869, "change_id": 112196832558, "instrument_name": "ETH-PERPETUAL", "bids": [[2069.5, 20452.0], [2069.3, 1.0], [2069.2, 2659.0], [2069.15, 4000.0], [2069.1, 9792.0], [2069.05, 9000.0], [2069.0, 2912.0], [2068.95, 2909.0], [2068.8, 3000.0], [2068.75, 8900.0], [2068.7, 27482.0], [2068.65, 20545.0], [2068.6, 2941.0], [2068.45, 2963.0], [2068.4, 1342.0], [2068.35, 12030.0], [2068.3, 1481.0], [2068.25, 4963.0], [2068.2, 1117.0], [2068.1, 2967.0]], "asks": [[2069.55, 49769.0], [2069.75, 1.0], [2069.85, 3027.0], [2069.9, 9141.0], [2070.05, 1167.0], [2070.1, 3908.0], [2070.2, 1293.0], [2070.25, 2918.0], [2070.4, 778.0], [2070.5, 3138.0], [2070.55, 2916.0], [2070.6, 7597.0], [2070.7, 2947.0], [2070.75, 1097.0], [2070.8, 3676.0], [2070.85, 22964.0], [2070.9, 1269.0], [2071.0, 4226.0], [2071.05, 17791.0], [2071.1, 2372.0]]}}}
{"jsonrpc": "2.0", "method": "subscription", "params": {"channel": "book.ETH-PERPETUAL.none.20.100ms", "data": {"timestamp": 1772776726191, "change_id": 112196832609, "instrument_name": "ETH-PERPETUAL", "bids": [[2069.5, 16452.0], [2069.3, 1.0], [2069.2, 2659.0], [2069.15, 4000.0], [2069.1, 9792.0], [2069.05, 9000.0], [2069.0, 2912.0], [2068.95, 2909.0], [2068.8, 3000.0], [2068.75, 22927.0], [2068.7, 7486.0], [2068.65, 20545.0], [2068.6, 2941.0], [2068.45, 2963.0], [2068.4, 1342.0], [2068.35, 12030.0], [2068.3, 1481.0], [2068.25, 4963.0], [2068.2, 1117.0], [2068.1, 2967.0]], "asks": [[2069.55, 49769.0], [2069.75, 1.0], [2069.9, 9141.0], [2070.05, 1167.0], [2070.1, 3908.0], [2070.2, 1293.0], [2070.25, 2918.0], [2070.4, 778.0], [2070.5, 3138.0], [2070.55, 2916.0], [2070.6, 7597.0], [2070.7, 2947.0], [2070.75, 1097.0], [2070.8, 3676.0], [2070.85, 2948.0], [2070.9, 1269.0], [2070.95, 20016.0], [2071.0, 4226.0], [2071.05, 17791.0], [2071.1, 2372.0]]}}}
{"jsonrpc": "2.0", "method": "subscription", "params": {"channel": "book.ETH-PERPETUAL.none.20.100ms", "data": {"timestamp": 1772776726525, "change_id": 112196833316, "instrument_name": "ETH-PERPETUAL", "bids": [[2069.7, 16273.0], [2069.55, 1930.0], [2069.5, 6059.0], [2069.2, 2659.0], [2069.15, 6910.0], [2069.1, 12700.0], [2069.05, 9000.0], [2069.0, 3000.0], [2068.95, 2909.0], [2068.8, 19996.0], [2068.75, 2931.0], [2068.7, 7486.0], [2068.65, 20545.0], [2068.6, 3061.0], [2068.45, 2963.0], [2068.4, 1342.0], [2068.35, 12030.0], [2068.3, 1481.0], [2068.25, 4963.0], [2068.2, 11117.0]], "asks": [[2069.75, 50001.0], [2070.05, 1167.0], [2070.1, 3908.0], [2070.2, 3293.0], [2070.25, 2918.0], [2070.4, 778.0], [2070.55, 2916.0], [2070.7, 2947.0], [2070.75, 1097.0], [2070.8, 3676.0], [2070.85, 2948.0], [2070.9, 1269.0], [2070.95, 20016.0], [2071.0, 4226.0], [2071.05, 17791.0], [2071.1, 2372.0], [2071.15, 2948.0], [2071.2, 5000.0], [2071.3, 1508.0], [2071.35, 2948.0]]}}}
{"jsonrpc": "2.0", "method": "subscription", "params": {"channel": "book.ETH-PERPETUAL.none.20.100ms", "data": {"timestamp": 1772776726844, "change_id": 112196833970, "instrument_name": "ETH-PERPETUAL", "bids": [[2069.7, 16273.0], [2069.55, 1930.0], [2069.5, 6059.0], [2069.2, 2659.0], [2069.15, 6910.0], [2069.1, 12700.0], [2069.05, 9000.0], [2068.95, 2909.0], [2068.85, 3000.0], [2068.8, 19996.0], [2068.75, 2931.0], [2068.7, 7486.0], [2068.65, 20545.0], [2068.6, 3061.0], [2068.45, 2963.0], [2068.4, 1342.0], [2068.35, 12030.0], [2068.3, 1481.0], [2068.25, 4963.0], [2068.2, 11117.0]], "asks": [[2069.75, 52278.0], [2069.95, 1.0], [2070.05, 1167.0], [2070.1, 6693.0], [2070.15, 7141.0], [2070.2, 3293.0], [2070.25, 2918.0], [2070.4, 778.0], [2070.55, 2916.0], [2070.7, 2947.0], [2070.75, 1097.0], [2070.8, 3676.0], [2070.85, 10396.0], [2070.9, 7083.0], [2070.95, 20016.0], [2071.0, 4226.0], [2071.1, 20163.0], [2071.15, 2948.0], [2071.2, 5000.0], [2071.3, 1508.0]]}}}
{"jsonrpc": "2.0", "method": "subscription", "params": {"channel": "book.ETH-PERPETUAL.none.20.100ms", "data": {"timestamp": 1772776727212, "change_id": 112196834084, "instrument_name": "ETH-PERPETUAL", "bids": [[2069.7, 16485.0], [2069.55, 1930.0], [2069.5, 6058.0], [2069.2, 2659.0], [2069.15, 6910.0], [2069.1, 12700.0], [2069.05, 9000.0], [2068.95, 2909.0], [2068.85, 3000.0], [2068.75, 22927.0], [2068.7, 7486.0], [2068.65, 20545.0], [2068.6, 3061.0], [2068.45, 2963.0], [2068.4, 1342.0], [2068.35, 12030.0], [2068.3, 1481.0], [2068.25, 4963.0], [2068.2, 1117.0], [2068.15, 10000.0]], "asks": [[2069.75, 53981.0], [2069.95, 1001.0], [2070.1, 5693.0], [2070.15, 7141.0], [2070.2, 1293.0], [2070.25, 2918.0], [2070.4, 778.0], [2070.55, 2916.0], [2070.7, 2947.0], [2070.75, 1097.0], [2070.8, 3676.0], [2070.85, 10396.0], [2070.9, 7083.0], [2070.95, 20016.0], [2071.0, 4226.0], [2071.1, 20163.0], [2071.15, 2948.0], [2071.2, 5000.0], [2071.3, 1508.0], [2071.35, 2948.0]]}}}
{"jsonrpc": "2.0", "method": "subscription", "params": {"channel": "book.ETH-PERPETUAL.none.20.100ms", "data": {"timestamp": 1772776727540, "change_id": 112196834769, "instrument_name": "ETH-PERPETUAL", "bids": [[2069.7, 2165.0], [2069.5, 222.0], [2069.45, 232.0], [2069.35, 5000.0], [2069.2, 5342.0], [2069.15, 6910.0], [2069.1, 10637.0], [2069.05, 5000.0], [2068.95, 6545.0], [2068.75, 2931.0], [2068.7, 1475.0], [2068.65, 5774.0], [2068.6, 3061.0], [2068.5, 19996.0], [2068.45, 2963.0], [2068.4, 19113.0], [2068.35, 4463.0], [2068.3, 1481.0], [2068.25, 4963.0], [2068.2, 1117.0]], "asks": [[2069.75, 55772.0], [2069.85, 190.0], [2069.95, 1.0], [2070.1, 5693.0], [2070.15, 7141.0], [2070.2, 1103.0], [2070.25, 2918.0], [2070.4, 778.0], [2070.55, 2916.0], [2070.65, 20016.0], [2070.7, 2947.0], [2070.75, 1097.0], [2070.8, 21467.0], [2070.85, 10396.0], [2070.9, 1269.0], [2071.0, 4226.0], [2071.1, 5000.0], [2071.15, 2948.0], [2071.3, 1508.0], [2071.35, 2948.0]]}}}
{"jsonrpc": "2.0", "method": "subscription", "params": {"channel": "book.ETH-PERPETUAL.none.20.100ms", "data": {"timestamp": 1772776727868, "change_id": 112196835480, "instrument_name": "ETH-PERPETUAL", "bids": [[2069.7, 6165.0], [2069.55, 232.0], [2069.5, 222.0], [2069.35, 3000.0], [2069.2, 5342.0], [2069.15, 6910.0], [2069.1, 10637.0], [2069.05, 5000.0], [2069.0, 1954.0], [2068.95, 6545.0], [2068.8, 3000.0], [2068.75, 2931.0], [2068.7, 1475.0], [2068.65, 22770.0], [2068.6, 3061.0], [2068.55, 17771.0], [2068.45, 2963.0], [2068.4, 1342.0], [2068.35, 4463.0], [2068.3, 3587.0]], "asks": [[2069.75, 57278.0], [2069.95, 779.0], [2070.05, 190.0], [2070.1, 2908.0], [2070.2, 1103.0], [2070.25, 2918.0], [2070.55, 2916.0], [2070.7, 2947.0], [2070.75, 21113.0], [2070.8, 3676.0], [2070.85, 10396.0], [2070.9, 1269.0], [2070.95, 17791.0], [2071.0, 4226.0], [2071.1, 5000.0], [2071.15, 2948.0], [2071.3, 1508.0], [2071.35, 2948.0], [2071.4, 1386.0], [2071.45, 1700.0]]}}}
{"jsonrpc": "2.0", "method": "subscription", "params": {"channel": "book.ETH-PERPETUAL.none.20.100ms", "data": {"timestamp": 1772776728216, "change_id": 112196835684, "instrument_name": "ETH-PERPETUAL", "bids": [[2069.7, 10453.0], [2069.65, 232.0], [2069.5, 3222.0], [2069.2, 5342.0], [2069.15, 6910.0], [2069.1, 10637.0], [2069.05, 8000.0], [2069.0, 1954.0], [2068.95, 6545.0], [2068.8, 19996.0], [2068.75, 2931.0], [2068.7, 1475.0], [2068.65, 20545.0], [2068.6, 3061.0], [2068.45, 2963.0], [2068.4, 1342.0], [2068.35, 4463.0], [2068.3, 3587.0], [2068.25, 12650.0], [2068.2, 1117.0]], "asks": [[2069.75, 54281.0], [2069.95, 1001.0], [2070.0, 1522.0], [2070.05, 2190.0], [2070.1, 2908.0], [2070.2, 1103.0], [2070.25, 2918.0], [2070.55, 2916.0], [2070.7, 2947.0], [2070.75, 1097.0], [2070.8, 3676.0], [2070.85, 2948.0], [2070.9, 21285.0], [2071.0, 4226.0], [2071.05, 17791.0], [2071.1, 5000.0], [2071.15, 2948.0], [2071.3, 1508.0], [2071.35, 2948.0], [2071.4, 1386.0]]}}}
{"jsonrpc": "2.0", "method": "subscription", "params": {"channel": "book.ETH-PERPETUAL.none.20.100ms", "data": {"timestamp": 1772776728543, "change_id": 112196836202, "instrument_name": "ETH-PERPETUAL", "bids": [[2069.7, 13685.0], [2069.5, 222.0], [2069.3, 1409.0], [2069.25, 4000.0], [2069.2, 5342.0], [2069.15, 6910.0], [2069.1, 10637.0], [2069.05, 8000.0], [2069.0, 2728.0], [2068.95, 6545.0], [2068.8, 19996.0], [2068.75, 2931.0], [2068.7, 19246.0], [2068.65, 2000.0], [2068.6, 3061.0], [2068.45, 2963.0], [2068.4, 1342.0], [2068.35, 4463.0], [2068.3, 3587.0], [2068.25, 12650.0]], "asks": [[2069.75, 52497.0], [2069.95, 1001.0], [2070.0, 1522.0], [2070.05, 2000.0], [2070.1, 5040.0], [2070.15, 7141.0], [2070.2, 1103.0], [2070.25, 3108.0], [2070.5, 778.0], [2070.55, 2916.0], [2070.7, 2947.0], [2070.75, 1097.0], [2070.8, 11167.0], [2070.85, 2948.0], [2070.9, 1269.0], [2070.95, 20016.0], [2071.0, 4226.0], [2071.1, 17791.0], [2071.15, 2948.0], [2071.25, 5000.0]]}}}
{"jsonrpc": "2.0", "method": "subscription", "params": {"channel": "book.ETH-PERPETUAL.none.20.100ms", "data": {"timestamp": 1772776728852, "change_id": 112196836829, "instrument_name": "ETH-PERPETUAL", "bids": [[2069.7, 13685.0], [2069.5, 223.0], [2069.3, 1409.0], [2069.25, 4000.0], [2069.2, 5342.0], [2069.15, 6910.0], [2069.1, 10637.0], [2069.05, 8000.0], [2069.0, 2728.0], [2068.95, 6545.0], [2068.8, 12148.0], [2068.75, 22927.0], [2068.7, 19246.0], [2068.65, 2000.0], [2068.6, 3061.0], [2068.45, 2963.0], [2068.4, 1342.0], [2068.35, 4463.0], [2068.3, 3587.0], [2068.25, 12650.0]], "asks": [[2069.75, 53982.0], [2069.95, 1001.0], [2070.0, 1522.0], [2070.05, 2000.0], [2070.1, 5040.0], [2070.15, 7141.0], [2070.2, 1103.0], [2070.25, 3108.0], [2070.5, 778.0], [2070.55, 2916.0], [2070.7, 2947.0], [2070.75, 3193.0], [2070.8, 11167.0], [2070.85, 2948.0], [2070.9, 1269.0], [2070.95, 20016.0], [2071.0, 4226.0], [2071.1, 17791.0], [2071.15, 2948.0], [2071.25, 5000.0]]}}}
{"jsonrpc": "2.0", "method": "subscription", "params": {"channel": "book.ETH-PERPETUAL.none.20.100ms", "data": {"timestamp": 1772776729200, "change_id": 112196836920, "instrument_name": "ETH-PERPETUAL", "bids": [[2069.7, 13685.0], [2069.5, 223.0], [2069.3, 1409.0], [2069.25, 4000.0], [2069.2, 5342.0], [2069.15, 6910.0], [2069.1, 10637.0], [2069.05, 8000.0], [2069.0, 2728.0], [2068.95, 6545.0], [2068.8, 12148.0], [2068.75, 22927.0], [2068.7, 19246.0], [2068.65, 2000.0], [2068.6, 3061.0], [2068.45, 2963.0], [2068.4, 1342.0], [2068.35, 4463.0], [2068.3, 3587.0], [2068.25, 12650.0]], "asks": [[2069.75, 53904.0], [2069.95, 1001.0], [2070.0, 1522.0], [2070.05, 2000.0], [2070.1, 5040.0], [2070.15, 7331.0], [2070.2, 1103.0], [2070.25, 2918.0], [2070.5, 778.0], [2070.55, 2916.0], [2070.7, 2947.0], [2070.75, 3193.0], [2070.8, 11167.0], [2070.85, 2948.0], [2070.9, 1269.0], [2070.95, 20016.0], [2071.0, 4226.0], [2071.1, 17791.0], [2071.15, 2948.0], [2071.25, 5000.0]]}}}
{"jsonrpc": "2.0", "method": "subscription", "params": {"channel": "book.ETH-PERPETUAL.none.20.100ms", "data": {"timestamp": 1772776729540, "change_id": 112196837514, "instrument_name": "ETH-PERPETUAL", "bids": [[2069.7, 9974.0], [2069.5, 223.0], [2069.3, 1409.0], [2069.25, 4000.0], [2069.2, 5342.0], [2069.15, 6910.0], [2069.1, 10637.0], [2069.05, 8000.0], [2069.0, 2728.0], [2068.95, 6545.0], [2068.8, 19996.0], [2068.75, 2931.0], [2068.7, 19246.0], [2068.65, 2000.0], [2068.6, 2941.0], [2068.45, 2963.0], [2068.4, 1342.0], [2068.35, 4463.0], [2068.3, 3587.0], [2068.25, 12650.0]], "asks": [[2069.75, 52734.0], [2069.95, 1.0], [2070.0, 1522.0], [2070.05, 2000.0], [2070.1, 5040.0], [2070.15, 8141.0], [2070.2, 1103.0], [2070.25, 2918.0], [2070.3, 190.0], [2070.5, 778.0], [2070.55, 2916.0], [2070.7, 2947.0], [2070.75, 3193.0], [2070.8, 11167.0], [2070.85, 2948.0], [2070.9, 1269.0], [2070.95, 20016.0], [2071.0, 4226.0], [2071.1, 17791.0], [2071.15, 2948.0]]}}}
{"jsonrpc": "2.0", "method": "subscription", "params": {"channel": "book.ETH-PERPETUAL.none.20.100ms", "data": {"timestamp": 1772776729855, "change_id": 112196838182, "instrument_name": "ETH-PERPETUAL", "bids": [[2069.7, 4854.0], [2069.5, 1.0], [2069.45, 1493.0], [2069.4, 5000.0], [2069.3, 1409.0], [2069.25, 4000.0], [2069.2, 5342.0], [2069.15, 6910.0], [2069.1, 10637.0], [2069.05, 5000.0], [2069.0, 5728.0], [2068.95, 6545.0], [2068.8, 19996.0], [2068.75, 2931.0], [2068.7, 19246.0], [2068.65, 2000.0], [2068.6, 3061.0], [2068.45, 2963.0], [2068.4, 1342.0], [2068.35, 4463.0]], "asks": [[2069.75, 52767.0], [2069.95, 1.0], [2070.0, 1522.0], [2070.05, 2000.0], [2070.1, 5040.0], [2070.15, 8141.0], [2070.2, 1293.0], [2070.25, 2918.0], [2070.5, 778.0], [2070.55, 2916.0], [2070.7, 2947.0], [2070.75, 3193.0], [2070.8, 11167.0], [2070.85, 2948.0], [2070.9, 7083.0], [2070.95, 20016.0], [2071.0, 4226.0], [2071.15, 2948.0], [2071.2, 17791.0], [2071.25, 5000.0]]}}}
{"jsonrpc": "2.0", "method": "subscription", "params": {"channel": "book.ETH-PERPETUAL.none.20.100ms", "data": {"timestamp": 1772776730193, "change_id": 112196838294, "instrument_name": "ETH-PERPETUAL", "bids": [[2069.7, 9854.0], [2069.5, 1.0], [2069.3, 1409.0], [2069.25, 4000.0], [2069.2, 5342.0], [2069.15, 6910.0], [2069.1, 10637.0], [2069.05, 5000.0], [2069.0, 2728.0], [2068.95, 6545.0], [2068.85, 3000.0], [2068.8, 19996.0], [2068.75, 2931.0], [2068.7, 19246.0], [2068.65, 2000.0], [2068.6, 3061.0], [2068.45, 2963.0], [2068.4, 1342.0], [2068.35, 4463.0], [2068.3, 3587.0]], "asks": [[2069.75, 51303.0], [2069.95, 1.0], [2070.0, 2522.0], [2070.05, 2000.0], [2070.1, 5040.0], [2070.15, 7141.0], [2070.2, 1293.0], [2070.25, 2918.0], [2070.5, 778.0], [2070.55, 2916.0], [2070.7, 2947.0], [2070.75, 3193.0], [2070.8, 11167.0], [2070.85, 2948.0], [2070.9, 7083.0], [2070.95, 20016.0], [2071.0, 4226.0], [2071.15, 2948.0], [2071.2, 17791.0], [2071.25, 5000.0]]}}}
{"jsonrpc": "2.0", "method": "subscription", "params": {"channel": "book.ETH-PERPETUAL.none.20.100ms", "data": {"timestamp": 1772776730525, "change_id": 112196838795, "instrument_name": "ETH-PERPETUAL", "bids": [[2069.7, 13854.0], [2069.5, 1.0], [2069.3, 1409.0], [2069.25, 4000.0], [2069.2, 5342.0], [2069.15, 6910.0], [2069.1, 10637.0], [2069.05, 8000.0], [2069.0, 2728.0], [2068.95, 6545.0], [2068.8, 19996.0], [2068.75, 2931.0], [2068.7, 19246.0], [2068.65, 2000.0], [2068.6, 3061.0], [2068.45, 2963.0], [2068.4, 1342.0], [2068.35, 4463.0], [2068.3, 3587.0], [2068.25, 12650.0]], "asks": [[2069.75, 53063.0], [2069.95, 1.0], [2070.0, 2522.0], [2070.05, 2000.0], [2070.1, 5040.0], [2070.15, 7141.0], [2070.2, 1293.0], [2070.25, 2918.0], [2070.5, 778.0], [2070.55, 2916.0], [2070.7, 2947.0], [2070.75, 3193.0], [2070.8, 11167.0], [2070.85, 2948.0], [2070.9, 1269.0], [2070.95, 20016.0], [2071.0, 4226.0], [2071.15, 2948.0], [2071.2, 17791.0], [2071.25, 5000.0]]}}}
{"jsonrpc": "2.0", "method": "subscription", "params": {"channel": "book.ETH-PERPETUAL.none.20.100ms", "data": {"timestamp": 1772776730851, "change_id": 112196839455, "instrument_name": "ETH-PERPETUAL", "bids": [[2069.7, 13566.0], [2069.5, 1.0], [2069.3, 1409.0], [2069.25, 4000.0], [2069.2, 5342.0], [2069.15, 6910.0], [2069.1, 10637.0], [2069.05, 5000.0], [2069.0, 2728.0], [2068.95, 6545.0], [2068.9, 3000.0], [2068.75, 2931.0], [2068.7, 21471.0], [2068.65, 19771.0], [2068.6, 3061.0], [2068.45, 2963.0], [2068.4, 1342.0], [2068.35, 4463.0], [2068.3, 1481.0], [2068.25, 4963.0]], "asks": [[2069.75, 53372.0], [2069.95, 1.0], [2070.0, 2522.0], [2070.05, 2000.0], [2070.1, 5230.0], [2070.15, 7141.0], [2070.2, 1103.0], [2070.25, 2918.0], [2070.5, 778.0], [2070.55, 2916.0], [2070.7, 2947.0], [2070.75, 3193.0], [2070.8, 11167.0], [2070.85, 22964.0], [2070.9, 1269.0], [2071.0, 4226.0], [2071.15, 2948.0], [2071.2, 17791.0], [2071.25, 5000.0], [2071.3, 1508.0]]}}}
{"jsonrpc": "2.0", "method": "subscription", "params": {"channel": "book.ETH-PERPETUAL.none.20.100ms", "data": {"timestamp": 1772776731165, "change_id": 112196839552, "instrument_name": "ETH-PERPETUAL", "bids": [[2069.7, 13566.0], [2069.5, 1.0], [2069.3, 1409.0], [2069.25, 4000.0], [2069.2, 5342.0], [2069.15, 6910.0], [2069.1, 10637.0], [2069.05, 5000.0], [2069.0, 1954.0], [2068.95, 6545.0], [2068.8, 3000.0], [2068.75, 2931.0], [2068.7, 1475.0], [2068.65, 2000.0], [2068.6, 3061.0], [2068.55, 19996.0], [2068.5, 17771.0], [2068.45, 2963.0], [2068.4, 8964.0], [2068.35, 4463.0]], "asks": [[2069.75, 55810.0], [2069.95, 1.0], [2070.0, 1000.0], [2070.1, 5230.0], [2070.15, 7141.0], [2070.2, 1103.0], [2070.25, 2918.0], [2070.5, 778.0], [2070.55, 2916.0], [2070.7, 2947.0], [2070.75, 23209.0], [2070.8, 3676.0], [2070.85, 2948.0], [2070.9, 1269.0], [2070.95, 17791.0], [2071.0, 4226.0], [2071.15, 2948.0], [2071.25, 5000.0], [2071.3, 1508.0], [2071.35, 2948.0]]}}}
{"jsonrpc": "2.0", "method": "subscription", "params": {"channel": "book.ETH-PERPETUAL.none.20.100ms", "data": {"timestamp": 1772776731484, "change_id": 112196839879, "instrument_name": "ETH-PERPETUAL", "bids": [[2069.7, 10566.0], [2069.5, 3001.0], [2069.3, 1409.0], [2069.25, 4000.0], [2069.2, 5342.0], [2069.15, 6910.0], [2069.1, 10637.0], [2069.05, 5000.0], [2069.0, 1954.0], [2068.95, 6545.0], [2068.8, 3000.0], [2068.75, 2931.0], [2068.7, 2249.0], [2068.65, 2000.0], [2068.6, 3061.0], [2068.55, 19996.0], [2068.5, 17771.0], [2068.45, 2963.0], [2068.4, 8964.0], [2068.35, 4463.0]], "asks": [[2069.75, 56637.0], [2069.95, 1.0], [2070.0, 1000.0], [2070.1, 5230.0], [2070.15, 7141.0], [2070.2, 1103.0], [2070.25, 2918.0], [2070.5, 778.0], [2070.55, 2916.0], [2070.7, 2947.0], [2070.75, 21113.0], [2070.8, 3676.0], [2070.85, 2948.0], [2070.9, 1269.0], [2070.95, 17791.0], [2071.0, 4226.0], [2071.15, 2948.0], [2071.25, 5000.0], [2071.3, 1508.0], [2071.35, 2948.0]]}}}
{"jsonrpc": "2.0", "method": "subscription", "params": {"channel": "book.ETH-PERPETUAL.none.20.100ms", "data": {"timestamp": 1772776731849, "change_id": 112196840620, "instrument_name": "ETH-PERPETUAL", "bids": [[2069.7, 14747.0], [2069.5, 1.0], [2069.3, 1409.0], [2069.25, 4000.0], [2069.2, 5342.0], [2069.15, 6910.0], [2069.1, 10637.0], [2069.05, 5000.0], [2069.0, 1954.0], [2068.95, 6545.0], [2068.85, 3000.0], [2068.8, 1106.0], [2068.75, 2931.0], [2068.7, 2249.0], [2068.65, 21996.0], [2068.6, 3061.0], [2068.5, 17771.0], [2068.45, 2963.0], [2068.4, 8964.0], [2068.35, 4463.0]], "asks": [[2069.75, 54374.0], [2069.95, 1.0], [2070.0, 1000.0], [2070.1, 5230.0], [2070.15, 7141.0], [2070.2, 1103.0], [2070.25, 2918.0], [2070.5, 778.0], [2070.55, 2916.0], [2070.7, 10019.0], [2070.8, 23692.0], [2070.85, 2948.0], [2070.9, 1269.0], [2070.95, 17791.0], [2071.0, 4226.0], [2071.15, 2948.0], [2071.25, 5000.0], [2071.3, 1508.0], [2071.35, 2948.0], [2071.4, 1386.0]]}}}
{"jsonrpc": "2.0", "method": "subscription", "params": {"channel": "book.ETH-PERPETUAL.none.20.100ms", "data": {"timestamp": 1772776732168, "change_id": 112196840714, "instrument_name": "ETH-PERPETUAL", "bids": [[2069.7, 9515.0], [2069.55, 232.0], [2069.5, 3000.0], [2069.3, 1409.0], [2069.25, 4000.0], [2069.2, 5342.0], [2069.15, 6910.0], [2069.1, 10637.0], [2069.05, 5000.0], [2069.0, 1954.0], [2068.95, 6545.0], [2068.8, 4106.0], [2068.75, 2931.0], [2068.7, 2249.0], [2068.65, 2000.0], [2068.6, 3061.0], [2068.55, 19996.0], [2068.5, 17771.0], [2068.45, 2963.0], [2068.4, 1342.0]], "asks": [[2069.75, 57205.0], [2069.95, 191.0], [2070.1, 5040.0], [2070.15, 7141.0], [2070.2, 1103.0], [2070.25, 2918.0], [2070.55, 2916.0], [2070.6, 7579.0], [2070.7, 10019.0], [2070.75, 20016.0], [2070.8, 3676.0], [2070.85, 2948.0], [2070.9, 1269.0], [2070.95, 17791.0], [2071.0, 4226.0], [2071.15, 2948.0], [2071.25, 5000.0], [2071.3, 7269.0], [2071.35, 19300.0], [2071.4, 1386.0]]}}}
{"jsonrpc": "2.0", "method": "subscription", "params": {"channel": "book.ETH-PERPETUAL.none.20.100ms", "data": {"timestamp": 1772776732497, "change_id": 112196841061, "instrument_name": "ETH-PERPETUAL", "bids": [[2069.7, 7515.0], [2069.55, 232.0], [2069.5, 3000.0], [2069.3, 1409.0], [2069.25, 4000.0], [2069.2, 5342.0], [2069.15, 6910.0], [2069.1, 10637.0], [2069.05, 5000.0], [2069.0, 1954.0], [2068.95, 6545.0], [2068.85, 3000.0], [2068.8, 1106.0], [2068.75, 2931.0], [2068.7, 2249.0], [2068.65, 2000.0], [2068.6, 3061.0], [2068.55, 19996.0], [2068.5, 17771.0], [2068.45, 2963.0]], "asks": [[2069.75, 56094.0], [2069.95, 1191.0], [2070.1, 5040.0], [2070.15, 7919.0], [2070.2, 1103.0], [2070.25, 2918.0], [2070.55, 2916.0], [2070.6, 7579.0], [2070.7, 2947.0], [2070.75, 20016.0], [2070.8, 3676.0], [2070.85, 2948.0], [2070.9, 1269.0], [2070.95, 17791.0], [2071.0, 4226.0], [2071.15, 2948.0], [2071.25, 5000.0], [2071.3, 7269.0], [2071.35, 19300.0], [2071.4, 1386.0]]}}}
{"jsonrpc": "2.0", "method": "subscription", "params": {"channel": "book.ETH-PERPETUAL.none.20.100ms", "data": {"timestamp": 1772776732846, "change_id": 112196841855, "instrument_name": "ETH-PERPETUAL", "bids": [[2069.7, 3747.0], [2069.5, 3000.0], [2069.4, 2000.0], [2069.3, 1409.0], [2069.25, 4000.0], [2069.2, 5342.0], [2069.15, 6910.0], [2069.1, 10637.0], [2069.05, 5000.0], [2069.0, 1954.0], [2068.95, 6545.0], [2068.85, 3000.0], [2068.8, 1106.0], [2068.75, 2931.0], [2068.7, 2249.0], [2068.65, 2000.0], [2068.6, 14334.0], [2068.5, 19996.0], [2068.45, 2963.0], [2068.4, 19113.0]], "asks": [[2069.75, 56972.0], [2069.95, 191.0], [2070.1, 5040.0], [2070.15, 7919.0], [2070.2, 1103.0], [2070.25, 2918.0], [2070.55, 2916.0], [2070.6, 7579.0], [2070.65, 20016.0], [2070.7, 10019.0], [2070.8, 21467.0], [2070.85, 2948.0], [2070.9, 1269.0], [2071.0, 4226.0], [2071.15, 2948.0], [2071.25, 5000.0], [2071.3, 7269.0], [2071.35, 19300.0], [2071.4, 1386.0], [2071.45, 1700.0]]}}}
{"jsonrpc": "2.0", "method": "subscription", "params": {"channel": "book.ETH-PERPETUAL.none.20.100ms", "data": {"timestamp": 1772776733161, "change_id": 112196841937, "instrument_name": "ETH-PERPETUAL", "bids": [[2069.7, 11847.0], [2069.5, 3000.0], [2069.3, 1409.0], [2069.25, 4000.0], [2069.2, 5342.0], [2069.15, 6910.0], [2069.1, 10637.0], [2069.05, 5000.0], [2069.0, 1954.0], [2068.95, 6545.0], [2068.85, 3000.0], [2068.8, 1106.0], [2068.75, 2931.0], [2068.7, 2249.0], [2068.65, 2000.0], [2068.6, 23057.0], [2068.5, 17771.0], [2068.45, 2963.0], [2068.4, 8982.0], [2068.35, 4463.0]], "asks": [[2069.75, 56720.0], [2069.95, 191.0], [2070.1, 2908.0], [2070.15, 778.0], [2070.2, 1103.0], [2070.25, 2918.0], [2070.55, 2916.0], [2070.6, 7579.0], [2070.7, 2947.0], [2070.75, 20016.0], [2070.8, 3676.0], [2070.85, 2948.0], [2070.9, 1269.0], [2070.95, 17791.0], [2071.0, 4226.0], [2071.15, 2948.0], [2071.25, 5000.0], [2071.3, 7269.0], [2071.35, 19300.0], [2071.4, 1386.0]]}}}
{"jsonrpc": "2.0", "method": "subscription", "params": {"channel": "book.ETH-PERPETUAL.none.20.100ms", "data": {"timestamp": 1772776733504, "change_id": 112196842283, "instrument_name": "ETH-PERPETUAL", "bids": [[2069.7, 11847.0], [2069.5, 3000.0], [2069.3, 1409.0], [2069.25, 4000.0], [2069.2, 5342.0], [2069.15, 6910.0], [2069.1, 10637.0], [2069.05, 5000.0], [2069.0, 1954.0], [2068.95, 6545.0], [2068.85, 3000.0], [2068.8, 1106.0], [2068.75, 2931.0], [2068.7, 2249.0], [2068.65, 2000.0], [2068.6, 3061.0], [2068.55, 19996.0], [2068.5, 17771.0], [2068.45, 2963.0], [2068.4, 8982.0]], "asks": [[2069.75, 56226.0], [2069.85, 2132.0], [2069.9, 7141.0], [2069.95, 191.0], [2070.1, 2908.0], [2070.15, 778.0], [2070.2, 1103.0], [2070.25, 2918.0], [2070.55, 2916.0], [2070.6, 7579.0], [2070.7, 22963.0], [2070.8, 3676.0], [2070.85, 2948.0], [2070.9, 1269.0], [2070.95, 17791.0], [2071.0, 4226.0], [2071.15, 2948.0], [2071.25, 5000.0], [2071.3, 7269.0], [2071.35, 19300.0]]}}}
{"jsonrpc": "2.0", "method": "subscription", "params": {"channel": "book.ETH-PERPETUAL.none.20.100ms", "data": {"timestamp": 1772776733834, "change_id": 112196842940, "instrument_name": "ETH-PERPETUAL", "bids": [[2069.7, 11847.0], [2069.5, 3000.0], [2069.3, 1409.0], [2069.25, 4000.0], [2069.2, 5342.0], [2069.15, 6910.0], [2069.1, 10637.0], [2069.05, 5000.0], [2069.0, 1954.0], [2068.95, 6545.0], [2068.85, 3000.0], [2068.8, 1106.0], [2068.75, 2931.0], [2068.7, 2249.0], [2068.65, 2000.0], [2068.6, 14334.0], [2068.55, 19996.0], [2068.5, 17771.0], [2068.45, 2963.0], [2068.4, 8982.0]], "asks": [[2069.75, 56562.0], [2069.85, 2132.0], [2069.9, 7141.0], [2069.95, 191.0], [2070.1, 2908.0], [2070.15, 778.0], [2070.2, 1103.0], [2070.25, 2918.0], [2070.55, 2916.0], [2070.6, 7579.0], [2070.65, 20016.0], [2070.7, 2947.0], [2070.8, 3676.0], [2070.85, 2948.0], [2070.9, 1269.0], [2070.95, 17791.0], [2071.0, 4226.0], [2071.15, 2948.0], [2071.25, 5000.0], [2071.3, 7269.0]]}}}
{"jsonrpc": "2.0", "method": "subscription", "params": {"channel": "book.ETH-PERPETUAL.none.20.100ms", "data": {"timestamp": 1772776734127, "change_id": 112196843058, "instrument_name": "ETH-PERPETUAL", "bids": [[2069.7, 11635.0], [2069.5, 3001.0], [2069.3, 1409.0], [2069.25, 4000.0], [2069.2, 5342.0], [2069.15, 6910.0], [2069.1, 10637.0], [2069.05, 5000.0], [2069.0, 1954.0], [2068.95, 6545.0], [2068.85, 3000.0], [2068.8, 1106.0], [2068.75, 2931.0], [2068.7, 2249.0], [2068.65, 2000.0], [2068.6, 14334.0], [2068.55, 19996.0], [2068.5, 17771.0], [2068.45, 2963.0], [2068.4, 8982.0]], "asks": [[2069.75, 56331.0], [2069.85, 2132.0], [2069.9, 7141.0], [2069.95, 191.0], [2070.1, 2908.0], [2070.15, 778.0], [2070.2, 1103.0], [2070.25, 2918.0], [2070.55, 2916.0], [2070.6, 7579.0], [2070.7, 2947.0], [2070.75, 20016.0], [2070.8, 3676.0], [2070.85, 2948.0], [2070.9, 1269.0], [2070.95, 17791.0], [2071.0, 4226.0], [2071.15, 2948.0], [2071.25, 5000.0], [2071.3, 7269.0]]}}}
{"jsonrpc": "2.0", "method": "subscription", "params": {"channel": "book.ETH-PERPETUAL.none.20.100ms", "data": {"timestamp": 1772776734497, "change_id": 112196843396, "instrument_name": "ETH-PERPETUAL", "bids": [[2069.7, 11635.0], [2069.5, 3001.0], [2069.3, 1409.0], [2069.25, 4000.0], [2069.2, 5342.0], [2069.15, 6910.0], [2069.1, 10637.0], [2069.05, 5000.0], [2069.0, 1954.0], [2068.95, 6545.0], [2068.85, 3000.0], [2068.8, 1106.0], [2068.75, 2931.0], [2068.7, 2249.0], [2068.65, 2000.0], [2068.6, 14334.0], [2068.55, 19996.0], [2068.5, 17771.0], [2068.45, 2963.0], [2068.4, 8982.0]], "asks": [[2069.75, 5308.0], [2069.85, 2132.0], [2069.9, 7141.0], [2069.95, 191.0], [2070.1, 2908.0], [2070.15, 778.0], [2070.2, 1103.0], [2070.25, 2918.0], [2070.55, 2916.0], [2070.6, 7579.0], [2070.7, 2947.0], [2070.75, 20016.0], [2070.8, 3676.0], [2070.85, 2948.0], [2070.9, 1269.0], [2070.95, 17791.0], [2071.0, 4226.0], [2071.15, 2948.0], [2071.25, 5000.0], [2071.3, 7269.0]]}}}
{"jsonrpc": "2.0", "method": "subscription", "params": {"channel": "book.ETH-PERPETUAL.none.20.100ms", "data": {"timestamp": 1772776734826, "change_id": 112196844093, "instrument_name": "ETH-PERPETUAL", "bids": [[2069.7, 11635.0], [2069.5, 3001.0], [2069.3, 1409.0], [2069.25, 4000.0], [2069.2, 5342.0], [2069.15, 6910.0], [2069.1, 10637.0], [2069.05, 5000.0], [2069.0, 1954.0], [2068.95, 6545.0], [2068.85, 3000.0], [2068.8, 1106.0], [2068.75, 2931.0], [2068.7, 2249.0], [2068.65, 2000.0], [2068.6, 3061.0], [2068.55, 19996.0], [2068.5, 20939.0], [2068.45, 2963.0], [2068.4, 8982.0]], "asks": [[2069.75, 6043.0], [2069.85, 2132.0], [2069.9, 7141.0], [2069.95, 191.0], [2070.1, 2908.0], [2070.15, 778.0], [2070.2, 1103.0], [2070.25, 2918.0], [2070.55, 2916.0], [2070.6, 7579.0], [2070.7, 10019.0], [2070.75, 20016.0], [2070.8, 3676.0], [2070.85, 2948.0], [2070.9, 1269.0], [2070.95, 17791.0], [2071.0, 4226.0], [2071.15, 2948.0], [2071.25, 5000.0], [2071.3, 7269.0]]}}}
{"jsonrpc": "2.0", "method": "subscription", "params": {"channel": "book.ETH-PERPETUAL.none.20.100ms", "data": {"timestamp": 1772776735133, "change_id": 112196844184, "instrument_name": "ETH-PERPETUAL", "bids": [[2069.7, 11635.0], [2069.5, 3001.0], [2069.3, 1409.0], [2069.25, 4000.0], [2069.2, 5342.0], [2069.15, 6910.0], [2069.1, 10637.0], [2069.05, 5000.0], [2069.0, 1954.0], [2068.95, 6545.0], [2068.85, 3000.0], [2068.8, 1106.0], [2068.75, 2931.0], [2068.7, 2249.0], [2068.65, 2000.0], [2068.6, 3061.0], [2068.55, 19996.0], [2068.5, 20939.0], [2068.45, 2963.0], [2068.4, 8982.0]], "asks": [[2069.75, 6388.0], [2069.85, 2132.0], [2069.9, 7141.0], [2069.95, 191.0], [2070.1, 2908.0], [2070.15, 2002.0], [2070.2, 5203.0], [2070.25, 2918.0], [2070.55, 2916.0], [2070.6, 7579.0], [2070.7, 10019.0], [2070.75, 20016.0], [2070.8, 3676.0], [2070.85, 2948.0], [2070.9, 1269.0], [2070.95, 17791.0], [2071.0, 4226.0], [2071.15, 2948.0], [2071.25, 5000.0], [2071.3, 7269.0]]}}}
{"jsonrpc": "2.0", "method": "subscription", "params": {"channel": "book.ETH-PERPETUAL.none.20.100ms", "data": {"timestamp": 1772776735427, "change_id": 112196844447, "instrument_name": "ETH-PERPETUAL", "bids": [[2069.7, 11635.0], [2069.5, 3001.0], [2069.3, 1409.0], [2069.25, 4000.0], [2069.2, 5342.0], [2069.15, 6910.0], [2069.1, 10637.0], [2069.05, 5000.0], [2069.0, 1954.0], [2068.95, 6545.0], [2068.85, 3000.0], [2068.8, 1106.0], [2068.75, 2931.0], [2068.7, 2249.0], [2068.65, 2000.0], [2068.6, 3061.0], [2068.55, 19996.0], [2068.5, 20939.0], [2068.45, 2963.0], [2068.4, 8982.0]], "asks": [[2069.75, 6390.0], [2069.85, 2132.0], [2069.9, 7141.0], [2069.95, 191.0], [2070.1, 2908.0], [2070.15, 2002.0], [2070.2, 5203.0], [2070.25, 2918.0], [2070.55, 2916.0], [2070.6, 7579.0], [2070.7, 2947.0], [2070.75, 20016.0], [2070.8, 3676.0], [2070.85, 2948.0], [2070.9, 1269.0], [2070.95, 17791.0], [2071.0, 4226.0], [2071.15, 2948.0], [2071.25, 5000.0], [2071.3, 7269.0]]}}}
{"jsonrpc": "2.0", "method": "subscription", "params": {"channel": "book.ETH-PERPETUAL.none.20.100ms", "data": {"timestamp": 1772776735782, "change_id": 112196844944, "instrument_name": "ETH-PERPETUAL", "bids": [[2069.7, 11635.0], [2069.5, 3001.0], [2069.3, 1409.0], [2069.25, 4000.0], [2069.2, 5342.0], [2069.15, 6910.0], [2069.1, 10637.0], [2069.05, 5000.0], [2069.0, 1954.0], [2068.95, 6545.0], [2068.85, 3000.0], [2068.8, 1106.0], [2068.75, 2931.0], [2068.7, 2249.0], [2068.65, 2000.0], [2068.6, 14334.0], [2068.55, 19996.0], [2068.5, 20939.0], [2068.45, 2963.0], [2068.4, 8982.0]], "asks": [[2069.75, 6659.0], [2069.85, 2132.0], [2069.9, 7141.0], [2069.95, 191.0], [2070.1, 2908.0], [2070.15, 2002.0], [2070.2, 5203.0], [2070.25, 2918.0], [2070.55, 2916.0], [2070.6, 7579.0], [2070.7, 10019.0], [2070.75, 20016.0], [2070.8, 3676.0], [2070.85, 2948.0], [2070.9, 1269.0], [2070.95, 17791.0], [2071.0, 4226.0], [2071.15, 2948.0], [2071.25, 5000.0], [2071.3, 7269.0]]}}}
{"jsonrpc": "2.0", "method": "subscription", "params": {"channel": "book.ETH-PERPETUAL.none.20.100ms", "data": {"timestamp": 1772776736131, "change_id": 112196845199, "instrument_name": "ETH-PERPETUAL", "bids": [[2069.7, 11825.0], [2069.5, 3001.0], [2069.3, 1409.0], [2069.25, 4000.0], [2069.2, 5342.0], [2069.15, 6910.0], [2069.1, 10637.0], [2069.05, 5000.0], [2069.0, 1954.0], [2068.95, 6545.0], [2068.85, 3000.0], [2068.8, 1106.0], [2068.75, 2931.0], [2068.7, 2249.0], [2068.65, 2000.0], [2068.6, 14334.0], [2068.55, 19996.0], [2068.5, 20939.0], [2068.45, 2963.0], [2068.4, 8982.0]], "asks": [[2069.75, 6556.0], [2069.85, 2132.0], [2069.9, 7141.0], [2069.95, 191.0], [2070.1, 2908.0], [2070.15, 2002.0], [2070.2, 5203.0], [2070.25, 2918.0], [2070.55, 2916.0], [2070.6, 7579.0], [2070.7, 10019.0], [2070.75, 20016.0], [2070.8, 3676.0], [2070.85, 2948.0], [2070.9, 1269.0], [2070.95, 17791.0], [2071.0, 4226.0], [2071.15, 2948.0], [2071.25, 5000.0], [2071.3, 7269.0]]}}}
{"jsonrpc": "2.0", "method": "subscription", "params": {"channel": "book.ETH-PERPETUAL.none.20.100ms", "data": {"timestamp": 1772776736468, "change_id": 112196845530, "instrument_name": "ETH-PERPETUAL", "bids": [[2069.7, 10725.0], [2069.5, 1.0], [2069.3, 1409.0], [2069.25, 4000.0], [2069.2, 5342.0], [2069.15, 6910.0], [2069.1, 10637.0], [2069.05, 8000.0], [2069.0, 1954.0], [2068.95, 6545.0], [2068.8, 1106.0], [2068.75, 2931.0], [2068.7, 21471.0], [2068.65, 19771.0], [2068.6, 3061.0], [2068.5, 3168.0], [2068.45, 2963.0], [2068.4, 8982.0], [2068.35, 4463.0], [2068.3, 1481.0]], "asks": [[2069.75, 3040.0], [2069.85, 2132.0], [2069.9, 7141.0], [2069.95, 1001.0], [2070.0, 1522.0], [2070.05, 2000.0], [2070.1, 3098.0], [2070.15, 1224.0], [2070.2, 5203.0], [2070.25, 2918.0], [2070.55, 2916.0], [2070.6, 7579.0], [2070.7, 2947.0], [2070.8, 3676.0], [2070.85, 2948.0], [2070.9, 21285.0], [2071.0, 4226.0], [2071.1, 17791.0], [2071.15, 2948.0], [2071.25, 5000.0]]}}}
{"jsonrpc": "2.0", "method": "subscription", "params": {"channel": "book.ETH-PERPETUAL.none.20.100ms", "data": {"timestamp": 1772776736807, "change_id": 112196846224, "instrument_name": "ETH-PERPETUAL", "bids": [[2069.7, 10556.0], [2069.5, 1.0], [2069.3, 1409.0], [2069.25, 4000.0], [2069.2, 5342.0], [2069.15, 6910.0], [2069.1, 10637.0], [2069.05, 5774.0], [2069.0, 4954.0], [2068.95, 6545.0], [2068.8, 6702.0], [2068.75, 2931.0], [2068.7, 21471.0], [2068.65, 19771.0], [2068.6, 3061.0], [2068.5, 3168.0], [2068.45, 2963.0], [2068.4, 8982.0], [2068.35, 4463.0], [2068.3, 1481.0]], "asks": [[2069.75, 3602.0], [2069.85, 2132.0], [2069.9, 7141.0], [2069.95, 1001.0], [2070.0, 1522.0], [2070.05, 2000.0], [2070.1, 3098.0], [2070.15, 1224.0], [2070.2, 5203.0], [2070.25, 2918.0], [2070.5, 3133.0], [2070.55, 2916.0], [2070.6, 7579.0], [2070.7, 3725.0], [2070.8, 3676.0], [2070.85, 2948.0], [2070.9, 1269.0], [2070.95, 20016.0], [2071.0, 4226.0], [2071.1, 17791.0]]}}}
{"jsonrpc": "2.0", "method": "subscription", "params": {"channel": "book.ETH-PERPETUAL.none.20.100ms", "data": {"timestamp": 1772776737142, "change_id": 112196846352, "instrument_name": "ETH-PERPETUAL", "bids": [[2069.7, 10556.0], [2069.5, 1.0], [2069.3, 1409.0], [2069.25, 4000.0], [2069.2, 5342.0], [2069.15, 6910.0], [2069.1, 10637.0], [2069.05, 5774.0], [2069.0, 4954.0], [2068.95, 6545.0], [2068.8, 6702.0], [2068.75, 2931.0], [2068.7, 21471.0], [2068.65, 19771.0], [2068.6, 3061.0], [2068.5, 3168.0], [2068.45, 2963.0], [2068.4, 8982.0], [2068.35, 4463.0], [2068.3, 1481.0]], "asks": [[2069.75, 3806.0], [2069.85, 2132.0], [2069.9, 7141.0], [2069.95, 1001.0], [2070.0, 1522.0], [2070.05, 2000.0], [2070.1, 3098.0], [2070.15, 1224.0], [2070.2, 5203.0], [2070.25, 2918.0], [2070.5, 3133.0], [2070.55, 2916.0], [2070.6, 7579.0], [2070.7, 3725.0], [2070.8, 3676.0], [2070.85, 2948.0], [2070.9, 1269.0], [2070.95, 20016.0], [2071.0, 4226.0], [2071.1, 17791.0]]}}}
{"jsonrpc": "2.0", "method": "subscription", "params": {"channel": "book.ETH-PERPETUAL.none.20.100ms", "data": {"timestamp": 1772776737435, "change_id": 112196846641, "instrument_name": "ETH-PERPETUAL", "bids": [[2069.7, 14656.0], [2069.5, 1.0], [2069.3, 1409.0], [2069.25, 4000.0], [2069.2, 5342.0], [2069.15, 6910.0], [2069.1, 10637.0], [2069.05, 5774.0], [2069.0, 4954.0], [2068.95, 6545.0], [2068.8, 6702.0], [2068.75, 2931.0], [2068.7, 21471.0], [2068.65, 19771.0], [2068.6, 3061.0], [2068.5, 3168.0], [2068.45, 2963.0], [2068.4, 8982.0], [2068.35, 4463.0], [2068.3, 1481.0]], "asks": [[2069.75, 3567.0], [2069.85, 2132.0], [2069.9, 7141.0], [2069.95, 1001.0], [2070.0, 1522.0], [2070.05, 2000.0], [2070.1, 3098.0], [2070.15, 1224.0], [2070.2, 5203.0], [2070.25, 2918.0], [2070.5, 3133.0], [2070.55, 2916.0], [2070.6, 7579.0], [2070.7, 3725.0], [2070.8, 3676.0], [2070.85, 2948.0], [2070.9, 1269.0], [2070.95, 20016.0], [2071.0, 4226.0], [2071.1, 17791.0]]}}}
{"jsonrpc": "2.0", "method": "subscription", "params": {"channel": "book.ETH-PERPETUAL.none.20.100ms", "data": {"timestamp": 1772776737798, "change_id": 112196847603, "instrument_name": "ETH-PERPETUAL", "bids": [[2069.7, 14944.0], [2069.55, 2000.0], [2069.5, 1.0], [2069.3, 1409.0], [2069.25, 4000.0], [2069.2, 5342.0], [2069.15, 6910.0], [2069.1, 10637.0], [2069.05, 8774.0], [2069.0, 1954.0], [2068.95, 6545.0], [2068.8, 6702.0], [2068.75, 2931.0], [2068.7, 21471.0], [2068.65, 19771.0], [2068.6, 3061.0], [2068.5, 3168.0], [2068.45, 2963.0], [2068.4, 8982.0], [2068.35, 4463.0]], "asks": [[2069.95, 1001.0], [2070.1, 190.0], [2070.15, 1224.0], [2070.2, 1103.0], [2070.25, 2918.0], [2070.5, 3133.0], [2070.55, 2916.0], [2070.6, 7579.0], [2070.7, 3725.0], [2070.8, 40.0], [2070.85, 2948.0], [2070.9, 1269.0], [2070.95, 20016.0], [2071.0, 4226.0], [2071.15, 2948.0], [2071.2, 1943.0], [2071.25, 5000.0], [2071.3, 7269.0], [2071.35, 19300.0], [2071.4, 1386.0]]}}}
{"jsonrpc": "2.0", "method": "subscription", "params": {"channel": "book.ETH-PERPETUAL.none.20.100ms", "data": {"timestamp": 1772776738134, "change_id": 112196849581, "instrument_name": "ETH-PERPETUAL", "bids": [[2070.85, 3754.0], [2070.6, 1558.0], [2070.55, 5219.0], [2070.5, 1863.0], [2070.4, 1863.0], [2070.35, 1428.0], [2070.3, 7722.0], [2070.25, 1460.0], [2070.2, 10808.0], [2070.15, 10657.0], [2070.0, 2921.0], [2069.9, 9448.0], [2069.85, 21871.0], [2069.8, 7622.0], [2069.75, 4110.0], [2069.7, 10292.0], [2069.6, 3722.0], [2069.55, 2921.0], [2069.5, 7139.0], [2069.45, 3216.0]], "asks": [[2070.9, 8.0], [2071.0, 1278.0], [2071.3, 1508.0], [2071.35, 1000.0], [2071.55, 40.0], [2071.7, 2955.0], [2071.9, 2947.0], [2071.95, 6033.0], [2072.0, 22483.0], [2072.05, 2944.0], [2072.1, 14945.0], [2072.15, 17791.0], [2072.2, 10540.0], [2072.25, 20451.0], [2072.3, 10492.0], [2072.35, 35149.0], [2072.5, 12553.0], [2072.55, 32166.0], [2072.65, 2943.0], [2072.75, 2983.0]]}}}
{"jsonrpc": "2.0", "method": "subscription", "params": {"channel": "book.ETH-PERPETUAL.none.20.100ms", "data": {"timestamp": 1772776738453, "change_id": 112196850747, "instrument_name": "ETH-PERPETUAL", "bids": [[2070.85, 999.0], [2070.8, 2000.0], [2070.75, 234.0], [2070.3, 2921.0], [2070.25, 1460.0], [2070.2, 9053.0], [2070.15, 2921.0], [2070.0, 2921.0], [2069.9, 6379.0], [2069.85, 4100.0], [2069.8, 6623.0], [2069.75, 4110.0], [2069.7, 8292.0], [2069.65, 6183.0], [2069.6, 23718.0], [2069.55, 2921.0], [2069.4, 894.0], [2069.35, 2921.0], [2069.2, 1615.0], [2069.15, 2910.0]], "asks": [[2070.9, 11335.0], [2071.0, 1278.0], [2071.15, 3636.0], [2071.2, 1674.0], [2071.25, 4100.0], [2071.3, 1508.0], [2071.45, 2921.0], [2071.55, 40.0], [2071.7, 2955.0], [2071.8, 6854.0], [2071.85, 20016.0], [2071.9, 2947.0], [2071.95, 40.0], [2072.0, 5642.0], [2072.05, 2944.0], [2072.1, 19339.0], [2072.15, 17791.0], [2072.2, 10540.0], [2072.25, 20451.0], [2072.3, 10492.0]]}}}
{"jsonrpc": "2.0", "method": "subscription", "params": {"channel": "book.ETH-PERPETUAL.none.20.100ms", "data": {"timestamp": 1772776738794, "change_id": 112196851886, "instrument_name": "ETH-PERPETUAL", "bids": [[2070.75, 153.0], [2070.55, 719.0], [2070.35, 234.0], [2070.3, 7120.0], [2070.25, 1224.0], [2070.2, 5408.0], [2070.15, 2921.0], [2070.1, 2919.0], [2070.0, 2921.0], [2069.95, 1085.0], [2069.9, 7153.0], [2069.85, 4100.0], [2069.8, 10673.0], [2069.75, 4110.0], [2069.7, 5111.0], [2069.55, 2921.0], [2069.45, 5969.0], [2069.4, 19996.0], [2069.35, 2921.0], [2069.2, 1615.0]], "asks": [[2070.8, 28696.0], [2070.85, 18599.0], [2070.9, 7955.0], [2071.1, 1085.0], [2071.15, 3636.0], [2071.2, 1226.0], [2071.25, 4100.0], [2071.3, 8.0], [2071.45, 2921.0], [2071.5, 6859.0], [2071.55, 22977.0], [2071.7, 2955.0], [2071.9, 2947.0], [2071.95, 1550.0], [2072.0, 5060.0], [2072.05, 2944.0], [2072.1, 8.0], [2072.2, 2943.0], [2072.3, 10492.0], [2072.35, 35149.0]]}}}
{"jsonrpc": "2.0", "method": "subscription", "params": {"channel": "book.ETH-PERPETUAL.none.20.100ms", "data": {"timestamp": 1772776739122, "change_id": 112196852773, "instrument_name": "ETH-PERPETUAL", "bids": [[2070.75, 153.0], [2070.5, 234.0], [2070.3, 7120.0], [2070.25, 4143.0], [2070.2, 4100.0], [2070.15, 2921.0], [2070.0, 2921.0], [2069.95, 1085.0], [2069.9, 10769.0], [2069.85, 4100.0], [2069.8, 10673.0], [2069.75, 4110.0], [2069.7, 5111.0], [2069.55, 2921.0], [2069.45, 5969.0], [2069.4, 19996.0], [2069.35, 2921.0], [2069.25, 5305.0], [2069.2, 19386.0], [2069.15, 2910.0]], "asks": [[2070.8, 31340.0], [2070.85, 18257.0], [2070.9, 7223.0], [2071.1, 1085.0], [2071.15, 3636.0], [2071.2, 1226.0], [2071.25, 4100.0], [2071.3, 8.0], [2071.45, 2921.0], [2071.55, 2961.0], [2071.6, 6857.0], [2071.65, 20016.0], [2071.7, 20746.0], [2071.8, 6190.0], [2071.9, 4447.0], [2071.95, 1550.0], [2072.0, 5060.0], [2072.05, 2944.0], [2072.1, 8.0], [2072.2, 2943.0]]}}}
{"jsonrpc": "2.0", "method": "subscription", "params": {"channel": "book.ETH-PERPETUAL.none.20.100ms", "data": {"timestamp": 1772776739450, "change_id": 112196853760, "instrument_name": "ETH-PERPETUAL", "bids": [[2070.75, 4253.0], [2070.5, 234.0], [2070.3, 7120.0], [2070.25, 4143.0], [2070.2, 4100.0], [2070.15, 2921.0], [2070.0, 2921.0], [2069.95, 1085.0], [2069.9, 10769.0], [2069.85, 4100.0], [2069.8, 10673.0], [2069.75, 4110.0], [2069.7, 5747.0], [2069.55, 2921.0], [2069.45, 5969.0], [2069.4, 19996.0], [2069.35, 2921.0], [2069.25, 5305.0], [2069.2, 21568.0], [2069.15, 2910.0]], "asks": [[2070.8, 32833.0], [2070.85, 13274.0], [2070.9, 5990.0], [2071.1, 1085.0], [2071.15, 3636.0], [2071.2, 1226.0], [2071.25, 4100.0], [2071.3, 8.0], [2071.4, 3299.0], [2071.45, 2921.0], [2071.5, 8131.0], [2071.55, 2961.0], [2071.6, 6857.0], [2071.65, 20016.0], [2071.7, 2955.0], [2071.8, 6638.0], [2071.85, 19291.0], [2071.9, 2947.0], [2071.95, 1550.0], [2072.0, 5060.0]]}}}
{"jsonrpc": "2.0", "method": "subscription", "params": {"channel": "book.ETH-PERPETUAL.none.20.100ms", "data": {"timestamp": 1772776739784, "change_id": 112196854887, "instrument_name": "ETH-PERPETUAL", "bids": [[2070.75, 153.0], [2070.5, 234.0], [2070.3, 7120.0], [2070.25, 4143.0], [2070.2, 4100.0], [2070.15, 2921.0], [2070.0, 2921.0], [2069.95, 1085.0], [2069.9, 10769.0], [2069.85, 4100.0], [2069.8, 10673.0], [2069.75, 4110.0], [2069.7, 5747.0], [2069.55, 2921.0], [2069.45, 5969.0], [2069.4, 19996.0], [2069.35, 2921.0], [2069.25, 5305.0], [2069.2, 21568.0], [2069.15, 2910.0]], "asks": [[2070.8, 32371.0], [2070.85, 13274.0], [2070.9, 5990.0], [2071.1, 1085.0], [2071.15, 3636.0], [2071.2, 1226.0], [2071.25, 4100.0], [2071.3, 8.0], [2071.4, 3299.0], [2071.45, 2921.0], [2071.5, 14990.0], [2071.55, 22977.0], [2071.7, 2955.0], [2071.8, 6638.0], [2071.85, 19291.0], [2071.9, 2947.0], [2071.95, 1550.0], [2072.0, 5060.0], [2072.05, 2944.0], [2072.1, 8.0]]}}}
{"jsonrpc": "2.0", "method": "subscription", "params": {"channel": "book.ETH-PERPETUAL.none.20.100ms", "data": {"timestamp": 1772776740116, "change_id": 112196855888, "instrument_name": "ETH-PERPETUAL", "bids": [[2070.75, 153.0], [2070.5, 234.0], [2070.3, 7120.0], [2070.25, 4143.0], [2070.2, 4100.0], [2070.15, 2921.0], [2070.0, 2981.0], [2069.95, 1085.0], [2069.9, 10769.0], [2069.85, 4100.0], [2069.8, 10673.0], [2069.75, 4110.0], [2069.7, 5747.0], [2069.55, 2921.0], [2069.45, 10510.0], [2069.4, 37767.0], [2069.35, 2921.0], [2069.2, 3797.0], [2069.15, 2910.0], [2069.1, 10501.0]], "asks": [[2070.8, 31918.0], [2070.85, 13274.0], [2070.9, 5879.0], [2071.1, 1085.0], [2071.15, 3636.0], [2071.2, 1226.0], [2071.25, 4100.0], [2071.3, 8.0], [2071.4, 3299.0], [2071.45, 2921.0], [2071.5, 14990.0], [2071.55, 22977.0], [2071.7, 2955.0], [2071.8, 6638.0], [2071.85, 19291.0], [2071.9, 2947.0], [2071.95, 1550.0], [2072.0, 5060.0], [2072.05, 2944.0], [2072.1, 8.0]]}}}
{"jsonrpc": "2.0", "method": "subscription", "params": {"channel": "book.ETH-PERPETUAL.none.20.100ms", "data": {"timestamp": 1772776740439, "change_id": 112196857002, "instrument_name": "ETH-PERPETUAL", "bids": [[2070.75, 153.0], [2070.6, 234.0], [2070.3, 9095.0], [2070.25, 2919.0], [2070.2, 4100.0], [2070.15, 2921.0], [2070.0, 4066.0], [2069.9, 7769.0], [2069.85, 4100.0], [2069.8, 10673.0], [2069.75, 4110.0], [2069.7, 5747.0], [2069.6, 1767.0], [2069.55, 5921.0], [2069.35, 2921.0], [2069.3, 10542.0], [2069.25, 37767.0], [2069.2, 3917.0], [2069.15, 2910.0], [2069.1, 10501.0]], "asks": [[2070.8, 24700.0], [2070.9, 188.0], [2071.2, 1226.0], [2071.25, 4100.0], [2071.3, 8.0], [2071.35, 1085.0], [2071.4, 12488.0], [2071.45, 2921.0], [2071.5, 28147.0], [2071.55, 2961.0], [2071.6, 6193.0], [2071.65, 17791.0], [2071.7, 2955.0], [2071.8, 1327.0], [2071.85, 1500.0], [2071.9, 2947.0], [2071.95, 1550.0], [2072.0, 5060.0], [2072.05, 2944.0], [2072.1, 8.0]]}}}
{"jsonrpc": "2.0", "method": "subscription", "params": {"channel": "book.ETH-PERPETUAL.none.20.100ms", "data": {"timestamp": 1772776740779, "change_id": 112196858208, "instrument_name": "ETH-PERPETUAL", "bids": [[2070.2, 4334.0], [2070.0, 60.0], [2069.95, 2000.0], [2069.9, 2743.0], [2069.85, 4100.0], [2069.8, 5673.0], [2069.75, 5570.0], [2069.7, 8622.0], [2069.65, 8636.0], [2069.6, 1459.0], [2069.55, 2921.0], [2069.45, 3000.0], [2069.35, 2921.0], [2069.2, 1735.0], [2069.15, 2910.0], [2069.1, 13095.0], [2069.05, 37767.0], [2068.95, 2909.0], [2068.8, 1030.0], [2068.75, 2931.0]], "asks": [[2070.25, 6222.0], [2070.45, 9380.0], [2070.5, 31424.0], [2070.6, 1224.0], [2070.65, 4100.0], [2070.75, 8916.0], [2070.8, 20684.0], [2070.9, 8.0], [2071.05, 2921.0], [2071.2, 2098.0], [2071.25, 7021.0], [2071.3, 8.0], [2071.35, 1085.0], [2071.4, 18220.0], [2071.45, 22937.0], [2071.5, 25922.0], [2071.55, 2961.0], [2071.7, 2955.0], [2071.75, 5000.0], [2071.8, 1327.0]]}}}
{"jsonrpc": "2.0", "method": "subscription", "params": {"channel": "book.ETH-PERPETUAL.none.20.100ms", "data": {"timestamp": 1772776741111, "change_id": 112196858908, "instrument_name": "ETH-PERPETUAL", "bids": [[2070.45, 4100.0], [2070.3, 160.0], [2070.2, 7368.0], [2070.15, 2000.0], [2070.0, 60.0], [2069.9, 5743.0], [2069.85, 7019.0], [2069.8, 5673.0], [2069.75, 4110.0], [2069.7, 8622.0], [2069.65, 8636.0], [2069.55, 2921.0], [2069.4, 3000.0], [2069.35, 2921.0], [2069.25, 6005.0], [2069.2, 26829.0], [2069.15, 20681.0], [2069.1, 2500.0], [2068.95, 2909.0], [2068.8, 1030.0]], "asks": [[2070.5, 6887.0], [2070.55, 100.0], [2070.6, 1224.0], [2070.65, 4802.0], [2070.75, 7588.0], [2070.8, 10725.0], [2070.9, 8.0], [2071.05, 2921.0], [2071.2, 2098.0], [2071.25, 7021.0], [2071.3, 6404.0], [2071.35, 20016.0], [2071.4, 3636.0], [2071.45, 8232.0], [2071.5, 17791.0], [2071.55, 2961.0], [2071.7, 4448.0], [2071.75, 5000.0], [2071.8, 1327.0], [2071.85, 1500.0]]}}}
{"jsonrpc": "2.0", "method": "subscription", "params": {"channel": "book.ETH-PERPETUAL.none.20.100ms", "data": {"timestamp": 1772776741443, "change_id": 112196859916, "instrument_name": "ETH-PERPETUAL", "bids": [[2070.2, 1034.0], [2070.0, 60.0], [2069.95, 234.0], [2069.75, 4110.0], [2069.7, 2190.0], [2069.65, 3000.0], [2069.6, 2919.0], [2069.55, 2921.0], [2069.4, 1957.0], [2069.35, 6557.0], [2069.25, 1528.0], [2069.2, 6735.0], [2069.15, 2910.0], [2069.1, 2500.0], [2069.0, 3000.0], [2068.95, 2909.0], [2068.85, 5969.0], [2068.8, 19996.0], [2068.75, 8236.0], [2068.7, 19246.0]], "asks": [[2070.25, 7399.0], [2070.3, 2692.0], [2070.35, 12084.0], [2070.45, 4623.0], [2070.5, 21971.0], [2070.55, 3636.0], [2070.7, 2660.0], [2070.75, 4100.0], [2070.8, 2921.0], [2070.9, 8.0], [2071.0, 26199.0], [2071.05, 2921.0], [2071.1, 17791.0], [2071.2, 3322.0], [2071.25, 12021.0], [2071.3, 8.0], [2071.45, 2921.0], [2071.55, 2961.0], [2071.7, 2955.0], [2071.8, 4143.0]]}}}
{"jsonrpc": "2.0", "method": "subscription", "params": {"channel": "book.ETH-PERPETUAL.none.20.100ms", "data": {"timestamp": 1772776741773, "change_id": 112196861713, "instrument_name": "ETH-PERPETUAL", "bids": [[2069.8, 234.0], [2069.7, 190.0], [2069.3, 1459.0], [2069.1, 2500.0], [2069.05, 5000.0], [2068.95, 6545.0], [2068.75, 2931.0], [2068.7, 1475.0], [2068.65, 21996.0], [2068.6, 2941.0], [2068.45, 2963.0], [2068.4, 19113.0], [2068.35, 4463.0], [2068.3, 1481.0], [2068.25, 4963.0], [2068.1, 2967.0], [2068.05, 1212.0], [2068.0, 5543.0], [2067.9, 4967.0], [2067.85, 3604.0]], "asks": [[2070.05, 17916.0], [2070.1, 14091.0], [2070.2, 3731.0], [2070.25, 13882.0], [2070.5, 2444.0], [2070.55, 3636.0], [2070.6, 2921.0], [2070.7, 7730.0], [2070.75, 24116.0], [2070.8, 2921.0], [2070.9, 5319.0], [2070.95, 17791.0], [2071.0, 5000.0], [2071.05, 2921.0], [2071.2, 2098.0], [2071.25, 7021.0], [2071.3, 8.0], [2071.45, 2921.0], [2071.55, 2961.0], [2071.7, 2955.0]]}}}
{"jsonrpc": "2.0", "method": "subscription", "params": {"channel": "book.ETH-PERPETUAL.none.20.100ms", "data": {"timestamp": 1772776742098, "change_id": 112196862912, "instrument_name": "ETH-PERPETUAL", "bids": [[2069.7, 185.0], [2069.45, 234.0], [2069.2, 2000.0], [2069.15, 3636.0], [2069.1, 3960.0], [2069.0, 1459.0], [2068.95, 6545.0], [2068.85, 5000.0], [2068.75, 5931.0], [2068.7, 1475.0], [2068.65, 2000.0], [2068.6, 2941.0], [2068.45, 2963.0], [2068.4, 7141.0], [2068.35, 4463.0], [2068.3, 21477.0], [2068.25, 4963.0], [2068.2, 6190.0], [2068.15, 17771.0], [2068.1, 2967.0]], "asks": [[2069.75, 7412.0], [2069.8, 6624.0], [2069.85, 22116.0], [2069.9, 3355.0], [2069.95, 7141.0], [2070.0, 6543.0], [2070.05, 7189.0], [2070.2, 1838.0], [2070.25, 2131.0], [2070.3, 2921.0], [2070.45, 6005.0], [2070.5, 27034.0], [2070.55, 3636.0], [2070.6, 20712.0], [2070.65, 2475.0], [2070.7, 10387.0], [2070.75, 4100.0], [2070.8, 5288.0], [2070.85, 5000.0], [2070.9, 2929.0]]}}}
{"jsonrpc": "2.0", "method": "subscription", "params": {"channel": "book.ETH-PERPETUAL.none.20.100ms", "data": {"timestamp": 1772776742432, "change_id": 112196863927, "instrument_name": "ETH-PERPETUAL", "bids": [[2069.7, 5137.0], [2069.65, 234.0], [2069.3, 3000.0], [2069.2, 2000.0], [2069.15, 2922.0], [2069.1, 5419.0], [2068.95, 6545.0], [2068.9, 3000.0], [2068.85, 5000.0], [2068.75, 3567.0], [2068.7, 1475.0], [2068.65, 2000.0], [2068.6, 14214.0], [2068.55, 19996.0], [2068.5, 19040.0], [2068.45, 4241.0], [2068.4, 1342.0], [2068.35, 4463.0], [2068.3, 1481.0], [2068.25, 4963.0]], "asks": [[2069.75, 4602.0], [2069.8, 1224.0], [2069.85, 4100.0], [2069.9, 1224.0], [2069.95, 1000.0], [2070.0, 4100.0], [2070.05, 1070.0], [2070.25, 100.0], [2070.3, 2921.0], [2070.5, 1957.0], [2070.55, 3636.0], [2070.6, 8896.0], [2070.65, 20016.0], [2070.8, 9118.0], [2070.85, 17831.0], [2070.9, 2929.0], [2070.95, 1493.0], [2071.0, 5000.0], [2071.05, 2921.0], [2071.25, 2921.0]]}}}
{"jsonrpc": "2.0", "method": "subscription", "params": {"channel": "book.ETH-PERPETUAL.none.20.100ms", "data": {"timestamp": 1772776742761, "change_id": 112196865263, "instrument_name": "ETH-PERPETUAL", "bids": [[2069.7, 3371.0], [2069.3, 3000.0], [2069.2, 4490.0], [2069.15, 2922.0], [2069.1, 5419.0], [2069.0, 1954.0], [2068.95, 6545.0], [2068.9, 2388.0], [2068.85, 5000.0], [2068.8, 4065.0], [2068.75, 3567.0], [2068.7, 1475.0], [2068.65, 2000.0], [2068.6, 14214.0], [2068.55, 19996.0], [2068.5, 19040.0], [2068.45, 2963.0], [2068.4, 1342.0], [2068.35, 4463.0], [2068.3, 1481.0]], "asks": [[2069.75, 4927.0], [2069.8, 1224.0], [2069.85, 4100.0], [2069.9, 1224.0], [2070.0, 4100.0], [2070.25, 100.0], [2070.3, 2921.0], [2070.5, 1957.0], [2070.55, 3636.0], [2070.6, 2921.0], [2070.7, 6847.0], [2070.75, 20016.0], [2070.8, 2921.0], [2070.85, 40.0], [2070.9, 2929.0], [2070.95, 5311.0], [2071.0, 17791.0], [2071.05, 2921.0], [2071.15, 1493.0], [2071.2, 5000.0]]}}}
{"jsonrpc": "2.0", "method": "subscription", "params": {"channel": "book.ETH-PERPETUAL.none.20.100ms", "data": {"timestamp": 1772776743056, "change_id": 112196867290, "instrument_name": "ETH-PERPETUAL", "bids": [[2069.7, 5186.0], [2069.3, 3000.0], [2069.2, 2490.0], [2069.15, 2922.0], [2069.1, 5419.0], [2069.0, 1954.0], [2068.95, 6545.0], [2068.9, 4493.0], [2068.85, 5000.0], [2068.8, 1065.0], [2068.75, 3567.0], [2068.7, 7444.0], [2068.65, 21996.0], [2068.6, 2941.0], [2068.55, 5305.0], [2068.5, 17771.0], [2068.45, 2963.0], [2068.4, 1342.0], [2068.35, 4463.0], [2068.3, 1481.0]], "asks": [[2069.75, 5080.0], [2069.8, 3199.0], [2069.85, 4100.0], [2069.9, 8365.0], [2070.0, 4100.0], [2070.25, 100.0], [2070.3, 2921.0], [2070.45, 2400.0], [2070.5, 9997.0], [2070.55, 3636.0], [2070.6, 2921.0], [2070.7, 6847.0], [2070.75, 20016.0], [2070.8, 2921.0], [2070.85, 40.0], [2070.9, 2929.0], [2070.95, 5311.0], [2071.0, 17791.0], [2071.05, 2921.0], [2071.15, 1493.0]]}}}
{"jsonrpc": "2.0", "method": "subscription", "params": {"channel": "book.ETH-PERPETUAL.none.20.100ms", "data": {"timestamp": 1772776743418, "change_id": 112196867759, "instrument_name": "ETH-PERPETUAL", "bids": [[2069.7, 11286.0], [2069.5, 1.0], [2069.3, 4224.0], [2069.25, 4100.0], [2069.2, 2490.0], [2069.15, 2922.0], [2069.1, 5419.0], [2069.0, 1954.0], [2068.95, 9545.0], [2068.9, 1493.0], [2068.85, 5000.0], [2068.8, 1065.0], [2068.75, 3567.0], [2068.7, 7444.0], [2068.65, 21996.0], [2068.6, 2941.0], [2068.55, 5305.0], [2068.5, 17771.0], [2068.45, 2963.0], [2068.4, 1342.0]], "asks": [[2069.75, 4156.0], [2069.8, 3199.0], [2069.85, 4100.0], [2069.9, 8365.0], [2069.95, 1001.0], [2070.15, 1224.0], [2070.2, 4100.0], [2070.25, 100.0], [2070.3, 2921.0], [2070.45, 2400.0], [2070.5, 9997.0], [2070.55, 3636.0], [2070.6, 2921.0], [2070.8, 9782.0], [2070.85, 20056.0], [2070.9, 2929.0], [2070.95, 5311.0], [2071.0, 17791.0], [2071.05, 2921.0], [2071.15, 1493.0]]}}}
{"jsonrpc": "2.0", "method": "subscription", "params": {"channel": "book.ETH-PERPETUAL.none.20.100ms", "data": {"timestamp": 1772776743747, "change_id": 112196868447, "instrument_name": "ETH-PERPETUAL", "bids": [[2069.7, 11286.0], [2069.5, 1.0], [2069.3, 4224.0], [2069.25, 4100.0], [2069.2, 2490.0], [2069.15, 2922.0], [2069.1, 5419.0], [2069.0, 1954.0], [2068.95, 9545.0], [2068.9, 1493.0], [2068.85, 5000.0], [2068.8, 6897.0], [2068.75, 3567.0], [2068.7, 27440.0], [2068.65, 19771.0], [2068.6, 2941.0], [2068.45, 2963.0], [2068.4, 1342.0], [2068.35, 4463.0], [2068.3, 1481.0]], "asks": [[2069.75, 5224.0], [2069.85, 2132.0], [2069.9, 8365.0], [2069.95, 1.0], [2070.15, 1224.0], [2070.2, 4100.0], [2070.25, 100.0], [2070.3, 2921.0], [2070.45, 2400.0], [2070.5, 9997.0], [2070.55, 3636.0], [2070.6, 2921.0], [2070.8, 9782.0], [2070.85, 20056.0], [2070.9, 2929.0], [2070.95, 5311.0], [2071.0, 17791.0], [2071.05, 2921.0], [2071.15, 1493.0], [2071.2, 5000.0]]}}}
{"jsonrpc": "2.0", "method": "subscription", "params": {"channel": "book.ETH-PERPETUAL.none.20.100ms", "data": {"timestamp": 1772776744085, "change_id": 112196869008, "instrument_name": "ETH-PERPETUAL", "bids": [[2069.7, 11286.0], [2069.5, 1.0], [2069.3, 4224.0], [2069.25, 4100.0], [2069.2, 3664.0], [2069.15, 2922.0], [2069.1, 10419.0], [2069.0, 4954.0], [2068.95, 6545.0], [2068.8, 6897.0], [2068.75, 3567.0], [2068.7, 27440.0], [2068.65, 19771.0], [2068.6, 2941.0], [2068.45, 2963.0], [2068.4, 1342.0], [2068.35, 4463.0], [2068.3, 1481.0], [2068.25, 4963.0], [2068.1, 2967.0]], "asks": [[2069.75, 5633.0], [2069.85, 2132.0], [2069.9, 8365.0], [2069.95, 1.0], [2070.15, 1224.0], [2070.2, 4100.0], [2070.25, 100.0], [2070.3, 2921.0], [2070.45, 2400.0], [2070.5, 9997.0], [2070.55, 3636.0], [2070.6, 2921.0], [2070.8, 9782.0], [2070.85, 20056.0], [2070.9, 2929.0], [2070.95, 5311.0], [2071.0, 17791.0], [2071.05, 2921.0], [2071.15, 1493.0], [2071.2, 5000.0]]}}}
{"jsonrpc": "2.0", "method": "subscription", "params": {"channel": "book.ETH-PERPETUAL.none.20.100ms", "data": {"timestamp": 1772776744415, "change_id": 112196869415, "instrument_name": "ETH-PERPETUAL", "bids": [[2069.7, 11286.0], [2069.5, 1.0], [2069.3, 4224.0], [2069.25, 4100.0], [2069.2, 3664.0], [2069.15, 2922.0], [2069.1, 10419.0], [2069.0, 1954.0], [2068.95, 6545.0], [2068.85, 3000.0], [2068.8, 6897.0], [2068.75, 3567.0], [2068.7, 27440.0], [2068.65, 19771.0], [2068.6, 2941.0], [2068.45, 2963.0], [2068.4, 1342.0], [2068.35, 4463.0], [2068.3, 1481.0], [2068.25, 4963.0]], "asks": [[2069.75, 5035.0], [2069.95, 1.0], [2070.15, 1224.0], [2070.2, 4100.0], [2070.25, 100.0], [2070.3, 2921.0], [2070.5, 1957.0], [2070.55, 3636.0], [2070.6, 2921.0], [2070.8, 9782.0], [2070.85, 20056.0], [2070.9, 2929.0], [2070.95, 5311.0], [2071.0, 17791.0], [2071.05, 2921.0], [2071.15, 1493.0], [2071.2, 5000.0], [2071.25, 2921.0], [2071.3, 8.0], [2071.45, 2921.0]]}}}
{"jsonrpc": "2.0", "method": "subscription", "params": {"channel": "book.ETH-PERPETUAL.none.20.100ms", "data": {"timestamp": 1772776744719, "change_id": 112196870062, "instrument_name": "ETH-PERPETUAL", "bids": [[2069.7, 11286.0], [2069.5, 1.0], [2069.3, 4224.0], [2069.25, 4100.0], [2069.2, 3664.0], [2069.15, 2922.0], [2069.1, 10419.0], [2069.0, 1954.0], [2068.95, 6545.0], [2068.85, 3000.0], [2068.8, 6897.0], [2068.75, 3567.0], [2068.7, 27440.0], [2068.65, 19771.0], [2068.6, 2941.0], [2068.45, 2963.0], [2068.4, 1342.0], [2068.35, 4463.0], [2068.3, 1481.0], [2068.25, 4963.0]], "asks": [[2069.75, 5477.0], [2069.95, 1.0], [2070.15, 1224.0], [2070.2, 4100.0], [2070.25, 100.0], [2070.3, 2921.0], [2070.5, 1957.0], [2070.55, 3636.0], [2070.6, 2921.0], [2070.8, 9782.0], [2070.85, 20056.0], [2070.9, 10860.0], [2070.95, 5311.0], [2071.0, 17791.0], [2071.05, 2921.0], [2071.15, 1493.0], [2071.2, 5000.0], [2071.25, 2921.0], [2071.3, 8.0], [2071.45, 2921.0]]}}}
{"jsonrpc": "2.0", "method": "subscription", "params": {"channel": "book.ETH-PERPETUAL.none.20.100ms", "data": {"timestamp": 1772776745053, "change_id": 112196871020, "instrument_name": "ETH-PERPETUAL", "bids": [[2069.7, 11426.0], [2069.5, 1.0], [2069.3, 4224.0], [2069.25, 4100.0], [2069.2, 3664.0], [2069.15, 2922.0], [2069.1, 10419.0], [2069.0, 1954.0], [2068.95, 6545.0], [2068.85, 3000.0], [2068.8, 6897.0], [2068.75, 3567.0], [2068.7, 27440.0], [2068.65, 19771.0], [2068.6, 2941.0], [2068.45, 2963.0], [2068.4, 1342.0], [2068.35, 4463.0], [2068.3, 1481.0], [2068.25, 4963.0]], "asks": [[2069.75, 5147.0], [2069.95, 1.0], [2070.0, 2132.0], [2070.05, 7141.0], [2070.15, 1224.0], [2070.2, 4100.0], [2070.25, 100.0], [2070.3, 2921.0], [2070.5, 1957.0], [2070.55, 3636.0], [2070.6, 2921.0], [2070.8, 9782.0], [2070.85, 20056.0], [2070.9, 10860.0], [2070.95, 5311.0], [2071.0, 17791.0], [2071.05, 2921.0], [2071.15, 1493.0], [2071.2, 5000.0], [2071.25, 2921.0]]}}}
{"jsonrpc": "2.0", "method": "subscription", "params": {"channel": "book.ETH-PERPETUAL.none.20.100ms", "data": {"timestamp": 1772776745407, "change_id": 112196871364, "instrument_name": "ETH-PERPETUAL", "bids": [[2069.7, 3326.0], [2069.5, 1.0], [2069.4, 2000.0], [2069.3, 4224.0], [2069.25, 4100.0], [2069.2, 3664.0], [2069.15, 2922.0], [2069.1, 10419.0], [2069.0, 1954.0], [2068.95, 6545.0], [2068.85, 3000.0], [2068.8, 1065.0], [2068.75, 3567.0], [2068.65, 2000.0], [2068.6, 2941.0], [2068.55, 25301.0], [2068.5, 17771.0], [2068.45, 2963.0], [2068.4, 1342.0], [2068.35, 4463.0]], "asks": [[2069.75, 8597.0], [2069.95, 1.0], [2070.0, 2132.0], [2070.05, 7141.0], [2070.15, 1224.0], [2070.2, 4100.0], [2070.25, 100.0], [2070.3, 2921.0], [2070.5, 1957.0], [2070.55, 3636.0], [2070.6, 2921.0], [2070.75, 20016.0], [2070.8, 2921.0], [2070.85, 17831.0], [2070.9, 10860.0], [2071.05, 2921.0], [2071.15, 1493.0], [2071.2, 5000.0], [2071.25, 2921.0], [2071.3, 8.0]]}}}
{"jsonrpc": "2.0", "method": "subscription", "params": {"channel": "book.ETH-PERPETUAL.none.20.100ms", "data": {"timestamp": 1772776745736, "change_id": 112196874265, "instrument_name": "ETH-PERPETUAL", "bids": [[2070.85, 288.0], [2070.8, 2000.0], [2070.75, 20519.0], [2070.6, 2000.0], [2070.35, 4100.0], [2070.3, 4919.0], [2070.2, 5930.0], [2070.15, 10854.0], [2070.1, 5867.0], [2070.05, 2919.0], [2070.0, 1821.0], [2069.95, 4100.0], [2069.9, 2000.0], [2069.85, 6159.0], [2069.8, 6575.0], [2069.75, 4110.0], [2069.7, 7140.0], [2069.65, 5969.0], [2069.6, 22915.0], [2069.5, 13316.0]], "asks": [[2071.1, 6100.0], [2071.25, 1000.0], [2071.3, 4140.0], [2071.55, 40.0], [2071.65, 200.0], [2071.7, 8.0], [2071.8, 1343.0], [2071.85, 1500.0], [2071.9, 9230.0], [2071.95, 40.0], [2072.0, 21487.0], [2072.05, 2944.0], [2072.1, 8.0], [2072.2, 2943.0], [2072.25, 2985.0], [2072.3, 1511.0], [2072.35, 5061.0], [2072.5, 2951.0], [2072.65, 2943.0], [2072.75, 2983.0]]}}}
{"jsonrpc": "2.0", "method": "subscription", "params": {"channel": "book.ETH-PERPETUAL.none.20.100ms", "data": {"timestamp": 1772776746067, "change_id": 112196876222, "instrument_name": "ETH-PERPETUAL", "bids": [[2070.75, 244.0], [2070.6, 2000.0], [2070.45, 3000.0], [2070.4, 2000.0], [2070.35, 4100.0], [2070.3, 2919.0], [2070.25, 2917.0], [2070.2, 3568.0], [2070.15, 4100.0], [2070.1, 9100.0], [2070.05, 2919.0], [2070.0, 3545.0], [2069.95, 10655.0], [2069.9, 3767.0], [2069.85, 2999.0], [2069.8, 4785.0], [2069.75, 4110.0], [2069.7, 2140.0], [2069.6, 10747.0], [2069.55, 19996.0]], "asks": [[2070.8, 7432.0], [2070.9, 1490.0], [2071.0, 138.0], [2071.1, 40.0], [2071.2, 200.0], [2071.45, 2919.0], [2071.55, 40.0], [2071.65, 3119.0], [2071.7, 6859.0], [2071.75, 22936.0], [2071.8, 6484.0], [2071.85, 19291.0], [2071.9, 2947.0], [2071.95, 1143.0], [2072.0, 3696.0], [2072.05, 2944.0], [2072.1, 8.0], [2072.2, 4436.0], [2072.25, 5000.0], [2072.35, 2983.0]]}}}
{"jsonrpc": "2.0", "method": "subscription", "params": {"channel": "book.ETH-PERPETUAL.none.20.100ms", "data": {"timestamp": 1772776746396, "change_id": 112196877342, "instrument_name": "ETH-PERPETUAL", "bids": [[2070.75, 244.0], [2070.6, 2000.0], [2070.55, 1.0], [2070.4, 2682.0], [2070.35, 4100.0], [2070.3, 2919.0], [2070.25, 6917.0], [2070.2, 3568.0], [2070.15, 4100.0], [2070.1, 9100.0], [2070.05, 2919.0], [2070.0, 3545.0], [2069.95, 10655.0], [2069.9, 3767.0], [2069.85, 3000.0], [2069.8, 2919.0], [2069.75, 10.0], [2069.7, 2140.0], [2069.6, 10747.0], [2069.5, 26172.0]], "asks": [[2070.8, 9492.0], [2070.9, 1126.0], [2071.0, 1097.0], [2071.1, 3676.0], [2071.2, 100.0], [2071.45, 2919.0], [2071.55, 40.0], [2071.65, 9096.0], [2071.7, 20025.0], [2071.75, 2919.0], [2071.8, 6484.0], [2071.85, 18391.0], [2071.9, 2947.0], [2071.95, 40.0], [2072.0, 60.0], [2072.05, 2944.0], [2072.1, 8.0], [2072.2, 4436.0], [2072.25, 5000.0], [2072.3, 1338.0]]}}}
{"jsonrpc": "2.0", "method": "subscription", "params": {"channel": "book.ETH-PERPETUAL.none.20.100ms", "data": {"timestamp": 1772776746700, "change_id": 112196878750, "instrument_name": "ETH-PERPETUAL", "bids": [[2070.75, 2197.0], [2070.6, 2000.0], [2070.55, 1.0], [2070.4, 2000.0], [2070.35, 4100.0], [2070.3, 2919.0], [2070.25, 6917.0], [2070.2, 6483.0], [2070.15, 4100.0], [2070.1, 9100.0], [2070.05, 2919.0], [2070.0, 3545.0], [2069.95, 10655.0], [2069.9, 3767.0], [2069.85, 3000.0], [2069.8, 2919.0], [2069.75, 10.0], [2069.7, 2140.0], [2069.6, 10747.0], [2069.5, 26172.0]], "asks": [[2070.8, 18119.0], [2070.9, 200.0], [2071.0, 3090.0], [2071.1, 10821.0], [2071.45, 2919.0], [2071.55, 40.0], [2071.65, 9096.0], [2071.7, 28608.0], [2071.75, 2919.0], [2071.8, 6484.0], [2071.85, 18391.0], [2071.9, 2947.0], [2071.95, 40.0], [2072.0, 60.0], [2072.05, 2944.0], [2072.1, 8.0], [2072.2, 4436.0], [2072.25, 5000.0], [2072.3, 1338.0], [2072.35, 4483.0]]}}}
{"jsonrpc": "2.0", "method": "subscription", "params": {"channel": "book.ETH-PERPETUAL.none.20.100ms", "data": {"timestamp": 1772776747034, "change_id": 112196880694, "instrument_name": "ETH-PERPETUAL", "bids": [[2070.75, 2197.0], [2070.6, 2000.0], [2070.55, 1.0], [2070.4, 2000.0], [2070.35, 4100.0], [2070.3, 2919.0], [2070.25, 6917.0], [2070.2, 6483.0], [2070.15, 4100.0], [2070.1, 9781.0], [2070.05, 2919.0], [2070.0, 3545.0], [2069.95, 10655.0], [2069.9, 3767.0], [2069.85, 3000.0], [2069.8, 2919.0], [2069.75, 10.0], [2069.7, 2140.0], [2069.6, 10747.0], [2069.5, 26172.0]], "asks": [[2070.8, 11340.0], [2071.0, 3090.0], [2071.1, 10821.0], [2071.45, 2919.0], [2071.55, 40.0], [2071.6, 9471.0], [2071.65, 3119.0], [2071.7, 28608.0], [2071.75, 2919.0], [2071.8, 6471.0], [2071.85, 18391.0], [2071.9, 2947.0], [2071.95, 40.0], [2072.0, 60.0], [2072.05, 2944.0], [2072.1, 8.0], [2072.2, 4436.0], [2072.25, 5000.0], [2072.3, 1338.0], [2072.35, 4483.0]]}}}
{"jsonrpc": "2.0", "method": "subscription", "params": {"channel": "book.ETH-PERPETUAL.none.20.100ms", "data": {"timestamp": 1772776747328, "change_id": 112196880907, "instrument_name": "ETH-PERPETUAL", "bids": [[2070.75, 6297.0], [2070.6, 2000.0], [2070.55, 1.0], [2070.4, 2000.0], [2070.35, 4100.0], [2070.3, 5854.0], [2070.25, 6917.0], [2070.2, 6483.0], [2070.15, 4100.0], [2070.1, 9781.0], [2070.05, 2919.0], [2070.0, 3545.0], [2069.95, 10655.0], [2069.9, 3767.0], [2069.85, 3000.0], [2069.8, 2919.0], [2069.75, 10.0], [2069.7, 2140.0], [2069.6, 10747.0], [2069.5, 26172.0]], "asks": [[2070.8, 10089.0], [2071.0, 3090.0], [2071.1, 10821.0], [2071.45, 2919.0], [2071.55, 40.0], [2071.6, 9471.0], [2071.65, 3119.0], [2071.7, 28608.0], [2071.75, 2919.0], [2071.8, 6471.0], [2071.85, 18391.0], [2071.9, 2947.0], [2071.95, 40.0], [2072.0, 60.0], [2072.05, 2944.0], [2072.1, 8.0], [2072.2, 4436.0], [2072.25, 5000.0], [2072.3, 1338.0], [2072.35, 4483.0]]}}}
{"jsonrpc": "2.0", "method": "subscription", "params": {"channel": "book.ETH-PERPETUAL.none.20.100ms", "data": {"timestamp": 1772776747679, "change_id": 112196881567, "instrument_name": "ETH-PERPETUAL", "bids": [[2070.75, 6358.0], [2070.7, 2000.0], [2070.6, 2000.0], [2070.55, 1.0], [2070.4, 2000.0], [2070.35, 4100.0], [2070.3, 5854.0], [2070.25, 6917.0], [2070.2, 6483.0], [2070.15, 4100.0], [2070.1, 9781.0], [2070.05, 2919.0], [2070.0, 3545.0], [2069.95, 13655.0], [2069.9, 2000.0], [2069.8, 2919.0], [2069.75, 10.0], [2069.7, 2140.0], [2069.6, 10747.0], [2069.55, 19996.0]], "asks": [[2070.8, 9535.0], [2071.0, 3090.0], [2071.1, 10821.0], [2071.45, 2919.0], [2071.55, 40.0], [2071.6, 3495.0], [2071.65, 3119.0], [2071.7, 15438.0], [2071.75, 22936.0], [2071.8, 1327.0], [2071.85, 600.0], [2071.9, 2947.0], [2071.95, 5369.0], [2072.0, 17851.0], [2072.05, 2944.0], [2072.1, 8.0], [2072.2, 4436.0], [2072.25, 5000.0], [2072.3, 1338.0], [2072.35, 4483.0]]}}}
{"jsonrpc": "2.0", "method": "subscription", "params": {"channel": "book.ETH-PERPETUAL.none.20.100ms", "data": {"timestamp": 1772776748040, "change_id": 112196882796, "instrument_name": "ETH-PERPETUAL", "bids": [[2070.75, 6358.0], [2070.7, 2000.0], [2070.6, 2000.0], [2070.55, 1.0], [2070.4, 6000.0], [2070.35, 4100.0], [2070.3, 4660.0], [2070.25, 2917.0], [2070.2, 6483.0], [2070.15, 4100.0], [2070.1, 9781.0], [2070.05, 2919.0], [2070.0, 3545.0], [2069.95, 10655.0], [2069.9, 3767.0], [2069.85, 2999.0], [2069.8, 2919.0], [2069.75, 10.0], [2069.7, 2140.0], [2069.6, 10747.0]], "asks": [[2070.8, 8494.0], [2071.0, 3090.0], [2071.1, 10821.0], [2071.45, 2919.0], [2071.55, 40.0], [2071.6, 3495.0], [2071.65, 2919.0], [2071.7, 15437.0], [2071.75, 22936.0], [2071.8, 1327.0], [2071.85, 600.0], [2071.9, 2947.0], [2071.95, 5369.0], [2072.0, 17851.0], [2072.05, 2944.0], [2072.1, 8.0], [2072.2, 4436.0], [2072.25, 5000.0], [2072.3, 1338.0], [2072.35, 4483.0]]}}}
{"jsonrpc": "2.0", "method": "subscription", "params": {"channel": "book.ETH-PERPETUAL.none.20.100ms", "data": {"timestamp": 1772776748362, "change_id": 112196883298, "instrument_name": "ETH-PERPETUAL", "bids": [[2070.75, 6358.0], [2070.7, 2000.0], [2070.6, 2000.0], [2070.55, 1.0], [2070.4, 6000.0], [2070.35, 4100.0], [2070.3, 4660.0], [2070.25, 2917.0], [2070.2, 6483.0], [2070.15, 4100.0], [2070.1, 9781.0], [2070.05, 2919.0], [2070.0, 3545.0], [2069.95, 13655.0], [2069.9, 2000.0], [2069.8, 2919.0], [2069.75, 10.0], [2069.7, 8316.0], [2069.6, 26659.0], [2069.55, 19996.0]], "asks": [[2070.8, 8997.0], [2071.0, 3090.0], [2071.1, 10821.0], [2071.45, 2919.0], [2071.55, 40.0], [2071.6, 3495.0], [2071.65, 2919.0], [2071.7, 15437.0], [2071.75, 22936.0], [2071.9, 2947.0], [2071.95, 5369.0], [2072.0, 17851.0], [2072.05, 2944.0], [2072.1, 8.0], [2072.2, 4436.0], [2072.25, 5000.0], [2072.3, 1338.0], [2072.35, 4483.0], [2072.45, 3866.0], [2072.5, 18335.0]]}}}
{"jsonrpc": "2.0", "method": "subscription", "params": {"channel": "book.ETH-PERPETUAL.none.20.100ms", "data": {"timestamp": 1772776748702, "change_id": 112196883655, "instrument_name": "ETH-PERPETUAL", "bids": [[2070.75, 6358.0], [2070.7, 2000.0], [2070.6, 2000.0], [2070.55, 1.0], [2070.4, 6000.0], [2070.35, 4100.0], [2070.3, 4660.0], [2070.25, 2917.0], [2070.2, 6483.0], [2070.15, 4100.0], [2070.1, 9781.0], [2070.05, 2919.0], [2070.0, 3545.0], [2069.95, 10655.0], [2069.9, 2000.0], [2069.85, 3000.0], [2069.8, 2919.0], [2069.75, 10.0], [2069.7, 2140.0], [2069.6, 8888.0]], "asks": [[2070.8, 9101.0], [2071.0, 3090.0], [2071.1, 10821.0], [2071.45, 2919.0], [2071.55, 40.0], [2071.6, 3495.0], [2071.65, 2919.0], [2071.7, 8591.0], [2071.75, 22936.0], [2071.9, 2947.0], [2071.95, 5369.0], [2072.0, 17851.0], [2072.05, 2944.0], [2072.1, 8.0], [2072.2, 4436.0], [2072.25, 5000.0], [2072.3, 1338.0], [2072.35, 4483.0], [2072.45, 3866.0], [2072.5, 18335.0]]}}}
{"jsonrpc": "2.0", "method": "subscription", "params": {"channel": "book.ETH-PERPETUAL.none.20.100ms", "data": {"timestamp": 1772776749035, "change_id": 112196884498, "instrument_name": "ETH-PERPETUAL", "bids": [[2070.75, 6358.0], [2070.6, 2000.0], [2070.55, 1.0], [2070.4, 6000.0], [2070.35, 4100.0], [2070.3, 4660.0], [2070.25, 2917.0], [2070.2, 6483.0], [2070.15, 4100.0], [2070.1, 9781.0], [2070.05, 2919.0], [2070.0, 3545.0], [2069.95, 10655.0], [2069.9, 2000.0], [2069.85, 3000.0], [2069.8, 2919.0], [2069.75, 10.0], [2069.7, 2140.0], [2069.6, 8888.0], [2069.55, 19996.0]], "asks": [[2070.8, 8854.0], [2071.0, 3090.0], [2071.1, 10821.0], [2071.45, 2919.0], [2071.55, 40.0], [2071.6, 3495.0], [2071.65, 2919.0], [2071.7, 8591.0], [2071.75, 2919.0], [2071.8, 6855.0], [2071.85, 20017.0], [2071.9, 2947.0], [2071.95, 5369.0], [2072.0, 17851.0], [2072.05, 2944.0], [2072.1, 8.0], [2072.2, 4436.0], [2072.25, 5000.0], [2072.3, 1338.0], [2072.35, 4483.0]]}}}
{"jsonrpc": "2.0", "method": "subscription", "params": {"channel": "book.ETH-PERPETUAL.none.20.100ms", "data": {"timestamp": 1772776749362, "change_id": 112196884859, "instrument_name": "ETH-PERPETUAL", "bids": [[2070.75, 5058.0], [2070.6, 2000.0], [2070.55, 1.0], [2070.4, 6000.0], [2070.35, 4100.0], [2070.3, 4660.0], [2070.25, 2917.0], [2070.2, 6483.0], [2070.15, 4100.0], [2070.1, 9781.0], [2070.05, 2919.0], [2070.0, 3545.0], [2069.95, 10655.0], [2069.9, 2000.0], [2069.8, 2919.0], [2069.75, 3009.0], [2069.7, 2140.0], [2069.6, 2919.0], [2069.45, 37767.0], [2069.4, 2919.0]], "asks": [[2070.8, 11207.0], [2071.0, 3091.0], [2071.05, 4100.0], [2071.1, 10821.0], [2071.45, 2919.0], [2071.55, 40.0], [2071.6, 3495.0], [2071.65, 2919.0], [2071.7, 8591.0], [2071.75, 2919.0], [2071.85, 20017.0], [2071.9, 2947.0], [2071.95, 5369.0], [2072.0, 17851.0], [2072.05, 2944.0], [2072.1, 8.0], [2072.2, 4436.0], [2072.25, 5000.0], [2072.3, 1338.0], [2072.35, 4483.0]]}}}
{"jsonrpc": "2.0", "method": "subscription", "params": {"channel": "book.ETH-PERPETUAL.none.20.100ms", "data": {"timestamp": 1772776749694, "change_id": 112196885363, "instrument_name": "ETH-PERPETUAL", "bids": [[2070.75, 305.0], [2070.55, 1.0], [2070.4, 2000.0], [2070.35, 4100.0], [2070.3, 2919.0], [2070.25, 2917.0], [2070.2, 10483.0], [2070.15, 4100.0], [2070.1, 9781.0], [2070.05, 2919.0], [2070.0, 3545.0], [2069.95, 7019.0], [2069.9, 2000.0], [2069.8, 2919.0], [2069.75, 10.0], [2069.7, 5776.0], [2069.65, 2999.0], [2069.6, 2919.0], [2069.45, 19996.0], [2069.4, 2919.0]], "asks": [[2070.8, 11279.0], [2071.0, 3090.0], [2071.05, 4100.0], [2071.1, 10781.0], [2071.45, 2919.0], [2071.55, 40.0], [2071.6, 23512.0], [2071.65, 2919.0], [2071.7, 8591.0], [2071.75, 2919.0], [2071.85, 17791.0], [2071.9, 2947.0], [2071.95, 40.0], [2072.0, 5060.0], [2072.05, 2944.0], [2072.1, 8.0], [2072.2, 2943.0], [2072.3, 1338.0], [2072.35, 4483.0], [2072.45, 3866.0]]}}}
{"jsonrpc": "2.0", "method": "subscription", "params": {"channel": "book.ETH-PERPETUAL.none.20.100ms", "data": {"timestamp": 1772776750033, "change_id": 112196886008, "instrument_name": "ETH-PERPETUAL", "bids": [[2070.75, 2437.0], [2070.6, 234.0], [2070.55, 1.0], [2070.4, 2000.0], [2070.35, 8100.0], [2070.3, 4660.0], [2070.25, 2917.0], [2070.2, 6483.0], [2070.15, 4100.0], [2070.1, 9781.0], [2070.05, 2919.0], [2070.0, 3545.0], [2069.95, 7019.0], [2069.9, 2000.0], [2069.8, 2919.0], [2069.75, 3010.0], [2069.7, 5776.0], [2069.6, 2919.0], [2069.4, 22915.0], [2069.35, 17771.0]], "asks": [[2070.8, 7176.0], [2071.0, 2169.0], [2071.05, 4100.0], [2071.1, 3636.0], [2071.45, 2919.0], [2071.5, 5987.0], [2071.55, 20057.0], [2071.6, 3495.0], [2071.65, 2919.0], [2071.7, 26382.0], [2071.75, 2919.0], [2071.9, 2947.0], [2071.95, 40.0], [2072.0, 5060.0], [2072.05, 2944.0], [2072.1, 8.0], [2072.2, 2943.0], [2072.3, 1338.0], [2072.35, 4483.0], [2072.45, 3866.0]]}}}
{"jsonrpc": "2.0", "method": "subscription", "params": {"channel": "book.ETH-PERPETUAL.none.20.100ms", "data": {"timestamp": 1772776750360, "change_id": 112196886498, "instrument_name": "ETH-PERPETUAL", "bids": [[2070.75, 484.0], [2070.6, 234.0], [2070.55, 1.0], [2070.4, 5289.0], [2070.35, 8100.0], [2070.3, 4660.0], [2070.25, 2917.0], [2070.2, 6483.0], [2070.15, 4100.0], [2070.1, 9781.0], [2070.05, 2919.0], [2070.0, 1821.0], [2069.95, 2919.0], [2069.9, 2000.0], [2069.8, 2919.0], [2069.75, 3009.0], [2069.7, 5776.0], [2069.6, 2919.0], [2069.45, 17771.0], [2069.4, 22915.0]], "asks": [[2070.8, 7426.0], [2071.0, 2169.0], [2071.05, 4100.0], [2071.1, 3636.0], [2071.45, 2919.0], [2071.55, 40.0], [2071.6, 3495.0], [2071.65, 2919.0], [2071.7, 28608.0], [2071.75, 2919.0], [2071.85, 17791.0], [2071.9, 2967.0], [2071.95, 40.0], [2072.0, 60.0], [2072.05, 2944.0], [2072.1, 2379.0], [2072.15, 5000.0], [2072.2, 2943.0], [2072.3, 1338.0], [2072.35, 4483.0]]}}}
{"jsonrpc": "2.0", "method": "subscription", "params": {"channel": "book.ETH-PERPETUAL.none.20.100ms", "data": {"timestamp": 1772776750651, "change_id": 112196887111, "instrument_name": "ETH-PERPETUAL", "bids": [[2070.75, 2437.0], [2070.6, 234.0], [2070.55, 1.0], [2070.4, 5289.0], [2070.35, 8100.0], [2070.3, 4660.0], [2070.25, 2917.0], [2070.2, 6483.0], [2070.15, 4100.0], [2070.1, 9781.0], [2070.05, 2919.0], [2070.0, 1821.0], [2069.95, 2919.0], [2069.9, 2000.0], [2069.85, 3000.0], [2069.8, 2919.0], [2069.75, 10.0], [2069.7, 5776.0], [2069.6, 2919.0], [2069.5, 19996.0]], "asks": [[2070.8, 6693.0], [2071.0, 4164.0], [2071.05, 11244.0], [2071.1, 3636.0], [2071.45, 2919.0], [2071.55, 40.0], [2071.6, 3495.0], [2071.65, 2919.0], [2071.7, 8591.0], [2071.75, 2919.0], [2071.85, 20017.0], [2071.9, 2967.0], [2071.95, 40.0], [2072.0, 17851.0], [2072.05, 2944.0], [2072.1, 2379.0], [2072.15, 5000.0], [2072.2, 2943.0], [2072.3, 1338.0], [2072.35, 4483.0]]}}}
{"jsonrpc": "2.0", "method": "subscription", "params": {"channel": "book.ETH-PERPETUAL.none.20.100ms", "data": {"timestamp": 1772776751024, "change_id": 112196888399, "instrument_name": "ETH-PERPETUAL", "bids": [[2070.75, 2437.0], [2070.6, 234.0], [2070.55, 1.0], [2070.4, 5289.0], [2070.35, 8100.0], [2070.3, 4660.0], [2070.25, 2917.0], [2070.2, 6483.0], [2070.15, 4100.0], [2070.1, 9781.0], [2070.05, 2919.0], [2070.0, 1821.0], [2069.95, 2919.0], [2069.9, 3767.0], [2069.85, 3000.0], [2069.8, 2919.0], [2069.75, 10.0], [2069.7, 5776.0], [2069.6, 2919.0], [2069.5, 19996.0]], "asks": [[2070.8, 7054.0], [2071.0, 4164.0], [2071.05, 11244.0], [2071.1, 3636.0], [2071.45, 2919.0], [2071.55, 40.0], [2071.6, 3495.0], [2071.65, 2919.0], [2071.7, 8591.0], [2071.75, 2919.0], [2071.8, 6861.0], [2071.85, 20017.0], [2071.9, 2967.0], [2071.95, 40.0], [2072.0, 17851.0], [2072.05, 2944.0], [2072.1, 2379.0], [2072.15, 5000.0], [2072.2, 2943.0], [2072.3, 1338.0]]}}}
{"jsonrpc": "2.0", "method": "subscription", "params": {"channel": "book.ETH-PERPETUAL.none.20.100ms", "data": {"timestamp": 1772776751345, "change_id": 112196889520, "instrument_name": "ETH-PERPETUAL", "bids": [[2070.75, 7770.0], [2070.55, 1.0], [2070.4, 5289.0], [2070.35, 8100.0], [2070.3, 4660.0], [2070.25, 2917.0], [2070.2, 6483.0], [2070.15, 4100.0], [2070.1, 9781.0], [2070.05, 2919.0], [2070.0, 1821.0], [2069.95, 2919.0], [2069.9, 3767.0], [2069.85, 3000.0], [2069.8, 2919.0], [2069.75, 10.0], [2069.7, 5776.0], [2069.65, 19996.0], [2069.6, 2919.0], [2069.45, 17771.0]], "asks": [[2070.8, 8272.0], [2071.0, 4164.0], [2071.05, 11244.0], [2071.1, 3636.0], [2071.45, 2919.0], [2071.55, 40.0], [2071.6, 3495.0], [2071.65, 2919.0], [2071.7, 8591.0], [2071.75, 2919.0], [2071.8, 6861.0], [2071.85, 20017.0], [2071.9, 2967.0], [2071.95, 40.0], [2072.0, 17851.0], [2072.05, 2944.0], [2072.1, 2379.0], [2072.15, 5000.0], [2072.2, 2943.0], [2072.3, 1338.0]]}}}
