{"jsonrpc": "2.0", "id": 1, "result": ["book.ETH-PERPETUAL.none.20.100ms"], "usIn": 1766364904442565, "usOut": 1766364904442864, "usDiff": 299, "testnet": false}
{"jsonrpc": "2.0", "method": "subscription", "params": {"channel": "book.ETH-PERPETUAL.none.20.100ms", "data": {"timestamp": 1766364904348, "change_id": 102355145958, "instrument_name": "ETH-PERPETUAL", "bids": [[3030.1, 12954.0], [3030.0, 2895.0], [3029.95, 4700.0], [3029.85, 22910.0], [3029.8, 60000.0], [3029.7, 4160.0], [3029.65, 2004.0], [3029.6, 5385.0], [3029.55, 1329.0], [3029.5, 8414.0], [3029.45, 5391.0], [3029.4, 19009.0], [3029.25, 61057.0], [3029.2, 9101.0], [3029.15, 19000.0], [3029.1, 9676.0], [3029.05, 5369.0], [3029.0, 19.0], [3028.95, 19000.0], [3028.8, 5987.0]], "asks": [[3030.15, 42985.0], [3030.3, 5000.0], [3030.35, 23160.0], [3030.45, 15918.0], [3030.5, 20007.0], [3030.55, 19000.0], [3030.65, 1493.0], [3030.75, 11406.0], [3030.8, 270.0], [3030.9, 19000.0], [3030.95, 1609.0], [3031.0, 5391.0], [3031.15, 19000.0], [3031.2, 25402.0], [3031.25, 17784.0], [3031.35, 19000.0], [3031.5, 55421.0], [3031.6, 5672.0], [3031.65, 19000.0], [3031.75, 1575.0]]}}}
{"jsonrpc": "2.0", "method": "subscription", "params": {"channel": "book.ETH-PERPETUAL.none.20.100ms", "data": {"timestamp": 1766364904681, "change_id": 102355146301, "instrument_name": "ETH-PERPETUAL", "bids": [[3030.1, 7954.0], [3030.0, 2895.0], [3029.95, 4700.0], [3029.85, 22910.0], [3029.8, 60000.0], [3029.65, 2004.0], [3029.6, 5385.0], [3029.55, 1329.0], [3029.5, 12574.0], [3029.45, 5391.0], [3029.4, 19009.0], [3029.3, 1607.0], [3029.25, 27973.0], [3029.2, 9101.0], [3029.15, 69000.0], [3029.1, 9676.0], [3029.05, 5369.0], [3029.0, 19.0], [3028.95, 19000.0], [3028.8, 5987.0]], "asks": [[3030.15, 42985.0], [3030.25, 1493.0], [3030.3, 18303.0], [3030.35, 23160.0], [3030.4, 20007.0], [3030.45, 10672.0], [3030.55, 19000.0], [3030.65, 1493.0], [3030.75, 11406.0], [3030.8, 270.0], [3030.9, 19000.0], [3030.95, 1609.0], [3031.0, 5391.0], [3031.15, 19000.0], [3031.2, 25402.0], [3031.25, 17784.0], [3031.35, 19000.0], [3031.45, 16543.0], [3031.5, 55421.0], [3031.6, 5672.0]]}}}
{"jsonrpc": "2.0", "method": "subscription", "params": {"channel": "book.ETH-PERPETUAL.none.20.100ms", "data": {"timestamp": 1766364905023, "change_id": 102355146843, "instrument_name": "ETH-PERPETUAL", "bids": [[3030.1, 7954.0], [3030.0, 2895.0], [3029.95, 4700.0], [3029.85, 22910.0], [3029.8, 60000.0], [3029.65, 2004.0], [3029.6, 5385.0], [3029.55, 1329.0], [3029.5, 12574.0], [3029.45, 5391.0], [3029.4, 19009.0], [3029.3, 1607.0], [3029.25, 27973.0], [3029.2, 9101.0], [3029.15, 69000.0], [3029.1, 9676.0], [3029.05, 5369.0], [3029.0, 19.0], [3028.95, 19000.0], [3028.8, 5987.0]], "asks": [[3030.15, 45240.0], [3030.25, 1493.0], [3030.3, 13406.0], [3030.35, 19000.0], [3030.4, 20007.0], [3030.45, 10672.0], [3030.55, 19000.0], [3030.65, 1493.0], [3030.75, 11406.0], [3030.8, 270.0], [3030.9, 19000.0], [3030.95, 1609.0], [3031.0, 5391.0], [3031.15, 19000.0], [3031.2, 25402.0], [3031.25, 17784.0], [3031.35, 19000.0], [3031.45, 16543.0], [3031.5, 55421.0], [3031.6, 5672.0]]}}}
{"jsonrpc": "2.0", "method": "subscription", "params": {"channel": "book.ETH-PERPETUAL.none.20.100ms", "data": {"timestamp": 1766364905325, "change_id": 102355146978, "instrument_name": "ETH-PERPETUAL", "bids": [[3030.1, 7954.0], [3029.9, 1493.0], [3029.85, 22910.0], [3029.8, 60000.0], [3029.65, 2004.0], [3029.6, 5385.0], [3029.55, 1329.0], [3029.5, 12574.0], [3029.45, 5391.0], [3029.4, 19009.0], [3029.3, 1607.0], [3029.25, 27973.0], [3029.2, 9101.0], [3029.15, 69000.0], [3029.1, 9676.0], [3029.05, 5369.0], [3029.0, 19.0], [3028.95, 19000.0], [3028.8, 5987.0], [3028.75, 5372.0]], "asks": [[3030.15, 42396.0], [3030.25, 6493.0], [3030.3, 17061.0], [3030.35, 19000.0], [3030.4, 20007.0], [3030.45, 5672.0], [3030.55, 19000.0], [3030.65, 1493.0], [3030.75, 11406.0], [3030.8, 270.0], [3030.9, 19000.0], [3030.95, 1609.0], [3031.0, 5391.0], [3031.15, 19000.0], [3031.2, 25402.0], [3031.25, 17784.0], [3031.35, 19000.0], [3031.45, 16543.0], [3031.5, 55421.0], [3031.6, 5672.0]]}}}
{"jsonrpc": "2.0", "method": "subscription", "params": {"channel": "book.ETH-PERPETUAL.none.20.100ms", "data": {"timestamp": 1766364905687, "change_id": 102355147364, "instrument_name": "ETH-PERPETUAL", "bids": [[3030.1, 7954.0], [3029.9, 1493.0], [3029.85, 22910.0], [3029.8, 60000.0], [3029.65, 2004.0], [3029.6, 5385.0], [3029.55, 1329.0], [3029.5, 12574.0], [3029.45, 5391.0], [3029.4, 19009.0], [3029.3, 51607.0], [3029.25, 11057.0], [3029.2, 9101.0], [3029.15, 19000.0], [3029.1, 9676.0], [3029.05, 5369.0], [3029.0, 19.0], [3028.95, 19000.0], [3028.8, 5987.0], [3028.75, 5372.0]], "asks": [[3030.15, 36577.0], [3030.2, 4160.0], [3030.25, 5000.0], [3030.3, 5000.0], [3030.35, 19000.0], [3030.45, 10919.0], [3030.5, 20008.0], [3030.55, 19000.0], [3030.65, 1493.0], [3030.75, 11406.0], [3030.8, 270.0], [3030.9, 19000.0], [3030.95, 1609.0], [3031.0, 5391.0], [3031.15, 19000.0], [3031.2, 5391.0], [3031.35, 19000.0], [3031.4, 37795.0], [3031.5, 5421.0], [3031.55, 50000.0]]}}}
{"jsonrpc": "2.0", "method": "subscription", "params": {"channel": "book.ETH-PERPETUAL.none.20.100ms", "data": {"timestamp": 1766364905969, "change_id": 102355147835, "instrument_name": "ETH-PERPETUAL", "bids": [[3030.1, 7954.0], [3029.9, 1493.0], [3029.85, 22910.0], [3029.8, 60000.0], [3029.65, 2004.0], [3029.6, 5385.0], [3029.55, 1329.0], [3029.5, 12574.0], [3029.45, 5391.0], [3029.4, 19009.0], [3029.35, 1607.0], [3029.25, 11057.0], [3029.2, 9101.0], [3029.15, 19000.0], [3029.1, 59676.0], [3029.05, 5369.0], [3029.0, 19.0], [3028.95, 19000.0], [3028.8, 5987.0], [3028.75, 5372.0]], "asks": [[3030.15, 37942.0], [3030.2, 4160.0], [3030.25, 6493.0], [3030.3, 15919.0], [3030.35, 19000.0], [3030.4, 20008.0], [3030.45, 5672.0], [3030.55, 19000.0], [3030.65, 1493.0], [3030.75, 11406.0], [3030.8, 270.0], [3030.9, 19000.0], [3030.95, 1609.0], [3031.0, 5391.0], [3031.15, 19000.0], [3031.2, 5391.0], [3031.3, 37795.0], [3031.35, 19000.0], [3031.45, 50000.0], [3031.5, 5421.0]]}}}
{"jsonrpc": "2.0", "method": "subscription", "params": {"channel": "book.ETH-PERPETUAL.none.20.100ms", "data": {"timestamp": 1766364906288, "change_id": 102355148008, "instrument_name": "ETH-PERPETUAL", "bids": [[3030.1, 7954.0], [3029.9, 1493.0], [3029.85, 22910.0], [3029.8, 60000.0], [3029.65, 2004.0], [3029.6, 5385.0], [3029.55, 1329.0], [3029.5, 12574.0], [3029.45, 5391.0], [3029.4, 19009.0], [3029.35, 1607.0], [3029.25, 11057.0], [3029.2, 9101.0], [3029.15, 19000.0], [3029.1, 59676.0], [3029.05, 5369.0], [3029.0, 19.0], [3028.95, 19000.0], [3028.8, 5987.0], [3028.75, 5372.0]], "asks": [[3030.15, 42944.0], [3030.2, 9160.0], [3030.25, 12274.0], [3030.3, 30679.0], [3030.35, 19010.0], [3030.45, 5672.0], [3030.55, 19000.0], [3030.65, 1493.0], [3030.75, 11406.0], [3030.8, 260.0], [3030.9, 19000.0], [3030.95, 1609.0], [3031.0, 5391.0], [3031.15, 19000.0], [3031.2, 5391.0], [3031.3, 37795.0], [3031.35, 19000.0], [3031.45, 50000.0], [3031.5, 5421.0], [3031.6, 5672.0]]}}}
{"jsonrpc": "2.0", "method": "subscription", "params": {"channel": "book.ETH-PERPETUAL.none.20.100ms", "data": {"timestamp": 1766364906668, "change_id": 102355148332, "instrument_name": "ETH-PERPETUAL", "bids": [[3030.1, 7954.0], [3029.8, 60000.0], [3029.65, 2004.0], [3029.6, 5385.0], [3029.55, 1329.0], [3029.5, 8414.0], [3029.45, 5391.0], [3029.4, 19009.0], [3029.35, 2644.0], [3029.3, 4160.0], [3029.25, 11057.0], [3029.2, 9101.0], [3029.15, 19000.0], [3029.1, 20968.0], [3029.05, 5369.0], [3029.0, 50019.0], [3028.95, 19000.0], [3028.8, 5987.0], [3028.75, 5372.0], [3028.7, 19000.0]], "asks": [[3030.15, 63219.0], [3030.2, 12145.0], [3030.25, 5000.0], [3030.3, 10672.0], [3030.35, 19010.0], [3030.45, 5672.0], [3030.55, 19000.0], [3030.65, 1493.0], [3030.75, 11406.0], [3030.8, 100.0], [3030.9, 19000.0], [3030.95, 1609.0], [3031.0, 5391.0], [3031.1, 17784.0], [3031.15, 39011.0], [3031.2, 5391.0], [3031.35, 69000.0], [3031.5, 5421.0], [3031.6, 5672.0], [3031.65, 19000.0]]}}}
{"jsonrpc": "2.0", "method": "subscription", "params": {"channel": "book.ETH-PERPETUAL.none.20.100ms", "data": {"timestamp": 1766364907010, "change_id": 102355149148, "instrument_name": "ETH-PERPETUAL", "bids": [[3030.1, 7262.0], [3029.8, 60000.0], [3029.35, 1607.0], [3029.25, 11057.0], [3029.2, 9101.0], [3029.15, 19000.0], [3029.1, 20968.0], [3029.05, 5369.0], [3029.0, 19.0], [3028.95, 69000.0], [3028.9, 9.0], [3028.8, 5987.0], [3028.75, 5372.0], [3028.7, 19000.0], [3028.65, 1609.0], [3028.55, 5351.0], [3028.5, 7306.0], [3028.45, 19000.0], [3028.35, 5342.0], [3028.2, 8477.0]], "asks": [[3030.15, 82517.0], [3030.2, 12145.0], [3030.25, 5000.0], [3030.3, 33829.0], [3030.35, 19010.0], [3030.4, 80000.0], [3030.45, 5672.0], [3030.55, 19000.0], [3030.65, 1493.0], [3030.75, 15191.0], [3030.8, 100.0], [3030.85, 37795.0], [3030.9, 19000.0], [3030.95, 1609.0], [3031.0, 5391.0], [3031.15, 19000.0], [3031.2, 5391.0], [3031.35, 19000.0], [3031.5, 5421.0], [3031.55, 16137.0]]}}}
{"jsonrpc": "2.0", "method": "subscription", "params": {"channel": "book.ETH-PERPETUAL.none.20.100ms", "data": {"timestamp": 1766364907336, "change_id": 102355150065, "instrument_name": "ETH-PERPETUAL", "bids": [[3029.75, 2710.0], [3029.6, 1493.0], [3029.55, 5000.0], [3029.5, 3794.0], [3029.45, 5000.0], [3029.4, 5000.0], [3029.35, 19312.0], [3029.3, 60000.0], [3029.2, 1057.0], [3029.1, 5677.0], [3029.0, 4179.0], [3028.95, 35532.0], [3028.9, 50009.0], [3028.8, 14032.0], [3028.75, 5372.0], [3028.7, 19000.0], [3028.6, 1609.0], [3028.55, 5351.0], [3028.5, 7306.0], [3028.45, 19000.0]], "asks": [[3029.8, 21700.0], [3029.85, 15100.0], [3030.05, 20008.0], [3030.1, 36297.0], [3030.15, 108014.0], [3030.2, 4160.0], [3030.3, 5672.0], [3030.35, 19010.0], [3030.45, 9677.0], [3030.5, 5393.0], [3030.55, 29455.0], [3030.75, 7311.0], [3030.8, 5493.0], [3030.9, 45168.0], [3030.95, 20011.0], [3031.0, 5391.0], [3031.05, 67784.0], [3031.1, 7597.0], [3031.15, 19000.0], [3031.2, 6449.0]]}}}
{"jsonrpc": "2.0", "method": "subscription", "params": {"channel": "book.ETH-PERPETUAL.none.20.100ms", "data": {"timestamp": 1766364907670, "change_id": 102355150294, "instrument_name": "ETH-PERPETUAL", "bids": [[3029.75, 2710.0], [3029.6, 1493.0], [3029.55, 5000.0], [3029.5, 3794.0], [3029.45, 5000.0], [3029.4, 5000.0], [3029.35, 19312.0], [3029.3, 60000.0], [3029.25, 1329.0], [3029.2, 1057.0], [3029.1, 5677.0], [3029.0, 5429.0], [3028.95, 35532.0], [3028.9, 50009.0], [3028.8, 14032.0], [3028.75, 5372.0], [3028.7, 19000.0], [3028.6, 1609.0], [3028.55, 5351.0], [3028.5, 7306.0]], "asks": [[3029.8, 21800.0], [3029.85, 15100.0], [3030.05, 20008.0], [3030.1, 36297.0], [3030.15, 105442.0], [3030.2, 4160.0], [3030.3, 5672.0], [3030.35, 19010.0], [3030.45, 9677.0], [3030.5, 5393.0], [3030.55, 29455.0], [3030.75, 12350.0], [3030.8, 5493.0], [3030.85, 20011.0], [3030.9, 45168.0], [3031.0, 5391.0], [3031.05, 67784.0], [3031.1, 7597.0], [3031.15, 19000.0], [3031.2, 6449.0]]}}}
{"jsonrpc": "2.0", "method": "subscription", "params": {"channel": "book.ETH-PERPETUAL.none.20.100ms", "data": {"timestamp": 1766364907985, "change_id": 102355150836, "instrument_name": "ETH-PERPETUAL", "bids": [[3029.75, 2710.0], [3029.55, 5000.0], [3029.5, 3794.0], [3029.45, 5000.0], [3029.4, 5000.0], [3029.35, 19312.0], [3029.3, 60000.0], [3029.25, 1329.0], [3029.2, 1057.0], [3029.1, 5677.0], [3029.0, 5429.0], [3028.95, 35532.0], [3028.9, 50009.0], [3028.8, 14032.0], [3028.75, 5372.0], [3028.7, 19000.0], [3028.6, 1609.0], [3028.55, 5351.0], [3028.5, 7306.0], [3028.45, 19000.0]], "asks": [[3029.8, 21813.0], [3029.85, 15100.0], [3030.05, 20008.0], [3030.1, 36297.0], [3030.15, 105342.0], [3030.2, 4160.0], [3030.3, 5672.0], [3030.35, 19010.0], [3030.45, 9677.0], [3030.5, 5393.0], [3030.55, 29455.0], [3030.75, 12350.0], [3030.8, 5493.0], [3030.85, 20011.0], [3030.9, 39958.0], [3031.0, 5391.0], [3031.05, 67784.0], [3031.1, 7597.0], [3031.15, 19000.0], [3031.2, 6449.0]]}}}
{"jsonrpc": "2.0", "method": "subscription", "params": {"channel": "book.ETH-PERPETUAL.none.20.100ms", "data": {"timestamp": 1766364908284, "change_id": 102355151071, "instrument_name": "ETH-PERPETUAL", "bids": [[3029.75, 2710.0], [3029.55, 5000.0], [3029.5, 1493.0], [3029.4, 5000.0], [3029.35, 24312.0], [3029.3, 60000.0], [3029.25, 1329.0], [3029.2, 1057.0], [3029.1, 5677.0], [3029.0, 5429.0], [3028.95, 35532.0], [3028.9, 9.0], [3028.85, 50000.0], [3028.8, 14032.0], [3028.75, 5372.0], [3028.7, 19000.0], [3028.6, 1609.0], [3028.55, 5351.0], [3028.5, 7306.0], [3028.45, 19000.0]], "asks": [[3029.8, 26807.0], [3029.85, 15000.0], [3029.95, 1493.0], [3030.0, 5000.0], [3030.05, 20008.0], [3030.1, 36297.0], [3030.15, 105342.0], [3030.2, 4160.0], [3030.3, 5672.0], [3030.35, 19000.0], [3030.45, 9677.0], [3030.5, 5403.0], [3030.55, 29455.0], [3030.75, 12350.0], [3030.8, 5493.0], [3030.85, 20011.0], [3030.9, 39958.0], [3030.95, 17784.0], [3031.0, 5391.0], [3031.05, 50000.0]]}}}
{"jsonrpc": "2.0", "method": "subscription", "params": {"channel": "book.ETH-PERPETUAL.none.20.100ms", "data": {"timestamp": 1766364908657, "change_id": 102355151413, "instrument_name": "ETH-PERPETUAL", "bids": [[3029.75, 8203.0], [3029.6, 1493.0], [3029.55, 5000.0], [3029.5, 1493.0], [3029.4, 5000.0], [3029.35, 24312.0], [3029.3, 60000.0], [3029.25, 1329.0], [3029.2, 6729.0], [3029.15, 19000.0], [3029.1, 21491.0], [3029.0, 5429.0], [3028.95, 69000.0], [3028.9, 9.0], [3028.85, 2401.0], [3028.8, 14032.0], [3028.75, 5372.0], [3028.7, 19000.0], [3028.6, 1609.0], [3028.55, 5351.0]], "asks": [[3029.8, 25462.0], [3029.85, 15000.0], [3029.95, 21500.0], [3030.0, 5000.0], [3030.1, 36297.0], [3030.15, 105342.0], [3030.2, 4160.0], [3030.3, 5672.0], [3030.35, 19000.0], [3030.45, 9677.0], [3030.5, 5403.0], [3030.55, 29455.0], [3030.75, 7311.0], [3030.8, 5493.0], [3030.9, 31007.0], [3030.95, 17784.0], [3031.0, 25402.0], [3031.1, 21550.0], [3031.15, 69000.0], [3031.2, 6449.0]]}}}
{"jsonrpc": "2.0", "method": "subscription", "params": {"channel": "book.ETH-PERPETUAL.none.20.100ms", "data": {"timestamp": 1766364908993, "change_id": 102355152085, "instrument_name": "ETH-PERPETUAL", "bids": [[3029.75, 8895.0], [3029.6, 1493.0], [3029.55, 5000.0], [3029.5, 1493.0], [3029.4, 5000.0], [3029.35, 43312.0], [3029.3, 60000.0], [3029.25, 1338.0], [3029.2, 20928.0], [3029.15, 19000.0], [3029.1, 55677.0], [3029.0, 5429.0], [3028.95, 19000.0], [3028.85, 2401.0], [3028.8, 14032.0], [3028.75, 5372.0], [3028.7, 19000.0], [3028.6, 1609.0], [3028.55, 5351.0], [3028.5, 7306.0]], "asks": [[3029.8, 17634.0], [3029.85, 15000.0], [3030.0, 5000.0], [3030.1, 2200.0], [3030.15, 24100.0], [3030.2, 4160.0], [3030.3, 5672.0], [3030.35, 19000.0], [3030.4, 20007.0], [3030.45, 9677.0], [3030.5, 5403.0], [3030.55, 29455.0], [3030.75, 7311.0], [3030.8, 5493.0], [3030.9, 25918.0], [3031.0, 5391.0], [3031.05, 20011.0], [3031.1, 11934.0], [3031.15, 36784.0], [3031.2, 27046.0]]}}}
{"jsonrpc": "2.0", "method": "subscription", "params": {"channel": "book.ETH-PERPETUAL.none.20.100ms", "data": {"timestamp": 1766364909325, "change_id": 102355152427, "instrument_name": "ETH-PERPETUAL", "bids": [[3029.8, 34594.0], [3029.75, 101.0], [3029.7, 2985.0], [3029.65, 5000.0], [3029.55, 5000.0], [3029.5, 1493.0], [3029.4, 5000.0], [3029.35, 43312.0], [3029.3, 60000.0], [3029.25, 1338.0], [3029.2, 20928.0], [3029.15, 19000.0], [3029.1, 58178.0], [3029.0, 5429.0], [3028.95, 24399.0], [3028.85, 2401.0], [3028.8, 14032.0], [3028.75, 5372.0], [3028.7, 19000.0], [3028.6, 1609.0]], "asks": [[3029.85, 32500.0], [3030.1, 7200.0], [3030.15, 5100.0], [3030.2, 4160.0], [3030.3, 5672.0], [3030.35, 19000.0], [3030.4, 20008.0], [3030.45, 9677.0], [3030.5, 5403.0], [3030.55, 19000.0], [3030.75, 7311.0], [3030.8, 5493.0], [3030.9, 19000.0], [3030.95, 1609.0], [3031.0, 5391.0], [3031.05, 13254.0], [3031.1, 20011.0], [3031.15, 19000.0], [3031.2, 16371.0], [3031.25, 17784.0]]}}}
{"jsonrpc": "2.0", "method": "subscription", "params": {"channel": "book.ETH-PERPETUAL.none.20.100ms", "data": {"timestamp": 1766364909654, "change_id": 102355152936, "instrument_name": "ETH-PERPETUAL", "bids": [[3030.05, 20049.0], [3030.0, 17082.0], [3029.85, 1792.0], [3029.8, 5110.0], [3029.75, 200.0], [3029.7, 2985.0], [3029.65, 5000.0], [3029.55, 5000.0], [3029.5, 1493.0], [3029.4, 45396.0], [3029.35, 74000.0], [3029.3, 60000.0], [3029.25, 10527.0], [3029.2, 6458.0], [3029.15, 27055.0], [3029.1, 8178.0], [3029.0, 5429.0], [3028.95, 24399.0], [3028.8, 8667.0], [3028.75, 5372.0]], "asks": [[3030.1, 17500.0], [3030.15, 5000.0], [3030.35, 21200.0], [3030.4, 4160.0], [3030.45, 5672.0], [3030.5, 20017.0], [3030.55, 19000.0], [3030.75, 7311.0], [3030.8, 5493.0], [3030.9, 19000.0], [3030.95, 1609.0], [3031.0, 5391.0], [3031.05, 7281.0], [3031.15, 19000.0], [3031.2, 20941.0], [3031.25, 17784.0], [3031.3, 20011.0], [3031.35, 20618.0], [3031.5, 29541.0], [3031.55, 16137.0]]}}}
{"jsonrpc": "2.0", "method": "subscription", "params": {"channel": "book.ETH-PERPETUAL.none.20.100ms", "data": {"timestamp": 1766364909979, "change_id": 102355153683, "instrument_name": "ETH-PERPETUAL", "bids": [[3030.05, 20049.0], [3030.0, 17082.0], [3029.85, 1792.0], [3029.8, 5010.0], [3029.75, 100.0], [3029.7, 8275.0], [3029.65, 5000.0], [3029.55, 24000.0], [3029.5, 1493.0], [3029.4, 45396.0], [3029.35, 74000.0], [3029.3, 60000.0], [3029.25, 10527.0], [3029.2, 6458.0], [3029.15, 27055.0], [3029.1, 8178.0], [3029.0, 5429.0], [3028.95, 24399.0], [3028.8, 5987.0], [3028.75, 5372.0]], "asks": [[3030.1, 17500.0], [3030.35, 21200.0], [3030.45, 5672.0], [3030.5, 10.0], [3030.55, 19000.0], [3030.65, 5972.0], [3030.7, 20007.0], [3030.75, 7311.0], [3030.8, 5493.0], [3030.9, 19000.0], [3030.95, 3296.0], [3031.0, 11732.0], [3031.05, 7281.0], [3031.15, 19000.0], [3031.2, 9961.0], [3031.35, 31014.0], [3031.4, 20011.0], [3031.45, 17784.0], [3031.5, 15909.0], [3031.55, 16137.0]]}}}
{"jsonrpc": "2.0", "method": "subscription", "params": {"channel": "book.ETH-PERPETUAL.none.20.100ms", "data": {"timestamp": 1766364910287, "change_id": 102355153952, "instrument_name": "ETH-PERPETUAL", "bids": [[3030.05, 20149.0], [3030.0, 17082.0], [3029.9, 1493.0], [3029.85, 5000.0], [3029.8, 10.0], [3029.7, 8275.0], [3029.55, 24000.0], [3029.5, 1493.0], [3029.4, 45396.0], [3029.35, 74000.0], [3029.3, 62999.0], [3029.25, 10527.0], [3029.2, 6458.0], [3029.15, 27055.0], [3029.1, 8178.0], [3029.0, 5429.0], [3028.95, 24399.0], [3028.8, 5987.0], [3028.75, 5372.0], [3028.7, 19000.0]], "asks": [[3030.1, 17500.0], [3030.3, 5000.0], [3030.35, 21200.0], [3030.45, 5672.0], [3030.5, 10.0], [3030.55, 19000.0], [3030.75, 7311.0], [3030.8, 5493.0], [3030.9, 19000.0], [3030.95, 3296.0], [3031.0, 11732.0], [3031.05, 7281.0], [3031.15, 22001.0], [3031.2, 9961.0], [3031.35, 31014.0], [3031.4, 20011.0], [3031.45, 17784.0], [3031.5, 15909.0], [3031.55, 16137.0], [3031.6, 1218.0]]}}}
{"jsonrpc": "2.0", "method": "subscription", "params": {"channel": "book.ETH-PERPETUAL.none.20.100ms", "data": {"timestamp": 1766364910645, "change_id": 102355155099, "instrument_name": "ETH-PERPETUAL", "bids": [[3030.45, 8895.0], [3030.35, 1493.0], [3030.3, 6493.0], [3030.25, 5000.0], [3030.15, 1522.0], [3030.1, 5000.0], [3030.05, 100.0], [3030.0, 19403.0], [3029.95, 60000.0], [3029.85, 5000.0], [3029.8, 19880.0], [3029.75, 69000.0], [3029.6, 12565.0], [3029.55, 27096.0], [3029.5, 8057.0], [3029.45, 2999.0], [3029.4, 6068.0], [3029.35, 19000.0], [3029.25, 10527.0], [3029.2, 6458.0]], "asks": [[3030.5, 17510.0], [3030.65, 5672.0], [3030.7, 19000.0], [3030.8, 2300.0], [3030.85, 5672.0], [3030.9, 19000.0], [3031.05, 7281.0], [3031.15, 19000.0], [3031.2, 9961.0], [3031.35, 23407.0], [3031.4, 3001.0], [3031.45, 6341.0], [3031.5, 21120.0], [3031.55, 20011.0], [3031.6, 17944.0], [3031.65, 19000.0], [3031.75, 1575.0], [3031.8, 10947.0], [3031.85, 19000.0], [3031.9, 50000.0]]}}}
{"jsonrpc": "2.0", "method": "subscription", "params": {"channel": "book.ETH-PERPETUAL.none.20.100ms", "data": {"timestamp": 1766364910975, "change_id": 102355155785, "instrument_name": "ETH-PERPETUAL", "bids": [[3030.45, 8895.0], [3030.35, 1493.0], [3030.3, 6493.0], [3030.25, 5000.0], [3030.15, 1522.0], [3030.1, 5000.0], [3030.05, 200.0], [3030.0, 31847.0], [3029.95, 79000.0], [3029.9, 1057.0], [3029.85, 55000.0], [3029.8, 7010.0], [3029.75, 19000.0], [3029.6, 12565.0], [3029.55, 28346.0], [3029.5, 8057.0], [3029.45, 2999.0], [3029.4, 6068.0], [3029.35, 19000.0], [3029.25, 9198.0]], "asks": [[3030.5, 17510.0], [3030.7, 19000.0], [3030.8, 2300.0], [3030.85, 5672.0], [3030.9, 19000.0], [3031.05, 7281.0], [3031.15, 19000.0], [3031.2, 9961.0], [3031.35, 23407.0], [3031.4, 3001.0], [3031.45, 6341.0], [3031.5, 16382.0], [3031.6, 160.0], [3031.65, 39011.0], [3031.7, 6883.0], [3031.75, 17784.0], [3031.8, 12005.0], [3031.85, 19000.0], [3031.95, 21302.0], [3032.0, 55364.0]]}}}
{"jsonrpc": "2.0", "method": "subscription", "params": {"channel": "book.ETH-PERPETUAL.none.20.100ms", "data": {"timestamp": 1766364911286, "change_id": 102355156177, "instrument_name": "ETH-PERPETUAL", "bids": [[3030.45, 3571.0], [3030.3, 5000.0], [3030.15, 2820.0], [3030.1, 5000.0], [3030.05, 5100.0], [3030.0, 31847.0], [3029.95, 79000.0], [3029.9, 1057.0], [3029.85, 10674.0], [3029.8, 9.0], [3029.75, 19000.0], [3029.6, 12565.0], [3029.55, 38079.0], [3029.5, 8057.0], [3029.45, 50000.0], [3029.4, 9067.0], [3029.35, 19000.0], [3029.25, 9198.0], [3029.2, 5401.0], [3029.15, 19000.0]], "asks": [[3030.5, 24710.0], [3030.6, 5000.0], [3030.65, 5672.0], [3030.7, 19000.0], [3030.8, 100.0], [3030.85, 5672.0], [3030.9, 19000.0], [3031.05, 7281.0], [3031.15, 19000.0], [3031.2, 9961.0], [3031.3, 3001.0], [3031.35, 32737.0], [3031.45, 44136.0], [3031.5, 11140.0], [3031.6, 160.0], [3031.65, 40204.0], [3031.8, 62005.0], [3031.85, 19000.0], [3031.95, 7265.0], [3032.0, 5364.0]]}}}
{"jsonrpc": "2.0", "method": "subscription", "params": {"channel": "book.ETH-PERPETUAL.none.20.100ms", "data": {"timestamp": 1766364911620, "change_id": 102355156398, "instrument_name": "ETH-PERPETUAL", "bids": [[3030.45, 6186.0], [3030.35, 1493.0], [3030.3, 5000.0], [3030.15, 2820.0], [3030.1, 5000.0], [3030.05, 5100.0], [3030.0, 31847.0], [3029.95, 79000.0], [3029.9, 1057.0], [3029.85, 10674.0], [3029.8, 9.0], [3029.75, 19000.0], [3029.6, 12565.0], [3029.55, 38079.0], [3029.5, 11056.0], [3029.45, 50000.0], [3029.4, 6068.0], [3029.35, 20329.0], [3029.25, 9198.0], [3029.2, 5401.0]], "asks": [[3030.5, 24710.0], [3030.6, 5000.0], [3030.65, 5672.0], [3030.7, 19000.0], [3030.8, 100.0], [3030.85, 5672.0], [3030.9, 19000.0], [3031.05, 7281.0], [3031.15, 19000.0], [3031.2, 9961.0], [3031.35, 32737.0], [3031.4, 3001.0], [3031.45, 26352.0], [3031.5, 15718.0], [3031.6, 17944.0], [3031.65, 40204.0], [3031.8, 62005.0], [3031.85, 19000.0], [3031.95, 2829.0], [3032.0, 5364.0]]}}}
{"jsonrpc": "2.0", "method": "subscription", "params": {"channel": "book.ETH-PERPETUAL.none.20.100ms", "data": {"timestamp": 1766364911950, "change_id": 102355156872, "instrument_name": "ETH-PERPETUAL", "bids": [[3030.45, 693.0], [3030.3, 5000.0], [3030.15, 2820.0], [3030.1, 5000.0], [3030.05, 5100.0], [3030.0, 31847.0], [3029.95, 79000.0], [3029.9, 1057.0], [3029.85, 10674.0], [3029.8, 9.0], [3029.75, 19000.0], [3029.6, 12565.0], [3029.55, 38079.0], [3029.5, 11056.0], [3029.45, 50000.0], [3029.4, 6068.0], [3029.35, 20329.0], [3029.25, 9198.0], [3029.2, 5401.0], [3029.15, 19000.0]], "asks": [[3030.5, 24710.0], [3030.6, 5000.0], [3030.65, 5672.0], [3030.7, 19000.0], [3030.8, 100.0], [3030.85, 5672.0], [3030.9, 19000.0], [3031.05, 7281.0], [3031.15, 19000.0], [3031.2, 9961.0], [3031.35, 32737.0], [3031.4, 3001.0], [3031.45, 26352.0], [3031.5, 15718.0], [3031.6, 17944.0], [3031.65, 40204.0], [3031.8, 66103.0], [3031.85, 19000.0], [3031.95, 18988.0], [3032.0, 5364.0]]}}}
{"jsonrpc": "2.0", "method": "subscription", "params": {"channel": "book.ETH-PERPETUAL.none.20.100ms", "data": {"timestamp": 1766364912289, "change_id": 102355157199, "instrument_name": "ETH-PERPETUAL", "bids": [[3030.45, 11310.0], [3030.4, 5000.0], [3030.15, 2820.0], [3030.1, 5000.0], [3030.05, 5100.0], [3030.0, 31847.0], [3029.95, 79000.0], [3029.9, 1057.0], [3029.85, 10674.0], [3029.8, 9.0], [3029.75, 19000.0], [3029.6, 12565.0], [3029.55, 38079.0], [3029.5, 58057.0], [3029.45, 2999.0], [3029.4, 6068.0], [3029.35, 20329.0], [3029.25, 9198.0], [3029.2, 5401.0], [3029.15, 19000.0]], "asks": [[3030.5, 24710.0], [3030.6, 5000.0], [3030.65, 10672.0], [3030.7, 19000.0], [3030.8, 100.0], [3030.85, 5672.0], [3030.9, 19000.0], [3031.05, 7281.0], [3031.15, 19000.0], [3031.2, 9961.0], [3031.35, 23407.0], [3031.4, 3001.0], [3031.45, 6341.0], [3031.5, 21106.0], [3031.55, 20011.0], [3031.6, 17944.0], [3031.65, 40204.0], [3031.8, 66103.0], [3031.85, 19000.0], [3031.95, 18988.0]]}}}
{"jsonrpc": "2.0", "method": "subscription", "params": {"channel": "book.ETH-PERPETUAL.none.20.100ms", "data": {"timestamp": 1766364912623, "change_id": 102355157442, "instrument_name": "ETH-PERPETUAL", "bids": [[3030.45, 14871.0], [3030.4, 5000.0], [3030.15, 2820.0], [3030.1, 5000.0], [3030.05, 5100.0], [3030.0, 31847.0], [3029.95, 79000.0], [3029.9, 1057.0], [3029.85, 10674.0], [3029.8, 9.0], [3029.75, 19000.0], [3029.7, 22384.0], [3029.65, 50000.0], [3029.6, 8401.0], [3029.55, 22655.0], [3029.5, 8057.0], [3029.4, 6068.0], [3029.35, 20329.0], [3029.25, 9198.0], [3029.2, 5401.0]], "asks": [[3030.5, 22510.0], [3030.6, 5000.0], [3030.65, 5000.0], [3030.7, 19000.0], [3030.75, 3300.0], [3030.85, 5672.0], [3030.9, 19000.0], [3031.05, 7281.0], [3031.15, 19000.0], [3031.2, 9961.0], [3031.35, 23407.0], [3031.45, 9342.0], [3031.5, 21012.0], [3031.6, 20171.0], [3031.65, 19000.0], [3031.7, 7199.0], [3031.75, 17785.0], [3031.8, 30504.0], [3031.85, 69000.0], [3031.95, 18988.0]]}}}
{"jsonrpc": "2.0", "method": "subscription", "params": {"channel": "book.ETH-PERPETUAL.none.20.100ms", "data": {"timestamp": 1766364912937, "change_id": 102355157802, "instrument_name": "ETH-PERPETUAL", "bids": [[3030.45, 14810.0], [3030.4, 5000.0], [3030.15, 2820.0], [3030.1, 5000.0], [3030.05, 5100.0], [3030.0, 31847.0], [3029.95, 79000.0], [3029.9, 1057.0], [3029.85, 12003.0], [3029.8, 9.0], [3029.75, 19000.0], [3029.7, 22384.0], [3029.65, 50000.0], [3029.6, 5401.0], [3029.55, 25654.0], [3029.5, 8057.0], [3029.4, 6068.0], [3029.35, 19000.0], [3029.25, 9198.0], [3029.2, 5401.0]], "asks": [[3030.5, 22510.0], [3030.6, 5000.0], [3030.65, 5000.0], [3030.7, 19000.0], [3030.8, 3300.0], [3030.85, 5672.0], [3030.9, 19000.0], [3031.05, 7281.0], [3031.15, 19000.0], [3031.2, 9961.0], [3031.35, 28817.0], [3031.4, 3001.0], [3031.45, 6341.0], [3031.5, 36460.0], [3031.55, 17785.0], [3031.6, 160.0], [3031.65, 19000.0], [3031.7, 1890.0], [3031.8, 30504.0], [3031.85, 19000.0]]}}}
{"jsonrpc": "2.0", "method": "subscription", "params": {"channel": "book.ETH-PERPETUAL.none.20.100ms", "data": {"timestamp": 1766364913287, "change_id": 102355158270, "instrument_name": "ETH-PERPETUAL", "bids": [[3030.45, 13237.0], [3030.25, 1493.0], [3030.2, 5000.0], [3030.15, 2820.0], [3030.1, 5000.0], [3030.05, 5100.0], [3030.0, 31847.0], [3029.95, 79000.0], [3029.9, 1057.0], [3029.85, 12003.0], [3029.8, 9.0], [3029.75, 19000.0], [3029.7, 22384.0], [3029.65, 50000.0], [3029.6, 5401.0], [3029.55, 25654.0], [3029.5, 8057.0], [3029.4, 6068.0], [3029.35, 19000.0], [3029.25, 9198.0]], "asks": [[3030.5, 20810.0], [3030.6, 5000.0], [3030.65, 5000.0], [3030.7, 19000.0], [3030.85, 5672.0], [3030.9, 19000.0], [3031.05, 7281.0], [3031.15, 19000.0], [3031.2, 9961.0], [3031.35, 28817.0], [3031.45, 9342.0], [3031.5, 36460.0], [3031.55, 17785.0], [3031.6, 160.0], [3031.65, 19000.0], [3031.7, 1890.0], [3031.8, 30504.0], [3031.85, 19000.0], [3031.9, 50000.0], [3031.95, 18988.0]]}}}
{"jsonrpc": "2.0", "method": "subscription", "params": {"channel": "book.ETH-PERPETUAL.none.20.100ms", "data": {"timestamp": 1766364913601, "change_id": 102355158454, "instrument_name": "ETH-PERPETUAL", "bids": [[3030.45, 13237.0], [3030.25, 1493.0], [3030.2, 5000.0], [3030.15, 2820.0], [3030.1, 5000.0], [3030.05, 5100.0], [3030.0, 31847.0], [3029.95, 79000.0], [3029.9, 1057.0], [3029.85, 26203.0], [3029.8, 9.0], [3029.75, 19000.0], [3029.7, 58552.0], [3029.6, 8400.0], [3029.55, 22655.0], [3029.5, 8057.0], [3029.4, 6068.0], [3029.35, 19000.0], [3029.25, 9198.0], [3029.2, 5401.0]], "asks": [[3030.5, 17610.0], [3030.6, 5000.0], [3030.65, 5000.0], [3030.7, 19000.0], [3030.75, 3300.0], [3030.85, 5672.0], [3030.9, 19000.0], [3031.05, 7281.0], [3031.15, 19000.0], [3031.2, 9961.0], [3031.35, 28817.0], [3031.45, 6341.0], [3031.5, 39461.0], [3031.55, 17785.0], [3031.6, 160.0], [3031.65, 19000.0], [3031.7, 1890.0], [3031.8, 16828.0], [3031.85, 19000.0], [3031.95, 18988.0]]}}}
{"jsonrpc": "2.0", "method": "subscription", "params": {"channel": "book.ETH-PERPETUAL.none.20.100ms", "data": {"timestamp": 1766364913933, "change_id": 102355158819, "instrument_name": "ETH-PERPETUAL", "bids": [[3030.45, 11310.0], [3030.25, 1493.0], [3030.2, 5000.0], [3030.15, 2820.0], [3030.1, 5000.0], [3030.05, 5100.0], [3030.0, 31847.0], [3029.95, 79000.0], [3029.9, 1057.0], [3029.85, 12003.0], [3029.8, 9.0], [3029.75, 19000.0], [3029.7, 22384.0], [3029.65, 50000.0], [3029.6, 5401.0], [3029.55, 25654.0], [3029.5, 8057.0], [3029.4, 6068.0], [3029.35, 19000.0], [3029.25, 9198.0]], "asks": [[3030.5, 20810.0], [3030.6, 5000.0], [3030.65, 5000.0], [3030.7, 19000.0], [3030.85, 5672.0], [3030.9, 19000.0], [3031.05, 7281.0], [3031.15, 19000.0], [3031.2, 9961.0], [3031.35, 28817.0], [3031.45, 9342.0], [3031.5, 36460.0], [3031.55, 17785.0], [3031.6, 160.0], [3031.65, 19000.0], [3031.7, 1890.0], [3031.8, 16828.0], [3031.85, 19000.0], [3031.9, 50000.0], [3031.95, 18988.0]]}}}
{"jsonrpc": "2.0", "method": "subscription", "params": {"channel": "book.ETH-PERPETUAL.none.20.100ms", "data": {"timestamp": 1766364914278, "change_id": 102355159226, "instrument_name": "ETH-PERPETUAL", "bids": [[3030.45, 13738.0], [3030.4, 600.0], [3030.25, 1493.0], [3030.2, 5000.0], [3030.15, 2820.0], [3030.1, 5000.0], [3030.05, 5100.0], [3030.0, 31847.0], [3029.95, 79000.0], [3029.9, 1057.0], [3029.85, 7003.0], [3029.8, 9.0], [3029.75, 19000.0], [3029.7, 22384.0], [3029.65, 50000.0], [3029.6, 8400.0], [3029.55, 22655.0], [3029.5, 8057.0], [3029.4, 6068.0], [3029.35, 19000.0]], "asks": [[3030.5, 25900.0], [3030.65, 5010.0], [3030.7, 19000.0], [3030.8, 5000.0], [3030.85, 5672.0], [3030.9, 19000.0], [3031.05, 7281.0], [3031.15, 19000.0], [3031.2, 9961.0], [3031.35, 28817.0], [3031.45, 9342.0], [3031.5, 36460.0], [3031.55, 17785.0], [3031.6, 160.0], [3031.65, 19000.0], [3031.7, 1890.0], [3031.8, 16828.0], [3031.85, 19000.0], [3031.9, 50000.0], [3031.95, 18988.0]]}}}
{"jsonrpc": "2.0", "method": "subscription", "params": {"channel": "book.ETH-PERPETUAL.none.20.100ms", "data": {"timestamp": 1766364914587, "change_id": 102355159365, "instrument_name": "ETH-PERPETUAL", "bids": [[3030.45, 12434.0], [3030.4, 600.0], [3030.25, 1493.0], [3030.2, 5000.0], [3030.15, 2820.0], [3030.1, 5000.0], [3030.05, 5100.0], [3030.0, 31847.0], [3029.95, 79000.0], [3029.9, 1057.0], [3029.85, 7003.0], [3029.8, 9.0], [3029.75, 19000.0], [3029.7, 22384.0], [3029.65, 50000.0], [3029.6, 8400.0], [3029.55, 22655.0], [3029.5, 8057.0], [3029.4, 6068.0], [3029.35, 19000.0]], "asks": [[3030.5, 22600.0], [3030.65, 5010.0], [3030.7, 19000.0], [3030.75, 3300.0], [3030.8, 5000.0], [3030.85, 5672.0], [3030.9, 19000.0], [3031.05, 7281.0], [3031.15, 19000.0], [3031.2, 9961.0], [3031.35, 28817.0], [3031.45, 9342.0], [3031.5, 36460.0], [3031.55, 17785.0], [3031.6, 160.0], [3031.65, 19000.0], [3031.7, 1890.0], [3031.8, 16828.0], [3031.85, 19000.0], [3031.9, 50000.0]]}}}
{"jsonrpc": "2.0", "method": "subscription", "params": {"channel": "book.ETH-PERPETUAL.none.20.100ms", "data": {"timestamp": 1766364914922, "change_id": 102355159824, "instrument_name": "ETH-PERPETUAL", "bids": [[3030.45, 16270.0], [3030.4, 600.0], [3030.25, 1493.0], [3030.2, 5000.0], [3030.15, 2820.0], [3030.1, 5000.0], [3030.05, 5100.0], [3030.0, 31847.0], [3029.95, 79000.0], [3029.9, 1057.0], [3029.85, 57003.0], [3029.8, 9.0], [3029.75, 19000.0], [3029.7, 8552.0], [3029.6, 5401.0], [3029.55, 25654.0], [3029.5, 8057.0], [3029.4, 6068.0], [3029.35, 19000.0], [3029.25, 9198.0]], "asks": [[3030.5, 17500.0], [3030.65, 5010.0], [3030.75, 3300.0], [3030.8, 5000.0], [3030.9, 19000.0], [3031.05, 7281.0], [3031.15, 19000.0], [3031.2, 9961.0], [3031.35, 23407.0], [3031.4, 3001.0], [3031.45, 6341.0], [3031.5, 5421.0], [3031.6, 160.0], [3031.65, 19000.0], [3031.7, 1890.0], [3031.75, 37796.0], [3031.8, 15770.0], [3031.85, 19000.0], [3031.95, 18988.0], [3032.0, 5364.0]]}}}
{"jsonrpc": "2.0", "method": "subscription", "params": {"channel": "book.ETH-PERPETUAL.none.20.100ms", "data": {"timestamp": 1766364915269, "change_id": 102355160402, "instrument_name": "ETH-PERPETUAL", "bids": [[3030.6, 33510.0], [3030.55, 1288.0], [3030.45, 5000.0], [3030.4, 600.0], [3030.35, 1493.0], [3030.3, 5000.0], [3030.25, 1493.0], [3030.2, 5000.0], [3030.15, 2820.0], [3030.1, 5000.0], [3030.05, 5100.0], [3030.0, 31847.0], [3029.95, 79000.0], [3029.9, 1057.0], [3029.85, 57003.0], [3029.8, 9.0], [3029.75, 19000.0], [3029.7, 16617.0], [3029.65, 2999.0], [3029.6, 5401.0]], "asks": [[3030.65, 19510.0], [3030.7, 5000.0], [3030.75, 3300.0], [3030.9, 19000.0], [3031.05, 7281.0], [3031.15, 19000.0], [3031.2, 9961.0], [3031.35, 23407.0], [3031.45, 6341.0], [3031.5, 5421.0], [3031.6, 3161.0], [3031.65, 19000.0], [3031.7, 1890.0], [3031.8, 15770.0], [3031.85, 19000.0], [3031.9, 37796.0], [3031.95, 18988.0], [3032.0, 5364.0], [3032.1, 53002.0], [3032.15, 2617.0]]}}}
{"jsonrpc": "2.0", "method": "subscription", "params": {"channel": "book.ETH-PERPETUAL.none.20.100ms", "data": {"timestamp": 1766364915580, "change_id": 102355160585, "instrument_name": "ETH-PERPETUAL", "bids": [[3030.6, 33510.0], [3030.55, 1288.0], [3030.45, 5000.0], [3030.4, 600.0], [3030.35, 1493.0], [3030.3, 5000.0], [3030.25, 1493.0], [3030.2, 5000.0], [3030.15, 2820.0], [3030.1, 5000.0], [3030.05, 5100.0], [3030.0, 31847.0], [3029.95, 79000.0], [3029.9, 1057.0], [3029.85, 57003.0], [3029.8, 9.0], [3029.75, 19000.0], [3029.7, 16617.0], [3029.6, 8400.0], [3029.55, 20250.0]], "asks": [[3030.65, 19510.0], [3030.7, 5000.0], [3030.75, 3300.0], [3030.9, 19000.0], [3031.05, 7281.0], [3031.15, 19000.0], [3031.2, 9961.0], [3031.35, 23407.0], [3031.45, 9342.0], [3031.5, 5421.0], [3031.6, 160.0], [3031.65, 19000.0], [3031.7, 1890.0], [3031.8, 15770.0], [3031.85, 19000.0], [3031.9, 37796.0], [3031.95, 18988.0], [3032.0, 5364.0], [3032.1, 53002.0], [3032.15, 2617.0]]}}}
{"jsonrpc": "2.0", "method": "subscription", "params": {"channel": "book.ETH-PERPETUAL.none.20.100ms", "data": {"timestamp": 1766364915929, "change_id": 102355161048, "instrument_name": "ETH-PERPETUAL", "bids": [[3030.6, 26270.0], [3030.5, 1493.0], [3030.45, 5000.0], [3030.4, 600.0], [3030.35, 1493.0], [3030.3, 5000.0], [3030.25, 1493.0], [3030.2, 5000.0], [3030.15, 2820.0], [3030.1, 5000.0], [3030.05, 5100.0], [3030.0, 31847.0], [3029.95, 79000.0], [3029.9, 1057.0], [3029.85, 57003.0], [3029.8, 9.0], [3029.75, 19000.0], [3029.7, 16617.0], [3029.6, 8400.0], [3029.55, 20250.0]], "asks": [[3030.65, 22810.0], [3030.7, 5000.0], [3030.85, 5672.0], [3030.9, 19000.0], [3031.05, 7281.0], [3031.15, 19000.0], [3031.2, 9961.0], [3031.35, 23407.0], [3031.45, 9342.0], [3031.5, 5421.0], [3031.6, 160.0], [3031.65, 19000.0], [3031.7, 1890.0], [3031.8, 35781.0], [3031.85, 19000.0], [3031.9, 17785.0], [3031.95, 33220.0], [3032.0, 55364.0], [3032.1, 3002.0], [3032.15, 2617.0]]}}}
{"jsonrpc": "2.0", "method": "subscription", "params": {"channel": "book.ETH-PERPETUAL.none.20.100ms", "data": {"timestamp": 1766364916247, "change_id": 102355161526, "instrument_name": "ETH-PERPETUAL", "bids": [[3030.6, 26270.0], [3030.5, 1493.0], [3030.45, 8164.0], [3030.4, 5600.0], [3030.3, 5000.0], [3030.25, 1493.0], [3030.2, 5000.0], [3030.15, 1522.0], [3030.1, 5000.0], [3030.05, 100.0], [3030.0, 31847.0], [3029.95, 79000.0], [3029.9, 1057.0], [3029.85, 57003.0], [3029.8, 9.0], [3029.75, 19000.0], [3029.7, 16617.0], [3029.6, 8400.0], [3029.55, 20250.0], [3029.45, 5406.0]], "asks": [[3030.65, 27810.0], [3030.8, 5000.0], [3030.85, 5672.0], [3030.9, 19000.0], [3031.05, 7281.0], [3031.15, 19000.0], [3031.2, 9961.0], [3031.35, 23407.0], [3031.45, 9342.0], [3031.5, 5421.0], [3031.6, 160.0], [3031.65, 19000.0], [3031.7, 1890.0], [3031.8, 35781.0], [3031.85, 19000.0], [3031.9, 17785.0], [3031.95, 17061.0], [3032.0, 55364.0], [3032.1, 3002.0], [3032.15, 2617.0]]}}}
{"jsonrpc": "2.0", "method": "subscription", "params": {"channel": "book.ETH-PERPETUAL.none.20.100ms", "data": {"timestamp": 1766364916588, "change_id": 102355161741, "instrument_name": "ETH-PERPETUAL", "bids": [[3030.6, 26270.0], [3030.5, 1493.0], [3030.45, 8164.0], [3030.4, 5600.0], [3030.3, 5000.0], [3030.25, 1493.0], [3030.2, 5000.0], [3030.15, 1522.0], [3030.1, 5000.0], [3030.05, 100.0], [3030.0, 31847.0], [3029.95, 79000.0], [3029.9, 1057.0], [3029.85, 57003.0], [3029.8, 9.0], [3029.75, 19000.0], [3029.7, 16617.0], [3029.65, 2999.0], [3029.6, 5401.0], [3029.55, 20250.0]], "asks": [[3030.65, 24610.0], [3030.8, 5000.0], [3030.9, 3300.0], [3031.05, 7281.0], [3031.15, 19000.0], [3031.2, 9961.0], [3031.35, 23407.0], [3031.45, 6341.0], [3031.5, 5421.0], [3031.6, 3161.0], [3031.65, 19000.0], [3031.7, 1890.0], [3031.8, 15770.0], [3031.85, 39011.0], [3031.9, 17785.0], [3031.95, 17061.0], [3032.0, 5364.0], [3032.1, 53002.0], [3032.15, 18294.0], [3032.2, 5222.0]]}}}
{"jsonrpc": "2.0", "method": "subscription", "params": {"channel": "book.ETH-PERPETUAL.none.20.100ms", "data": {"timestamp": 1766364916909, "change_id": 102355162135, "instrument_name": "ETH-PERPETUAL", "bids": [[3030.6, 26270.0], [3030.5, 1493.0], [3030.45, 8164.0], [3030.4, 5600.0], [3030.3, 5000.0], [3030.25, 1493.0], [3030.2, 5000.0], [3030.15, 1522.0], [3030.1, 5000.0], [3030.05, 100.0], [3030.0, 19403.0], [3029.95, 19000.0], [3029.9, 1057.0], [3029.85, 57003.0], [3029.8, 9.0], [3029.75, 19000.0], [3029.7, 16617.0], [3029.65, 2999.0], [3029.6, 5401.0], [3029.55, 20250.0]], "asks": [[3030.65, 24610.0], [3030.8, 5000.0], [3030.9, 3300.0], [3031.05, 7281.0], [3031.15, 19000.0], [3031.2, 9961.0], [3031.35, 23407.0], [3031.45, 6341.0], [3031.5, 5421.0], [3031.6, 8833.0], [3031.65, 19000.0], [3031.7, 1890.0], [3031.8, 15770.0], [3031.85, 19000.0], [3031.9, 37796.0], [3031.95, 17061.0], [3032.0, 5364.0], [3032.05, 19000.0], [3032.1, 53002.0], [3032.15, 18294.0]]}}}
{"jsonrpc": "2.0", "method": "subscription", "params": {"channel": "book.ETH-PERPETUAL.none.20.100ms", "data": {"timestamp": 1766364917225, "change_id": 102355162577, "instrument_name": "ETH-PERPETUAL", "bids": [[3030.6, 31270.0], [3030.55, 2985.0], [3030.5, 5000.0], [3030.45, 6672.0], [3030.4, 600.0], [3030.3, 5000.0], [3030.25, 1493.0], [3030.2, 5000.0], [3030.15, 1531.0], [3030.1, 5000.0], [3030.05, 100.0], [3030.0, 20493.0], [3029.95, 69000.0], [3029.9, 1057.0], [3029.85, 7003.0], [3029.75, 19000.0], [3029.7, 16617.0], [3029.65, 2999.0], [3029.6, 5401.0], [3029.55, 20250.0]], "asks": [[3030.65, 24610.0], [3030.9, 3300.0], [3031.0, 5000.0], [3031.05, 7281.0], [3031.15, 19000.0], [3031.2, 9961.0], [3031.35, 23407.0], [3031.45, 6341.0], [3031.5, 5421.0], [3031.55, 3001.0], [3031.6, 5832.0], [3031.65, 19000.0], [3031.7, 1890.0], [3031.8, 15770.0], [3031.85, 19000.0], [3031.9, 37796.0], [3031.95, 2829.0], [3032.0, 5364.0], [3032.05, 19000.0], [3032.1, 3002.0]]}}}
{"jsonrpc": "2.0", "method": "subscription", "params": {"channel": "book.ETH-PERPETUAL.none.20.100ms", "data": {"timestamp": 1766364917517, "change_id": 102355162724, "instrument_name": "ETH-PERPETUAL", "bids": [[3030.6, 31270.0], [3030.55, 2985.0], [3030.5, 5000.0], [3030.45, 6672.0], [3030.4, 600.0], [3030.3, 5000.0], [3030.25, 1493.0], [3030.2, 5000.0], [3030.15, 1531.0], [3030.1, 5000.0], [3030.05, 100.0], [3030.0, 20493.0], [3029.95, 69000.0], [3029.9, 1057.0], [3029.85, 7003.0], [3029.75, 19000.0], [3029.7, 16617.0], [3029.65, 2999.0], [3029.6, 5401.0], [3029.55, 20250.0]], "asks": [[3030.65, 24524.0], [3030.85, 5000.0], [3030.9, 3300.0], [3031.0, 5000.0], [3031.05, 7281.0], [3031.15, 19000.0], [3031.2, 9961.0], [3031.35, 23407.0], [3031.45, 6341.0], [3031.5, 5421.0], [3031.55, 3001.0], [3031.6, 5832.0], [3031.65, 19000.0], [3031.7, 1890.0], [3031.8, 15770.0], [3031.85, 19000.0], [3031.9, 37796.0], [3031.95, 2829.0], [3032.0, 5364.0], [3032.05, 19000.0]]}}}
{"jsonrpc": "2.0", "method": "subscription", "params": {"channel": "book.ETH-PERPETUAL.none.20.100ms", "data": {"timestamp": 1766364917913, "change_id": 102355163131, "instrument_name": "ETH-PERPETUAL", "bids": [[3030.6, 20484.0], [3030.55, 2985.0], [3030.5, 5000.0], [3030.45, 6672.0], [3030.4, 600.0], [3030.3, 5000.0], [3030.25, 1493.0], [3030.2, 5000.0], [3030.15, 1531.0], [3030.1, 5000.0], [3030.05, 100.0], [3030.0, 20493.0], [3029.95, 69000.0], [3029.9, 1057.0], [3029.85, 9578.0], [3029.75, 19000.0], [3029.7, 16617.0], [3029.65, 2999.0], [3029.6, 5401.0], [3029.55, 20250.0]], "asks": [[3030.65, 24524.0], [3030.85, 5000.0], [3030.9, 3300.0], [3030.95, 1493.0], [3031.0, 5000.0], [3031.05, 7281.0], [3031.15, 19000.0], [3031.2, 9961.0], [3031.35, 23407.0], [3031.45, 6341.0], [3031.5, 5421.0], [3031.6, 5832.0], [3031.65, 19000.0], [3031.7, 1890.0], [3031.8, 35781.0], [3031.85, 19000.0], [3031.9, 17785.0], [3031.95, 22732.0], [3032.0, 5364.0], [3032.05, 69000.0]]}}}
{"jsonrpc": "2.0", "method": "subscription", "params": {"channel": "book.ETH-PERPETUAL.none.20.100ms", "data": {"timestamp": 1766364918214, "change_id": 102355163644, "instrument_name": "ETH-PERPETUAL", "bids": [[3030.6, 693.0], [3030.4, 600.0], [3030.35, 1493.0], [3030.3, 5000.0], [3030.25, 1493.0], [3030.2, 5000.0], [3030.15, 1522.0], [3030.1, 5000.0], [3030.05, 100.0], [3030.0, 6384.0], [3029.95, 19000.0], [3029.9, 1057.0], [3029.85, 9411.0], [3029.75, 19009.0], [3029.7, 30449.0], [3029.6, 5401.0], [3029.55, 73249.0], [3029.5, 1614.0], [3029.45, 5406.0], [3029.4, 6068.0]], "asks": [[3030.65, 22824.0], [3030.75, 5000.0], [3030.95, 1493.0], [3031.0, 5000.0], [3031.05, 7281.0], [3031.15, 19000.0], [3031.2, 9961.0], [3031.35, 23407.0], [3031.45, 9342.0], [3031.5, 5421.0], [3031.6, 25843.0], [3031.65, 19000.0], [3031.7, 1890.0], [3031.75, 17785.0], [3031.8, 15770.0], [3031.85, 19000.0], [3031.9, 50000.0], [3031.95, 2829.0], [3032.0, 5364.0], [3032.05, 19000.0]]}}}
{"jsonrpc": "2.0", "method": "subscription", "params": {"channel": "book.ETH-PERPETUAL.none.20.100ms", "data": {"timestamp": 1766364918550, "change_id": 102355163798, "instrument_name": "ETH-PERPETUAL", "bids": [[3030.6, 693.0], [3030.4, 600.0], [3030.3, 5000.0], [3030.25, 1493.0], [3030.2, 5000.0], [3030.15, 1522.0], [3030.1, 5000.0], [3030.05, 100.0], [3030.0, 6384.0], [3029.95, 19000.0], [3029.9, 1057.0], [3029.85, 9411.0], [3029.75, 19009.0], [3029.7, 30449.0], [3029.6, 8401.0], [3029.55, 70250.0], [3029.5, 1614.0], [3029.45, 5406.0], [3029.4, 6068.0], [3029.35, 19000.0]], "asks": [[3030.65, 22924.0], [3030.7, 1493.0], [3030.75, 5000.0], [3030.95, 1493.0], [3031.0, 5000.0], [3031.05, 7281.0], [3031.15, 19000.0], [3031.2, 9961.0], [3031.35, 23407.0], [3031.45, 9342.0], [3031.5, 5421.0], [3031.6, 25843.0], [3031.65, 19000.0], [3031.7, 1890.0], [3031.75, 17785.0], [3031.8, 15770.0], [3031.85, 19000.0], [3031.9, 50000.0], [3031.95, 2829.0], [3032.0, 5364.0]]}}}
{"jsonrpc": "2.0", "method": "subscription", "params": {"channel": "book.ETH-PERPETUAL.none.20.100ms", "data": {"timestamp": 1766364918904, "change_id": 102355164222, "instrument_name": "ETH-PERPETUAL", "bids": [[3030.6, 9188.0], [3030.4, 600.0], [3030.35, 1493.0], [3030.3, 5000.0], [3030.25, 1493.0], [3030.2, 5000.0], [3030.15, 1522.0], [3030.1, 5000.0], [3030.05, 100.0], [3030.0, 6384.0], [3029.95, 19000.0], [3029.9, 1057.0], [3029.85, 9411.0], [3029.75, 19009.0], [3029.7, 30449.0], [3029.6, 55401.0], [3029.55, 23249.0], [3029.5, 1614.0], [3029.45, 5406.0], [3029.4, 6068.0]], "asks": [[3030.65, 22924.0], [3030.75, 5000.0], [3030.95, 1493.0], [3031.0, 5000.0], [3031.05, 7281.0], [3031.15, 19000.0], [3031.2, 9961.0], [3031.35, 23407.0], [3031.4, 3001.0], [3031.45, 6341.0], [3031.5, 5421.0], [3031.6, 25843.0], [3031.65, 19000.0], [3031.75, 17785.0], [3031.8, 15770.0], [3031.85, 19000.0], [3031.9, 50000.0], [3031.95, 2829.0], [3032.0, 5364.0], [3032.05, 19000.0]]}}}
{"jsonrpc": "2.0", "method": "subscription", "params": {"channel": "book.ETH-PERPETUAL.none.20.100ms", "data": {"timestamp": 1766364919232, "change_id": 102355164643, "instrument_name": "ETH-PERPETUAL", "bids": [[3030.6, 9188.0], [3030.55, 600.0], [3030.35, 1493.0], [3030.3, 5000.0], [3030.25, 1493.0], [3030.2, 5000.0], [3030.15, 1522.0], [3030.1, 5000.0], [3030.05, 100.0], [3030.0, 6384.0], [3029.95, 19000.0], [3029.9, 1057.0], [3029.85, 9411.0], [3029.75, 19009.0], [3029.7, 16617.0], [3029.65, 52999.0], [3029.6, 5401.0], [3029.55, 20250.0], [3029.5, 1614.0], [3029.45, 5406.0]], "asks": [[3030.65, 27924.0], [3030.85, 1493.0], [3030.9, 5000.0], [3030.95, 1493.0], [3031.0, 5000.0], [3031.05, 7281.0], [3031.15, 19000.0], [3031.2, 13600.0], [3031.35, 33865.0], [3031.45, 6341.0], [3031.5, 5421.0], [3031.55, 3001.0], [3031.6, 5832.0], [3031.65, 19000.0], [3031.8, 35781.0], [3031.85, 36785.0], [3031.95, 2829.0], [3032.0, 55364.0], [3032.05, 19000.0], [3032.1, 3002.0]]}}}
{"jsonrpc": "2.0", "method": "subscription", "params": {"channel": "book.ETH-PERPETUAL.none.20.100ms", "data": {"timestamp": 1766364919386, "change_id": 102355164681, "instrument_name": "ETH-PERPETUAL", "bids": [[3030.6, 9188.0], [3030.55, 600.0], [3030.35, 1493.0], [3030.3, 5000.0], [3030.25, 1493.0], [3030.2, 5000.0], [3030.15, 1522.0], [3030.1, 5000.0], [3030.05, 100.0], [3030.0, 6384.0], [3029.95, 19000.0], [3029.9, 1057.0], [3029.85, 9411.0], [3029.75, 19009.0], [3029.7, 19616.0], [3029.65, 50000.0], [3029.6, 5401.0], [3029.55, 20250.0], [3029.5, 1614.0], [3029.45, 5406.0]], "asks": [[3030.65, 27924.0], [3030.85, 1493.0], [3030.9, 5000.0], [3030.95, 1493.0], [3031.0, 5000.0], [3031.05, 7281.0], [3031.1, 5000.0], [3031.15, 19000.0], [3031.2, 13600.0], [3031.35, 33865.0], [3031.45, 6341.0], [3031.5, 5421.0], [3031.55, 3001.0], [3031.6, 5832.0], [3031.65, 19000.0], [3031.8, 35781.0], [3031.85, 36785.0], [3031.95, 2829.0], [3032.0, 55364.0], [3032.05, 19000.0]]}}}
{"jsonrpc": "2.0", "method": "subscription", "params": {"channel": "book.ETH-PERPETUAL.none.20.100ms", "data": {"timestamp": 1766364919896, "change_id": 102355165137, "instrument_name": "ETH-PERPETUAL", "bids": [[3030.6, 12764.0], [3030.55, 600.0], [3030.35, 1493.0], [3030.3, 5000.0], [3030.25, 1493.0], [3030.2, 5000.0], [3030.15, 1522.0], [3030.1, 5000.0], [3030.05, 100.0], [3030.0, 6384.0], [3029.95, 19000.0], [3029.9, 1057.0], [3029.85, 9411.0], [3029.75, 22009.0], [3029.7, 66617.0], [3029.6, 5401.0], [3029.55, 20250.0], [3029.5, 1614.0], [3029.45, 5406.0], [3029.4, 6068.0]], "asks": [[3030.65, 27924.0], [3030.85, 1493.0], [3030.9, 5000.0], [3030.95, 1493.0], [3031.0, 5000.0], [3031.05, 7281.0], [3031.1, 5000.0], [3031.15, 19000.0], [3031.2, 13600.0], [3031.35, 33865.0], [3031.45, 6341.0], [3031.5, 5421.0], [3031.6, 8833.0], [3031.65, 19000.0], [3031.8, 15770.0], [3031.85, 36785.0], [3031.9, 20011.0], [3031.95, 22732.0], [3032.0, 55364.0], [3032.05, 19000.0]]}}}
{"jsonrpc": "2.0", "method": "subscription", "params": {"channel": "book.ETH-PERPETUAL.none.20.100ms", "data": {"timestamp": 1766364920173, "change_id": 102355165518, "instrument_name": "ETH-PERPETUAL", "bids": [[3030.6, 9188.0], [3030.55, 600.0], [3030.35, 1493.0], [3030.3, 5000.0], [3030.25, 1493.0], [3030.2, 5000.0], [3030.15, 1522.0], [3030.1, 5000.0], [3030.05, 100.0], [3030.0, 6384.0], [3029.95, 19000.0], [3029.9, 1057.0], [3029.85, 24198.0], [3029.75, 19009.0], [3029.7, 66617.0], [3029.65, 2999.0], [3029.6, 5401.0], [3029.55, 20250.0], [3029.5, 1614.0], [3029.45, 5406.0]], "asks": [[3030.65, 27924.0], [3030.8, 5000.0], [3030.85, 1493.0], [3030.9, 5000.0], [3030.95, 1493.0], [3031.0, 5000.0], [3031.05, 7281.0], [3031.1, 5000.0], [3031.15, 19000.0], [3031.2, 13600.0], [3031.35, 33865.0], [3031.45, 6341.0], [3031.5, 5421.0], [3031.55, 3001.0], [3031.6, 5832.0], [3031.65, 19000.0], [3031.8, 15770.0], [3031.85, 19000.0], [3031.9, 20011.0], [3031.95, 40517.0]]}}}
{"jsonrpc": "2.0", "method": "subscription", "params": {"channel": "book.ETH-PERPETUAL.none.20.100ms", "data": {"timestamp": 1766364920486, "change_id": 102355165658, "instrument_name": "ETH-PERPETUAL", "bids": [[3030.6, 9188.0], [3030.55, 600.0], [3030.35, 1493.0], [3030.3, 5000.0], [3030.25, 1493.0], [3030.2, 5000.0], [3030.15, 1522.0], [3030.1, 5000.0], [3030.05, 100.0], [3030.0, 6384.0], [3029.95, 19000.0], [3029.9, 1057.0], [3029.85, 24198.0], [3029.75, 19009.0], [3029.7, 66617.0], [3029.65, 2999.0], [3029.6, 5401.0], [3029.55, 20250.0], [3029.5, 1614.0], [3029.45, 5406.0]], "asks": [[3030.65, 27924.0], [3030.8, 5000.0], [3030.85, 1493.0], [3030.9, 5000.0], [3030.95, 1493.0], [3031.0, 5000.0], [3031.05, 7281.0], [3031.1, 5000.0], [3031.15, 19000.0], [3031.2, 13600.0], [3031.35, 33865.0], [3031.45, 6341.0], [3031.5, 5421.0], [3031.55, 3001.0], [3031.6, 5832.0], [3031.65, 19000.0], [3031.8, 35781.0], [3031.85, 19000.0], [3031.95, 40517.0], [3032.0, 55364.0]]}}}
{"jsonrpc": "2.0", "method": "subscription", "params": {"channel": "book.ETH-PERPETUAL.none.20.100ms", "data": {"timestamp": 1766364920864, "change_id": 102355166044, "instrument_name": "ETH-PERPETUAL", "bids": [[3030.6, 13366.0], [3030.55, 600.0], [3030.35, 1493.0], [3030.3, 5000.0], [3030.25, 1493.0], [3030.2, 5000.0], [3030.15, 1522.0], [3030.1, 5000.0], [3030.05, 100.0], [3030.0, 20493.0], [3029.95, 69000.0], [3029.9, 1057.0], [3029.85, 9411.0], [3029.75, 22009.0], [3029.7, 16617.0], [3029.6, 5401.0], [3029.55, 20250.0], [3029.5, 1614.0], [3029.45, 5406.0], [3029.4, 6068.0]], "asks": [[3030.65, 24624.0], [3030.8, 5000.0], [3030.85, 1493.0], [3030.9, 8300.0], [3030.95, 1493.0], [3031.0, 5000.0], [3031.05, 7281.0], [3031.1, 5000.0], [3031.15, 19000.0], [3031.2, 13600.0], [3031.35, 33865.0], [3031.45, 6341.0], [3031.5, 5421.0], [3031.6, 8833.0], [3031.65, 19000.0], [3031.8, 15770.0], [3031.85, 19000.0], [3031.9, 20011.0], [3031.95, 40517.0], [3032.0, 55364.0]]}}}
{"jsonrpc": "2.0", "method": "subscription", "params": {"channel": "book.ETH-PERPETUAL.none.20.100ms", "data": {"timestamp": 1766364921134, "change_id": 102355166434, "instrument_name": "ETH-PERPETUAL", "bids": [[3030.6, 14361.0], [3030.55, 600.0], [3030.35, 1493.0], [3030.3, 5000.0], [3030.25, 1493.0], [3030.2, 5000.0], [3030.15, 1522.0], [3030.1, 5000.0], [3030.05, 100.0], [3030.0, 20493.0], [3029.95, 69000.0], [3029.9, 1057.0], [3029.85, 9411.0], [3029.75, 19009.0], [3029.7, 16617.0], [3029.6, 8400.0], [3029.55, 20250.0], [3029.5, 1614.0], [3029.45, 5406.0], [3029.4, 6068.0]], "asks": [[3030.65, 22924.0], [3030.8, 5000.0], [3030.85, 1493.0], [3030.9, 5000.0], [3030.95, 1493.0], [3031.0, 5000.0], [3031.05, 7281.0], [3031.1, 5000.0], [3031.15, 19000.0], [3031.2, 13600.0], [3031.35, 33865.0], [3031.45, 9342.0], [3031.5, 5421.0], [3031.6, 5832.0], [3031.65, 19000.0], [3031.8, 35781.0], [3031.85, 19000.0], [3031.95, 40517.0], [3032.0, 55364.0], [3032.05, 19000.0]]}}}
{"jsonrpc": "2.0", "method": "subscription", "params": {"channel": "book.ETH-PERPETUAL.none.20.100ms", "data": {"timestamp": 1766364921504, "change_id": 102355166575, "instrument_name": "ETH-PERPETUAL", "bids": [[3030.6, 14361.0], [3030.55, 600.0], [3030.35, 1493.0], [3030.3, 5000.0], [3030.25, 1493.0], [3030.2, 5000.0], [3030.15, 1522.0], [3030.1, 5000.0], [3030.05, 100.0], [3030.0, 20493.0], [3029.95, 69000.0], [3029.9, 1057.0], [3029.85, 9411.0], [3029.75, 19009.0], [3029.7, 16617.0], [3029.65, 2999.0], [3029.6, 5401.0], [3029.55, 20250.0], [3029.5, 1614.0], [3029.45, 5406.0]], "asks": [[3030.65, 22924.0], [3030.8, 5000.0], [3030.85, 1493.0], [3030.9, 5000.0], [3030.95, 1493.0], [3031.0, 5000.0], [3031.05, 7281.0], [3031.1, 5000.0], [3031.15, 19000.0], [3031.2, 13600.0], [3031.35, 33865.0], [3031.45, 6341.0], [3031.5, 5421.0], [3031.55, 3001.0], [3031.6, 5832.0], [3031.65, 19000.0], [3031.75, 17785.0], [3031.8, 25286.0], [3031.85, 19000.0], [3031.95, 22732.0]]}}}
{"jsonrpc": "2.0", "method": "subscription", "params": {"channel": "book.ETH-PERPETUAL.none.20.100ms", "data": {"timestamp": 1766364921870, "change_id": 102355166966, "instrument_name": "ETH-PERPETUAL", "bids": [[3030.6, 6652.0], [3030.55, 600.0], [3030.35, 1493.0], [3030.3, 5000.0], [3030.25, 1493.0], [3030.2, 5000.0], [3030.15, 1522.0], [3030.1, 5000.0], [3030.05, 100.0], [3030.0, 6384.0], [3029.95, 19000.0], [3029.9, 1057.0], [3029.85, 23302.0], [3029.75, 69009.0], [3029.7, 16617.0], [3029.65, 3000.0], [3029.6, 5401.0], [3029.55, 20250.0], [3029.5, 1614.0], [3029.45, 5406.0]], "asks": [[3030.65, 22924.0], [3030.75, 2985.0], [3030.8, 5000.0], [3030.9, 5000.0], [3030.95, 1493.0], [3031.0, 5000.0], [3031.05, 7281.0], [3031.1, 5000.0], [3031.15, 19000.0], [3031.2, 13600.0], [3031.35, 33865.0], [3031.45, 6341.0], [3031.5, 5421.0], [3031.55, 3001.0], [3031.6, 5832.0], [3031.65, 19000.0], [3031.7, 20011.0], [3031.75, 17785.0], [3031.8, 5275.0], [3031.85, 19000.0]]}}}
{"jsonrpc": "2.0", "method": "subscription", "params": {"channel": "book.ETH-PERPETUAL.none.20.100ms", "data": {"timestamp": 1766364922184, "change_id": 102355167350, "instrument_name": "ETH-PERPETUAL", "bids": [[3030.6, 6746.0], [3030.55, 600.0], [3030.35, 1493.0], [3030.3, 5000.0], [3030.25, 1493.0], [3030.2, 5000.0], [3030.15, 1522.0], [3030.1, 5000.0], [3030.05, 100.0], [3030.0, 6384.0], [3029.95, 19000.0], [3029.9, 1057.0], [3029.85, 23302.0], [3029.75, 69009.0], [3029.7, 16617.0], [3029.6, 8400.0], [3029.55, 20250.0], [3029.5, 1614.0], [3029.45, 5406.0], [3029.4, 6068.0]], "asks": [[3030.65, 27789.0], [3030.7, 5000.0], [3030.75, 1493.0], [3030.9, 5000.0], [3030.95, 1493.0], [3031.0, 5000.0], [3031.05, 7281.0], [3031.1, 5000.0], [3031.15, 19000.0], [3031.2, 13600.0], [3031.35, 33865.0], [3031.45, 9342.0], [3031.5, 5421.0], [3031.6, 25843.0], [3031.65, 19000.0], [3031.75, 17785.0], [3031.8, 25872.0], [3031.85, 19000.0], [3031.95, 52829.0], [3032.0, 5364.0]]}}}
{"jsonrpc": "2.0", "method": "subscription", "params": {"channel": "book.ETH-PERPETUAL.none.20.100ms", "data": {"timestamp": 1766364922460, "change_id": 102355167469, "instrument_name": "ETH-PERPETUAL", "bids": [[3030.6, 6746.0], [3030.55, 600.0], [3030.35, 1493.0], [3030.3, 5000.0], [3030.25, 1493.0], [3030.2, 5000.0], [3030.15, 1522.0], [3030.1, 5000.0], [3030.05, 100.0], [3030.0, 20493.0], [3029.95, 19000.0], [3029.9, 1057.0], [3029.85, 59411.0], [3029.75, 19009.0], [3029.7, 16617.0], [3029.65, 3000.0], [3029.6, 5401.0], [3029.55, 20250.0], [3029.5, 1614.0], [3029.45, 5406.0]], "asks": [[3030.65, 27889.0], [3030.7, 5000.0], [3030.75, 1493.0], [3030.9, 5000.0], [3030.95, 1503.0], [3031.0, 5000.0], [3031.05, 7281.0], [3031.1, 5000.0], [3031.15, 19000.0], [3031.2, 13600.0], [3031.35, 33865.0], [3031.45, 9342.0], [3031.5, 5421.0], [3031.6, 5832.0], [3031.65, 19000.0], [3031.7, 20011.0], [3031.75, 17785.0], [3031.8, 25872.0], [3031.85, 19000.0], [3031.95, 52829.0]]}}}
{"jsonrpc": "2.0", "method": "subscription", "params": {"channel": "book.ETH-PERPETUAL.none.20.100ms", "data": {"timestamp": 1766364922861, "change_id": 102355167875, "instrument_name": "ETH-PERPETUAL", "bids": [[3030.6, 11104.0], [3030.55, 600.0], [3030.35, 1493.0], [3030.3, 5000.0], [3030.25, 1493.0], [3030.2, 5000.0], [3030.15, 1522.0], [3030.1, 5000.0], [3030.05, 100.0], [3030.0, 20493.0], [3029.95, 69000.0], [3029.9, 1057.0], [3029.85, 9411.0], [3029.75, 19009.0], [3029.7, 16617.0], [3029.65, 3000.0], [3029.6, 5401.0], [3029.55, 20250.0], [3029.5, 1614.0], [3029.45, 5406.0]], "asks": [[3030.65, 27889.0], [3030.7, 5000.0], [3030.85, 1493.0], [3030.9, 5000.0], [3030.95, 1503.0], [3031.0, 5000.0], [3031.05, 7281.0], [3031.1, 5000.0], [3031.15, 19000.0], [3031.2, 13600.0], [3031.35, 33865.0], [3031.45, 6341.0], [3031.5, 5421.0], [3031.55, 3001.0], [3031.6, 5832.0], [3031.65, 19000.0], [3031.8, 5275.0], [3031.85, 19000.0], [3031.9, 37796.0], [3031.95, 2829.0]]}}}
{"jsonrpc": "2.0", "method": "subscription", "params": {"channel": "book.ETH-PERPETUAL.none.20.100ms", "data": {"timestamp": 1766364923191, "change_id": 102355168299, "instrument_name": "ETH-PERPETUAL", "bids": [[3030.6, 16104.0], [3030.55, 600.0], [3030.35, 1493.0], [3030.3, 5000.0], [3030.25, 1493.0], [3030.2, 5000.0], [3030.15, 1522.0], [3030.1, 5000.0], [3030.05, 100.0], [3030.0, 20493.0], [3029.95, 69000.0], [3029.9, 1057.0], [3029.85, 9411.0], [3029.75, 19009.0], [3029.7, 16617.0], [3029.65, 3000.0], [3029.6, 5401.0], [3029.55, 20250.0], [3029.5, 1614.0], [3029.45, 5406.0]], "asks": [[3030.65, 25870.0], [3030.8, 5000.0], [3030.85, 1493.0], [3030.9, 5000.0], [3030.95, 1503.0], [3031.0, 5000.0], [3031.05, 7281.0], [3031.1, 5000.0], [3031.15, 19000.0], [3031.2, 13600.0], [3031.35, 33865.0], [3031.45, 6341.0], [3031.5, 5421.0], [3031.55, 3001.0], [3031.6, 5832.0], [3031.65, 19000.0], [3031.8, 5275.0], [3031.85, 19000.0], [3031.9, 37796.0], [3031.95, 22732.0]]}}}
{"jsonrpc": "2.0", "method": "subscription", "params": {"channel": "book.ETH-PERPETUAL.none.20.100ms", "data": {"timestamp": 1766364923417, "change_id": 102355168356, "instrument_name": "ETH-PERPETUAL", "bids": [[3030.6, 16104.0], [3030.55, 600.0], [3030.35, 1493.0], [3030.3, 5000.0], [3030.25, 1493.0], [3030.2, 5000.0], [3030.15, 1522.0], [3030.1, 5000.0], [3030.05, 100.0], [3030.0, 20493.0], [3029.95, 69000.0], [3029.9, 1057.0], [3029.85, 9411.0], [3029.75, 19009.0], [3029.7, 16617.0], [3029.65, 3000.0], [3029.6, 5401.0], [3029.55, 20250.0], [3029.5, 1614.0], [3029.45, 5406.0]], "asks": [[3030.65, 27770.0], [3030.8, 5000.0], [3030.85, 1493.0], [3030.9, 5000.0], [3030.95, 1503.0], [3031.0, 5000.0], [3031.05, 7281.0], [3031.1, 5000.0], [3031.15, 19000.0], [3031.2, 13600.0], [3031.35, 33865.0], [3031.45, 6341.0], [3031.5, 5421.0], [3031.55, 3001.0], [3031.6, 5832.0], [3031.65, 19000.0], [3031.8, 5275.0], [3031.85, 19000.0], [3031.9, 37796.0], [3031.95, 22732.0]]}}}
{"jsonrpc": "2.0", "method": "subscription", "params": {"channel": "book.ETH-PERPETUAL.none.20.100ms", "data": {"timestamp": 1766364923788, "change_id": 102355168826, "instrument_name": "ETH-PERPETUAL", "bids": [[3030.6, 16104.0], [3030.55, 600.0], [3030.35, 1493.0], [3030.3, 5000.0], [3030.25, 1493.0], [3030.2, 5000.0], [3030.15, 1522.0], [3030.1, 5009.0], [3030.05, 100.0], [3030.0, 20493.0], [3029.95, 69000.0], [3029.9, 1057.0], [3029.85, 9411.0], [3029.75, 19000.0], [3029.7, 16617.0], [3029.65, 2999.0], [3029.6, 5401.0], [3029.55, 20250.0], [3029.5, 1614.0], [3029.45, 5406.0]], "asks": [[3030.65, 22470.0], [3030.8, 5000.0], [3030.9, 5000.0], [3030.95, 4803.0], [3031.0, 5000.0], [3031.05, 7281.0], [3031.1, 5000.0], [3031.15, 19000.0], [3031.2, 13600.0], [3031.35, 33865.0], [3031.45, 6341.0], [3031.5, 5421.0], [3031.55, 3001.0], [3031.6, 5832.0], [3031.65, 19000.0], [3031.8, 5275.0], [3031.85, 19000.0], [3031.95, 22840.0], [3032.0, 23149.0], [3032.05, 19000.0]]}}}
{"jsonrpc": "2.0", "method": "subscription", "params": {"channel": "book.ETH-PERPETUAL.none.20.100ms", "data": {"timestamp": 1766364924177, "change_id": 102355169273, "instrument_name": "ETH-PERPETUAL", "bids": [[3030.6, 19179.0], [3030.55, 600.0], [3030.45, 2985.0], [3030.4, 5000.0], [3030.3, 5000.0], [3030.25, 6973.0], [3030.2, 5000.0], [3030.15, 35255.0], [3030.1, 5009.0], [3030.05, 100.0], [3030.0, 56384.0], [3029.95, 19000.0], [3029.9, 1057.0], [3029.85, 9411.0], [3029.75, 19000.0], [3029.7, 16617.0], [3029.65, 3000.0], [3029.6, 5401.0], [3029.55, 20250.0], [3029.5, 1614.0]], "asks": [[3030.65, 22470.0], [3030.9, 5000.0], [3030.95, 3310.0], [3031.0, 5000.0], [3031.1, 5000.0], [3031.15, 19000.0], [3031.2, 13600.0], [3031.35, 33865.0], [3031.45, 6341.0], [3031.5, 5421.0], [3031.6, 8833.0], [3031.65, 19000.0], [3031.8, 5275.0], [3031.85, 19000.0], [3031.95, 22840.0], [3032.0, 23149.0], [3032.05, 19000.0], [3032.1, 24481.0], [3032.15, 66735.0], [3032.2, 5222.0]]}}}
{"jsonrpc": "2.0", "method": "subscription", "params": {"channel": "book.ETH-PERPETUAL.none.20.100ms", "data": {"timestamp": 1766364924504, "change_id": 102355170046, "instrument_name": "ETH-PERPETUAL", "bids": [[3030.6, 12046.0], [3030.5, 1929.0], [3030.45, 8657.0], [3030.4, 5000.0], [3030.35, 19000.0], [3030.3, 5000.0], [3030.25, 21173.0], [3030.2, 5000.0], [3030.15, 73352.0], [3030.1, 6259.0], [3030.05, 6441.0], [3030.0, 6384.0], [3029.95, 19000.0], [3029.9, 4057.0], [3029.85, 8082.0], [3029.75, 19000.0], [3029.7, 16617.0], [3029.6, 5401.0], [3029.55, 19000.0], [3029.5, 1614.0]], "asks": [[3030.65, 17514.0], [3030.95, 10.0], [3031.0, 5000.0], [3031.05, 3300.0], [3031.1, 5000.0], [3031.2, 4107.0], [3031.35, 10458.0], [3031.45, 1618.0], [3031.5, 5419.0], [3031.6, 5832.0], [3031.65, 19000.0], [3031.7, 3001.0], [3031.75, 1575.0], [3031.8, 5275.0], [3031.85, 25341.0], [3031.95, 2829.0], [3032.0, 5364.0], [3032.05, 56796.0], [3032.1, 3002.0], [3032.2, 5222.0]]}}}
{"jsonrpc": "2.0", "method": "subscription", "params": {"channel": "book.ETH-PERPETUAL.none.20.100ms", "data": {"timestamp": 1766364924807, "change_id": 102355170458, "instrument_name": "ETH-PERPETUAL", "bids": [[3030.6, 12055.0], [3030.5, 600.0], [3030.45, 8657.0], [3030.4, 6058.0], [3030.35, 19000.0], [3030.3, 5000.0], [3030.25, 21173.0], [3030.2, 5000.0], [3030.15, 73352.0], [3030.1, 6259.0], [3030.05, 6441.0], [3030.0, 6384.0], [3029.95, 19000.0], [3029.85, 8082.0], [3029.8, 3000.0], [3029.75, 19000.0], [3029.7, 16617.0], [3029.6, 5401.0], [3029.55, 19000.0], [3029.5, 1614.0]], "asks": [[3030.65, 17514.0], [3030.95, 10.0], [3031.0, 5000.0], [3031.05, 3300.0], [3031.1, 5000.0], [3031.2, 4107.0], [3031.35, 10458.0], [3031.4, 7289.0], [3031.45, 19000.0], [3031.5, 5419.0], [3031.6, 8833.0], [3031.65, 19000.0], [3031.75, 1575.0], [3031.8, 5275.0], [3031.85, 25341.0], [3031.95, 2829.0], [3032.0, 5364.0], [3032.05, 39011.0], [3032.1, 3002.0], [3032.15, 17785.0]]}}}
{"jsonrpc": "2.0", "method": "subscription", "params": {"channel": "book.ETH-PERPETUAL.none.20.100ms", "data": {"timestamp": 1766364925162, "change_id": 102355171073, "instrument_name": "ETH-PERPETUAL", "bids": [[3030.6, 6254.0], [3030.55, 1701.0], [3030.5, 5700.0], [3030.45, 1808.0], [3030.4, 1058.0], [3030.3, 5000.0], [3030.25, 7164.0], [3030.2, 5000.0], [3030.15, 35581.0], [3030.1, 6259.0], [3030.05, 100.0], [3030.0, 57713.0], [3029.95, 19000.0], [3029.85, 8082.0], [3029.75, 19000.0], [3029.7, 16617.0], [3029.6, 5401.0], [3029.55, 19000.0], [3029.5, 1614.0], [3029.45, 11747.0]], "asks": [[3030.65, 25914.0], [3030.95, 1503.0], [3031.0, 5000.0], [3031.2, 9164.0], [3031.25, 19000.0], [3031.35, 13459.0], [3031.4, 7289.0], [3031.45, 19000.0], [3031.5, 5419.0], [3031.6, 5832.0], [3031.65, 19000.0], [3031.75, 1575.0], [3031.8, 53084.0], [3031.85, 25341.0], [3031.95, 70614.0], [3032.0, 5364.0], [3032.05, 19000.0], [3032.1, 3002.0], [3032.2, 6280.0], [3032.25, 21157.0]]}}}
{"jsonrpc": "2.0", "method": "subscription", "params": {"channel": "book.ETH-PERPETUAL.none.20.100ms", "data": {"timestamp": 1766364925482, "change_id": 102355171351, "instrument_name": "ETH-PERPETUAL", "bids": [[3030.6, 6955.0], [3030.55, 1701.0], [3030.5, 5700.0], [3030.45, 1808.0], [3030.4, 1058.0], [3030.3, 5000.0], [3030.25, 7164.0], [3030.2, 5000.0], [3030.15, 35581.0], [3030.1, 6250.0], [3030.05, 50100.0], [3030.0, 7713.0], [3029.95, 19000.0], [3029.9, 3000.0], [3029.85, 8082.0], [3029.75, 19000.0], [3029.7, 16617.0], [3029.6, 5401.0], [3029.55, 19000.0], [3029.5, 1614.0]], "asks": [[3030.65, 14.0], [3030.95, 17510.0], [3031.0, 5000.0], [3031.15, 3300.0], [3031.2, 9164.0], [3031.25, 19000.0], [3031.35, 10458.0], [3031.4, 7289.0], [3031.45, 19000.0], [3031.5, 5419.0], [3031.6, 5832.0], [3031.65, 19000.0], [3031.75, 4576.0], [3031.8, 5275.0], [3031.85, 25341.0], [3031.95, 2829.0], [3032.0, 5364.0], [3032.05, 19000.0], [3032.1, 3002.0], [3032.15, 37796.0]]}}}
{"jsonrpc": "2.0", "method": "subscription", "params": {"channel": "book.ETH-PERPETUAL.none.20.100ms", "data": {"timestamp": 1766364925822, "change_id": 102355171798, "instrument_name": "ETH-PERPETUAL", "bids": [[3030.6, 6846.0], [3030.55, 1701.0], [3030.5, 5700.0], [3030.45, 1808.0], [3030.4, 1058.0], [3030.3, 5000.0], [3030.25, 7164.0], [3030.2, 5000.0], [3030.15, 35581.0], [3030.1, 6250.0], [3030.05, 50109.0], [3030.0, 7713.0], [3029.95, 19000.0], [3029.85, 8082.0], [3029.8, 2999.0], [3029.75, 19000.0], [3029.7, 16617.0], [3029.6, 5401.0], [3029.55, 19000.0], [3029.5, 1614.0]], "asks": [[3030.65, 17514.0], [3030.95, 4803.0], [3031.0, 5000.0], [3031.2, 9164.0], [3031.25, 19000.0], [3031.35, 10458.0], [3031.4, 7289.0], [3031.45, 19000.0], [3031.5, 5419.0], [3031.6, 5832.0], [3031.65, 19000.0], [3031.7, 3001.0], [3031.75, 1575.0], [3031.8, 5275.0], [3031.85, 25341.0], [3031.95, 2829.0], [3032.0, 5364.0], [3032.05, 39011.0], [3032.1, 3002.0], [3032.15, 17785.0]]}}}
{"jsonrpc": "2.0", "method": "subscription", "params": {"channel": "book.ETH-PERPETUAL.none.20.100ms", "data": {"timestamp": 1766364926065, "change_id": 102355172212, "instrument_name": "ETH-PERPETUAL", "bids": [[3030.6, 11946.0], [3030.55, 1701.0], [3030.5, 5700.0], [3030.45, 1808.0], [3030.4, 1058.0], [3030.3, 5000.0], [3030.25, 7164.0], [3030.2, 5000.0], [3030.15, 35581.0], [3030.1, 6250.0], [3030.05, 50109.0], [3030.0, 7713.0], [3029.95, 19000.0], [3029.85, 8082.0], [3029.8, 2999.0], [3029.75, 19000.0], [3029.7, 16617.0], [3029.6, 5401.0], [3029.55, 19000.0], [3029.5, 1614.0]], "asks": [[3030.65, 22614.0], [3030.9, 5100.0], [3030.95, 3310.0], [3031.2, 9164.0], [3031.25, 19000.0], [3031.35, 10458.0], [3031.4, 7289.0], [3031.45, 19000.0], [3031.5, 5419.0], [3031.6, 8833.0], [3031.65, 19000.0], [3031.75, 1575.0], [3031.8, 5275.0], [3031.85, 25341.0], [3031.95, 40625.0], [3032.0, 5364.0], [3032.05, 19000.0], [3032.1, 3002.0], [3032.2, 56280.0], [3032.25, 21157.0]]}}}
{"jsonrpc": "2.0", "method": "subscription", "params": {"channel": "book.ETH-PERPETUAL.none.20.100ms", "data": {"timestamp": 1766364926500, "change_id": 102355172475, "instrument_name": "ETH-PERPETUAL", "bids": [[3030.6, 11946.0], [3030.55, 1701.0], [3030.5, 5700.0], [3030.45, 1808.0], [3030.4, 1058.0], [3030.3, 26173.0], [3030.2, 5000.0], [3030.15, 20898.0], [3030.1, 6250.0], [3030.05, 50109.0], [3030.0, 7713.0], [3029.95, 19000.0], [3029.85, 8082.0], [3029.75, 21999.0], [3029.7, 16617.0], [3029.6, 5401.0], [3029.55, 19000.0], [3029.5, 3552.0], [3029.45, 5406.0], [3029.4, 13254.0]], "asks": [[3030.65, 17514.0], [3030.9, 5100.0], [3030.95, 3310.0], [3031.2, 9164.0], [3031.25, 19000.0], [3031.35, 10458.0], [3031.4, 7289.0], [3031.45, 19000.0], [3031.5, 5419.0], [3031.6, 8833.0], [3031.65, 19000.0], [3031.75, 1575.0], [3031.8, 5275.0], [3031.85, 25341.0], [3031.95, 2829.0], [3032.0, 5364.0], [3032.05, 19000.0], [3032.1, 3002.0], [3032.15, 37796.0], [3032.2, 56280.0]]}}}
{"jsonrpc": "2.0", "method": "subscription", "params": {"channel": "book.ETH-PERPETUAL.none.20.100ms", "data": {"timestamp": 1766364926766, "change_id": 102355172707, "instrument_name": "ETH-PERPETUAL", "bids": [[3030.6, 12046.0], [3030.55, 1701.0], [3030.5, 5700.0], [3030.45, 1808.0], [3030.4, 1058.0], [3030.3, 12164.0], [3030.2, 5000.0], [3030.15, 35977.0], [3030.1, 6250.0], [3030.05, 50109.0], [3030.0, 7713.0], [3029.95, 19000.0], [3029.85, 8082.0], [3029.75, 21999.0], [3029.7, 16617.0], [3029.6, 5401.0], [3029.55, 19000.0], [3029.5, 3552.0], [3029.45, 5406.0], [3029.4, 13254.0]], "asks": [[3030.65, 17514.0], [3030.9, 5100.0], [3030.95, 3310.0], [3031.2, 9164.0], [3031.25, 19000.0], [3031.35, 10458.0], [3031.4, 7289.0], [3031.45, 19000.0], [3031.5, 5419.0], [3031.55, 3001.0], [3031.6, 5832.0], [3031.65, 19000.0], [3031.75, 1575.0], [3031.8, 5275.0], [3031.85, 25341.0], [3031.95, 2829.0], [3032.0, 5364.0], [3032.05, 39011.0], [3032.1, 3002.0], [3032.15, 17785.0]]}}}
{"jsonrpc": "2.0", "method": "subscription", "params": {"channel": "book.ETH-PERPETUAL.none.20.100ms", "data": {"timestamp": 1766364927124, "change_id": 102355173242, "instrument_name": "ETH-PERPETUAL", "bids": [[3030.6, 12046.0], [3030.55, 1701.0], [3030.5, 5700.0], [3030.4, 2580.0], [3030.35, 5100.0], [3030.3, 7164.0], [3030.2, 5000.0], [3030.15, 35977.0], [3030.1, 6250.0], [3030.05, 50109.0], [3030.0, 7713.0], [3029.95, 19000.0], [3029.9, 3000.0], [3029.85, 8082.0], [3029.75, 19000.0], [3029.7, 16617.0], [3029.6, 5401.0], [3029.55, 19000.0], [3029.5, 3552.0], [3029.45, 5406.0]], "asks": [[3030.65, 22614.0], [3030.9, 5100.0], [3030.95, 3310.0], [3031.2, 9164.0], [3031.25, 19000.0], [3031.35, 10458.0], [3031.4, 7289.0], [3031.45, 19000.0], [3031.5, 5419.0], [3031.6, 5832.0], [3031.65, 19000.0], [3031.75, 4576.0], [3031.8, 5275.0], [3031.85, 25341.0], [3031.95, 2829.0], [3032.0, 5364.0], [3032.05, 19000.0], [3032.1, 23013.0], [3032.15, 17785.0], [3032.2, 56280.0]]}}}
{"jsonrpc": "2.0", "method": "subscription", "params": {"channel": "book.ETH-PERPETUAL.none.20.100ms", "data": {"timestamp": 1766364927453, "change_id": 102355173330, "instrument_name": "ETH-PERPETUAL", "bids": [[3030.6, 12046.0], [3030.55, 1701.0], [3030.5, 5700.0], [3030.4, 2580.0], [3030.35, 5100.0], [3030.3, 7164.0], [3030.2, 5000.0], [3030.15, 35977.0], [3030.1, 6250.0], [3030.05, 50109.0], [3030.0, 7713.0], [3029.95, 19000.0], [3029.9, 3000.0], [3029.85, 8082.0], [3029.75, 19000.0], [3029.7, 16617.0], [3029.6, 5401.0], [3029.55, 19000.0], [3029.5, 3552.0], [3029.45, 5406.0]], "asks": [[3030.65, 22600.0], [3030.9, 5100.0], [3030.95, 3310.0], [3031.2, 9164.0], [3031.25, 19000.0], [3031.35, 10458.0], [3031.4, 7289.0], [3031.45, 19000.0], [3031.5, 5419.0], [3031.6, 5832.0], [3031.65, 19000.0], [3031.7, 3001.0], [3031.75, 1575.0], [3031.8, 5275.0], [3031.85, 25341.0], [3031.95, 2829.0], [3032.0, 5364.0], [3032.05, 19000.0], [3032.1, 23013.0], [3032.15, 40256.0]]}}}
{"jsonrpc": "2.0", "method": "subscription", "params": {"channel": "book.ETH-PERPETUAL.none.20.100ms", "data": {"timestamp": 1766364927792, "change_id": 102355173984, "instrument_name": "ETH-PERPETUAL", "bids": [[3030.6, 12055.0], [3030.55, 1701.0], [3030.5, 5700.0], [3030.4, 17311.0], [3030.35, 74100.0], [3030.3, 7164.0], [3030.2, 5000.0], [3030.15, 21945.0], [3030.1, 6250.0], [3030.05, 100.0], [3030.0, 10712.0], [3029.95, 19000.0], [3029.85, 18535.0], [3029.75, 19000.0], [3029.7, 16617.0], [3029.6, 5401.0], [3029.55, 19000.0], [3029.5, 3552.0], [3029.45, 5406.0], [3029.4, 13254.0]], "asks": [[3030.65, 28.0], [3030.95, 10.0], [3031.25, 39800.0], [3031.45, 19000.0], [3031.5, 30.0], [3031.6, 5672.0], [3031.65, 19000.0], [3031.75, 1575.0], [3031.8, 10947.0], [3031.85, 19000.0], [3031.9, 3001.0], [3031.95, 2829.0], [3032.0, 5364.0], [3032.05, 19000.0], [3032.1, 3002.0], [3032.2, 32419.0], [3032.25, 21157.0], [3032.3, 17282.0], [3032.35, 5226.0], [3032.4, 19344.0]]}}}
{"jsonrpc": "2.0", "method": "subscription", "params": {"channel": "book.ETH-PERPETUAL.none.20.100ms", "data": {"timestamp": 1766364928143, "change_id": 102355174443, "instrument_name": "ETH-PERPETUAL", "bids": [[3030.6, 12055.0], [3030.55, 6429.0], [3030.5, 600.0], [3030.4, 17311.0], [3030.35, 74100.0], [3030.3, 7164.0], [3030.2, 5000.0], [3030.15, 21945.0], [3030.1, 6250.0], [3030.05, 3100.0], [3030.0, 6384.0], [3029.95, 19000.0], [3029.85, 18535.0], [3029.75, 19000.0], [3029.7, 16617.0], [3029.6, 5401.0], [3029.55, 19000.0], [3029.5, 3552.0], [3029.45, 5406.0], [3029.4, 13254.0]], "asks": [[3030.65, 28.0], [3030.9, 5100.0], [3030.95, 10.0], [3031.25, 39800.0], [3031.45, 19000.0], [3031.5, 30.0], [3031.6, 11060.0], [3031.65, 19000.0], [3031.75, 1575.0], [3031.8, 10947.0], [3031.85, 19000.0], [3031.9, 3001.0], [3031.95, 2829.0], [3032.0, 5364.0], [3032.05, 19000.0], [3032.1, 3002.0], [3032.2, 50204.0], [3032.25, 21157.0], [3032.3, 17282.0], [3032.35, 5226.0]]}}}
{"jsonrpc": "2.0", "method": "subscription", "params": {"channel": "book.ETH-PERPETUAL.none.20.100ms", "data": {"timestamp": 1766364928473, "change_id": 102355174594, "instrument_name": "ETH-PERPETUAL", "bids": [[3030.6, 12055.0], [3030.55, 6429.0], [3030.5, 600.0], [3030.4, 17311.0], [3030.35, 74100.0], [3030.3, 7164.0], [3030.2, 5000.0], [3030.15, 23898.0], [3030.1, 6250.0], [3030.05, 100.0], [3030.0, 6384.0], [3029.95, 19000.0], [3029.85, 18535.0], [3029.75, 19000.0], [3029.7, 16617.0], [3029.6, 5401.0], [3029.55, 19000.0], [3029.5, 3552.0], [3029.45, 5406.0], [3029.4, 13254.0]], "asks": [[3030.65, 28.0], [3030.95, 10.0], [3031.25, 39800.0], [3031.45, 19000.0], [3031.5, 30.0], [3031.6, 11060.0], [3031.65, 19000.0], [3031.75, 1575.0], [3031.8, 10947.0], [3031.85, 19000.0], [3031.9, 3001.0], [3031.95, 2829.0], [3032.0, 5364.0], [3032.05, 19000.0], [3032.1, 3002.0], [3032.2, 50204.0], [3032.25, 21157.0], [3032.3, 17282.0], [3032.35, 5226.0], [3032.4, 24066.0]]}}}
{"jsonrpc": "2.0", "method": "subscription", "params": {"channel": "book.ETH-PERPETUAL.none.20.100ms", "data": {"timestamp": 1766364928802, "change_id": 102355174966, "instrument_name": "ETH-PERPETUAL", "bids": [[3030.6, 12155.0], [3030.55, 6429.0], [3030.5, 600.0], [3030.4, 17311.0], [3030.35, 74100.0], [3030.3, 7164.0], [3030.2, 5000.0], [3030.15, 20898.0], [3030.1, 6250.0], [3030.05, 3100.0], [3030.0, 6384.0], [3029.95, 19000.0], [3029.85, 18535.0], [3029.75, 19000.0], [3029.7, 16617.0], [3029.6, 5401.0], [3029.55, 19000.0], [3029.5, 3552.0], [3029.45, 5406.0], [3029.4, 13254.0]], "asks": [[3030.65, 28.0], [3030.95, 10.0], [3031.25, 39800.0], [3031.45, 19000.0], [3031.5, 30.0], [3031.6, 11060.0], [3031.65, 19000.0], [3031.75, 1575.0], [3031.8, 10947.0], [3031.85, 19000.0], [3031.9, 3001.0], [3031.95, 2829.0], [3032.0, 5364.0], [3032.05, 19000.0], [3032.1, 3002.0], [3032.2, 50204.0], [3032.25, 21157.0], [3032.3, 17282.0], [3032.35, 5226.0], [3032.4, 24066.0]]}}}
{"jsonrpc": "2.0", "method": "subscription", "params": {"channel": "book.ETH-PERPETUAL.none.20.100ms", "data": {"timestamp": 1766364929131, "change_id": 102355175387, "instrument_name": "ETH-PERPETUAL", "bids": [[3030.6, 12755.0], [3030.55, 1329.0], [3030.5, 1522.0], [3030.45, 5100.0], [3030.4, 39009.0], [3030.35, 134100.0], [3030.3, 7164.0], [3030.15, 20298.0], [3030.1, 1250.0], [3030.05, 3099.0], [3030.0, 6384.0], [3029.95, 19000.0], [3029.85, 18535.0], [3029.75, 19000.0], [3029.7, 16617.0], [3029.6, 5401.0], [3029.55, 19000.0], [3029.5, 3552.0], [3029.45, 5406.0], [3029.4, 13254.0]], "asks": [[3030.65, 28.0], [3030.9, 5100.0], [3030.95, 10.0], [3031.25, 39800.0], [3031.45, 19000.0], [3031.5, 30.0], [3031.6, 11060.0], [3031.65, 19000.0], [3031.75, 1575.0], [3031.8, 10947.0], [3031.85, 19000.0], [3031.9, 3001.0], [3031.95, 2829.0], [3032.0, 5364.0], [3032.05, 19000.0], [3032.1, 3002.0], [3032.2, 50204.0], [3032.25, 21157.0], [3032.3, 17282.0], [3032.35, 5226.0]]}}}
{"jsonrpc": "2.0", "method": "subscription", "params": {"channel": "book.ETH-PERPETUAL.none.20.100ms", "data": {"timestamp": 1766364929382, "change_id": 102355175437, "instrument_name": "ETH-PERPETUAL", "bids": [[3030.6, 12755.0], [3030.55, 1329.0], [3030.5, 1522.0], [3030.45, 5100.0], [3030.4, 39009.0], [3030.35, 134100.0], [3030.3, 7164.0], [3030.15, 20298.0], [3030.1, 1250.0], [3030.05, 3099.0], [3030.0, 6384.0], [3029.95, 19000.0], [3029.85, 18535.0], [3029.75, 19000.0], [3029.7, 16617.0], [3029.6, 5401.0], [3029.55, 19000.0], [3029.5, 3552.0], [3029.45, 5406.0], [3029.4, 13254.0]], "asks": [[3030.65, 28.0], [3030.9, 5100.0], [3031.1, 10.0], [3031.25, 39800.0], [3031.45, 19000.0], [3031.5, 30.0], [3031.6, 11060.0], [3031.65, 19000.0], [3031.75, 1575.0], [3031.8, 10947.0], [3031.85, 19000.0], [3031.9, 3001.0], [3031.95, 2829.0], [3032.0, 5364.0], [3032.05, 19000.0], [3032.1, 3002.0], [3032.15, 20657.0], [3032.2, 50204.0], [3032.25, 21157.0], [3032.3, 2001.0]]}}}
{"jsonrpc": "2.0", "method": "subscription", "params": {"channel": "book.ETH-PERPETUAL.none.20.100ms", "data": {"timestamp": 1766364929797, "change_id": 102355175938, "instrument_name": "ETH-PERPETUAL", "bids": [[3030.6, 12755.0], [3030.55, 1329.0], [3030.5, 1522.0], [3030.45, 5100.0], [3030.4, 39009.0], [3030.35, 134100.0], [3030.3, 7164.0], [3030.15, 19000.0], [3030.1, 1250.0], [3030.05, 100.0], [3030.0, 8871.0], [3029.95, 19000.0], [3029.9, 2999.0], [3029.85, 18535.0], [3029.75, 19000.0], [3029.7, 16617.0], [3029.6, 5401.0], [3029.55, 19000.0], [3029.5, 3552.0], [3029.45, 5406.0]], "asks": [[3030.65, 28.0], [3030.9, 5100.0], [3031.1, 10.0], [3031.25, 39800.0], [3031.4, 5680.0], [3031.45, 19000.0], [3031.5, 30.0], [3031.6, 11060.0], [3031.65, 19000.0], [3031.7, 3001.0], [3031.75, 1575.0], [3031.8, 10947.0], [3031.85, 19000.0], [3031.95, 2829.0], [3032.0, 5364.0], [3032.05, 19000.0], [3032.1, 23013.0], [3032.2, 30193.0], [3032.25, 21157.0], [3032.3, 2001.0]]}}}
{"jsonrpc": "2.0", "method": "subscription", "params": {"channel": "book.ETH-PERPETUAL.none.20.100ms", "data": {"timestamp": 1766364930108, "change_id": 102355176434, "instrument_name": "ETH-PERPETUAL", "bids": [[3030.6, 7655.0], [3030.55, 5100.0], [3030.5, 1522.0], [3030.45, 5100.0], [3030.4, 39009.0], [3030.35, 135429.0], [3030.3, 11321.0], [3030.15, 19000.0], [3030.1, 1250.0], [3030.05, 100.0], [3030.0, 8871.0], [3029.95, 19000.0], [3029.9, 2999.0], [3029.85, 18535.0], [3029.75, 19000.0], [3029.7, 16617.0], [3029.6, 5401.0], [3029.55, 19000.0], [3029.5, 1614.0], [3029.45, 5406.0]], "asks": [[3030.65, 28.0], [3031.1, 10.0], [3031.25, 39800.0], [3031.4, 9837.0], [3031.45, 19000.0], [3031.5, 30.0], [3031.6, 5672.0], [3031.65, 19000.0], [3031.7, 2470.0], [3031.75, 3001.0], [3031.8, 10947.0], [3031.85, 19000.0], [3031.95, 2829.0], [3032.0, 5364.0], [3032.05, 19000.0], [3032.1, 3002.0], [3032.2, 5222.0], [3032.25, 21157.0], [3032.3, 22012.0], [3032.35, 5226.0]]}}}
{"jsonrpc": "2.0", "method": "subscription", "params": {"channel": "book.ETH-PERPETUAL.none.20.100ms", "data": {"timestamp": 1766364930437, "change_id": 102355176517, "instrument_name": "ETH-PERPETUAL", "bids": [[3030.6, 7555.0], [3030.55, 5100.0], [3030.5, 1522.0], [3030.45, 5100.0], [3030.4, 39009.0], [3030.35, 135429.0], [3030.3, 11321.0], [3030.15, 20298.0], [3030.1, 1250.0], [3030.05, 100.0], [3030.0, 11871.0], [3029.95, 19000.0], [3029.85, 18535.0], [3029.75, 19000.0], [3029.7, 16617.0], [3029.6, 5401.0], [3029.55, 19000.0], [3029.5, 1614.0], [3029.45, 5406.0], [3029.4, 6068.0]], "asks": [[3030.65, 28.0], [3031.1, 10.0], [3031.25, 39800.0], [3031.4, 9837.0], [3031.45, 19000.0], [3031.5, 30.0], [3031.6, 5672.0], [3031.65, 19000.0], [3031.7, 2470.0], [3031.8, 13948.0], [3031.85, 19000.0], [3031.95, 2829.0], [3032.0, 5364.0], [3032.05, 19000.0], [3032.1, 3002.0], [3032.2, 5222.0], [3032.25, 21157.0], [3032.3, 22012.0], [3032.35, 5226.0], [3032.4, 19344.0]]}}}
{"jsonrpc": "2.0", "method": "subscription", "params": {"channel": "book.ETH-PERPETUAL.none.20.100ms", "data": {"timestamp": 1766364930782, "change_id": 102355176853, "instrument_name": "ETH-PERPETUAL", "bids": [[3030.6, 7455.0], [3030.55, 5100.0], [3030.5, 1522.0], [3030.45, 5100.0], [3030.4, 39009.0], [3030.35, 135429.0], [3030.3, 11321.0], [3030.15, 20298.0], [3030.1, 1250.0], [3030.05, 3099.0], [3030.0, 8871.0], [3029.95, 19000.0], [3029.85, 18535.0], [3029.75, 19000.0], [3029.7, 16617.0], [3029.6, 5401.0], [3029.55, 19000.0], [3029.5, 1614.0], [3029.45, 5406.0], [3029.4, 6068.0]], "asks": [[3030.65, 28.0], [3031.05, 5100.0], [3031.1, 10.0], [3031.25, 39800.0], [3031.4, 9837.0], [3031.45, 19000.0], [3031.5, 30.0], [3031.6, 5672.0], [3031.65, 19000.0], [3031.7, 1575.0], [3031.8, 10947.0], [3031.85, 19000.0], [3031.9, 3001.0], [3031.95, 2829.0], [3032.0, 5364.0], [3032.05, 19000.0], [3032.1, 3002.0], [3032.2, 5222.0], [3032.25, 21157.0], [3032.3, 22012.0]]}}}
{"jsonrpc": "2.0", "method": "subscription", "params": {"channel": "book.ETH-PERPETUAL.none.20.100ms", "data": {"timestamp": 1766364931125, "change_id": 102355177416, "instrument_name": "ETH-PERPETUAL", "bids": [[3030.6, 12482.0], [3030.55, 5100.0], [3030.5, 1522.0], [3030.45, 5100.0], [3030.4, 39009.0], [3030.35, 85429.0], [3030.3, 7164.0], [3030.25, 50000.0], [3030.15, 20298.0], [3030.1, 1250.0], [3030.05, 3099.0], [3030.0, 8871.0], [3029.95, 19000.0], [3029.85, 18535.0], [3029.75, 19000.0], [3029.7, 16617.0], [3029.6, 5401.0], [3029.55, 19000.0], [3029.5, 1614.0], [3029.45, 5406.0]], "asks": [[3030.65, 28.0], [3031.05, 5100.0], [3031.1, 10.0], [3031.25, 39800.0], [3031.4, 9837.0], [3031.45, 19000.0], [3031.5, 30.0], [3031.6, 5672.0], [3031.65, 19000.0], [3031.7, 1575.0], [3031.8, 10947.0], [3031.85, 19000.0], [3031.9, 3001.0], [3031.95, 2829.0], [3032.0, 5364.0], [3032.05, 19000.0], [3032.1, 3002.0], [3032.2, 25233.0], [3032.25, 21157.0], [3032.3, 2001.0]]}}}
{"jsonrpc": "2.0", "method": "subscription", "params": {"channel": "book.ETH-PERPETUAL.none.20.100ms", "data": {"timestamp": 1766364931454, "change_id": 102355177527, "instrument_name": "ETH-PERPETUAL", "bids": [[3030.6, 12892.0], [3030.55, 5100.0], [3030.5, 1522.0], [3030.45, 5100.0], [3030.4, 30716.0], [3030.35, 85429.0], [3030.3, 19681.0], [3030.25, 50000.0], [3030.15, 20298.0], [3030.1, 1250.0], [3030.05, 3100.0], [3030.0, 8871.0], [3029.95, 19000.0], [3029.85, 18535.0], [3029.75, 19000.0], [3029.7, 16617.0], [3029.6, 5401.0], [3029.55, 19000.0], [3029.5, 1614.0], [3029.45, 5406.0]], "asks": [[3030.65, 28.0], [3031.0, 17500.0], [3031.05, 5100.0], [3031.25, 22310.0], [3031.4, 14631.0], [3031.45, 19000.0], [3031.5, 30.0], [3031.6, 5672.0], [3031.65, 19000.0], [3031.7, 1575.0], [3031.8, 13948.0], [3031.85, 19000.0], [3031.95, 2829.0], [3032.0, 5364.0], [3032.05, 19000.0], [3032.1, 3002.0], [3032.2, 5222.0], [3032.25, 21157.0], [3032.3, 39797.0], [3032.35, 5226.0]]}}}
{"jsonrpc": "2.0", "method": "subscription", "params": {"channel": "book.ETH-PERPETUAL.none.20.100ms", "data": {"timestamp": 1766364931769, "change_id": 102355177827, "instrument_name": "ETH-PERPETUAL", "bids": [[3030.6, 12992.0], [3030.55, 5100.0], [3030.5, 1522.0], [3030.45, 5100.0], [3030.4, 30716.0], [3030.35, 85429.0], [3030.3, 19681.0], [3030.25, 50000.0], [3030.15, 22000.0], [3030.1, 1250.0], [3030.05, 100.0], [3030.0, 8871.0], [3029.95, 19000.0], [3029.85, 18535.0], [3029.75, 19000.0], [3029.7, 16617.0], [3029.6, 5401.0], [3029.55, 19000.0], [3029.5, 1614.0], [3029.45, 5406.0]], "asks": [[3030.65, 28.0], [3031.0, 17500.0], [3031.05, 5100.0], [3031.25, 22310.0], [3031.4, 14631.0], [3031.45, 19000.0], [3031.5, 30.0], [3031.6, 5672.0], [3031.65, 19000.0], [3031.7, 1575.0], [3031.8, 10947.0], [3031.85, 19000.0], [3031.9, 3001.0], [3031.95, 2829.0], [3032.0, 5364.0], [3032.05, 19000.0], [3032.1, 3002.0], [3032.2, 5222.0], [3032.25, 32164.0], [3032.3, 39797.0]]}}}
{"jsonrpc": "2.0", "method": "subscription", "params": {"channel": "book.ETH-PERPETUAL.none.20.100ms", "data": {"timestamp": 1766364932100, "change_id": 102355178660, "instrument_name": "ETH-PERPETUAL", "bids": [[3030.6, 73898.0], [3030.55, 6622.0], [3030.45, 8576.0], [3030.4, 5215.0], [3030.35, 6429.0], [3030.3, 19681.0], [3030.25, 50000.0], [3030.15, 20298.0], [3030.1, 1250.0], [3030.05, 3099.0], [3030.0, 8871.0], [3029.95, 19000.0], [3029.85, 18535.0], [3029.75, 19000.0], [3029.7, 16617.0], [3029.6, 5401.0], [3029.55, 19000.0], [3029.5, 1614.0], [3029.45, 5406.0], [3029.4, 6068.0]], "asks": [[3030.65, 28.0], [3031.25, 10.0], [3031.35, 36500.0], [3031.5, 4571.0], [3031.55, 4157.0], [3031.7, 5672.0], [3031.75, 19000.0], [3031.9, 3001.0], [3031.95, 2829.0], [3032.0, 5364.0], [3032.05, 19000.0], [3032.1, 3002.0], [3032.2, 5222.0], [3032.25, 32164.0], [3032.3, 19786.0], [3032.35, 25237.0], [3032.4, 28595.0], [3032.45, 19000.0], [3032.55, 55222.0], [3032.8, 7031.0]]}}}
{"jsonrpc": "2.0", "method": "subscription", "params": {"channel": "book.ETH-PERPETUAL.none.20.100ms", "data": {"timestamp": 1766364932403, "change_id": 102355178759, "instrument_name": "ETH-PERPETUAL", "bids": [[3030.6, 73898.0], [3030.55, 6622.0], [3030.45, 8576.0], [3030.4, 5215.0], [3030.35, 6429.0], [3030.3, 19681.0], [3030.25, 50000.0], [3030.15, 20298.0], [3030.1, 1250.0], [3030.05, 3099.0], [3030.0, 8871.0], [3029.95, 19000.0], [3029.85, 18535.0], [3029.75, 19000.0], [3029.7, 16617.0], [3029.6, 5401.0], [3029.55, 19000.0], [3029.5, 1614.0], [3029.45, 5406.0], [3029.4, 6068.0]], "asks": [[3030.65, 28.0], [3031.25, 10.0], [3031.35, 36500.0], [3031.5, 4571.0], [3031.55, 4157.0], [3031.7, 5672.0], [3031.75, 19000.0], [3031.8, 5399.0], [3031.9, 3001.0], [3031.95, 2829.0], [3032.0, 5364.0], [3032.05, 19000.0], [3032.1, 3002.0], [3032.2, 5222.0], [3032.25, 41168.0], [3032.3, 19786.0], [3032.35, 5226.0], [3032.4, 28595.0], [3032.45, 33750.0], [3032.55, 55222.0]]}}}
{"jsonrpc": "2.0", "method": "subscription", "params": {"channel": "book.ETH-PERPETUAL.none.20.100ms", "data": {"timestamp": 1766364932771, "change_id": 102355179474, "instrument_name": "ETH-PERPETUAL", "bids": [[3031.1, 15802.0], [3031.05, 17082.0], [3031.0, 1000.0], [3030.9, 3190.0], [3030.85, 5109.0], [3030.8, 5100.0], [3030.65, 27059.0], [3030.6, 69155.0], [3030.55, 5100.0], [3030.45, 13803.0], [3030.4, 5215.0], [3030.35, 25429.0], [3030.3, 19681.0], [3030.25, 55399.0], [3030.2, 11055.0], [3030.15, 19000.0], [3030.1, 1250.0], [3030.05, 100.0], [3030.0, 8871.0], [3029.95, 24399.0]], "asks": [[3031.15, 26200.0], [3031.3, 15000.0], [3031.35, 23956.0], [3031.4, 3300.0], [3031.45, 17500.0], [3031.5, 80030.0], [3031.7, 5672.0], [3031.75, 19000.0], [3031.8, 5399.0], [3031.95, 10808.0], [3032.0, 5364.0], [3032.05, 19000.0], [3032.1, 3002.0], [3032.2, 10894.0], [3032.25, 31520.0], [3032.3, 39797.0], [3032.35, 5226.0], [3032.4, 28595.0], [3032.45, 33750.0], [3032.55, 55222.0]]}}}
{"jsonrpc": "2.0", "method": "subscription", "params": {"channel": "book.ETH-PERPETUAL.none.20.100ms", "data": {"timestamp": 1766364933104, "change_id": 102355180236, "instrument_name": "ETH-PERPETUAL", "bids": [[3031.1, 15802.0], [3031.05, 17082.0], [3031.0, 1000.0], [3030.9, 1525.0], [3030.85, 5109.0], [3030.75, 6476.0], [3030.7, 5100.0], [3030.65, 9157.0], [3030.6, 26077.0], [3030.45, 55672.0], [3030.35, 19000.0], [3030.3, 7164.0], [3030.25, 5399.0], [3030.2, 8056.0], [3030.15, 20298.0], [3030.1, 1250.0], [3030.05, 3099.0], [3030.0, 8871.0], [3029.95, 24399.0], [3029.85, 16125.0]], "asks": [[3031.15, 41830.0], [3031.25, 5110.0], [3031.3, 15000.0], [3031.35, 23956.0], [3031.4, 3300.0], [3031.45, 23889.0], [3031.5, 80030.0], [3031.55, 3122.0], [3031.6, 10459.0], [3031.7, 5672.0], [3031.75, 23157.0], [3031.8, 5399.0], [3031.9, 3001.0], [3031.95, 7807.0], [3032.0, 5364.0], [3032.05, 19000.0], [3032.1, 3002.0], [3032.2, 16142.0], [3032.25, 46477.0], [3032.3, 19786.0]]}}}
{"jsonrpc": "2.0", "method": "subscription", "params": {"channel": "book.ETH-PERPETUAL.none.20.100ms", "data": {"timestamp": 1766364933418, "change_id": 102355180362, "instrument_name": "ETH-PERPETUAL", "bids": [[3031.1, 13619.0], [3031.05, 17082.0], [3031.0, 1000.0], [3030.9, 1525.0], [3030.85, 5100.0], [3030.75, 6476.0], [3030.7, 5100.0], [3030.65, 9157.0], [3030.6, 8497.0], [3030.45, 19880.0], [3030.35, 19000.0], [3030.3, 57164.0], [3030.25, 5399.0], [3030.2, 8056.0], [3030.15, 20298.0], [3030.1, 1250.0], [3030.05, 3099.0], [3030.0, 8871.0], [3029.95, 24399.0], [3029.85, 16125.0]], "asks": [[3031.15, 41850.0], [3031.25, 5110.0], [3031.3, 15000.0], [3031.35, 23956.0], [3031.4, 3300.0], [3031.45, 23889.0], [3031.5, 80030.0], [3031.55, 3122.0], [3031.6, 10459.0], [3031.7, 5672.0], [3031.75, 23157.0], [3031.8, 5399.0], [3031.9, 3001.0], [3031.95, 7807.0], [3032.0, 5364.0], [3032.05, 19000.0], [3032.1, 3002.0], [3032.2, 10894.0], [3032.25, 31485.0], [3032.3, 2001.0]]}}}
{"jsonrpc": "2.0", "method": "subscription", "params": {"channel": "book.ETH-PERPETUAL.none.20.100ms", "data": {"timestamp": 1766364933718, "change_id": 102355180687, "instrument_name": "ETH-PERPETUAL", "bids": [[3031.1, 3402.0], [3031.05, 17082.0], [3031.0, 1000.0], [3030.9, 1525.0], [3030.85, 5100.0], [3030.75, 6476.0], [3030.7, 5100.0], [3030.65, 5000.0], [3030.6, 8497.0], [3030.45, 5681.0], [3030.4, 4157.0], [3030.35, 19000.0], [3030.3, 23697.0], [3030.25, 5399.0], [3030.2, 61056.0], [3030.15, 19000.0], [3030.1, 1250.0], [3030.05, 100.0], [3030.0, 8871.0], [3029.95, 24399.0]], "asks": [[3031.15, 47000.0], [3031.25, 5110.0], [3031.3, 15000.0], [3031.35, 23956.0], [3031.45, 28046.0], [3031.5, 80030.0], [3031.55, 3122.0], [3031.6, 10459.0], [3031.7, 5672.0], [3031.75, 19000.0], [3031.8, 5399.0], [3031.95, 10808.0], [3032.0, 5364.0], [3032.05, 19000.0], [3032.1, 3002.0], [3032.15, 13204.0], [3032.2, 43018.0], [3032.25, 21157.0], [3032.3, 2001.0], [3032.35, 5226.0]]}}}
{"jsonrpc": "2.0", "method": "subscription", "params": {"channel": "book.ETH-PERPETUAL.none.20.100ms", "data": {"timestamp": 1766364934089, "change_id": 102355181350, "instrument_name": "ETH-PERPETUAL", "bids": [[3031.1, 6280.0], [3031.05, 17682.0], [3031.0, 1000.0], [3030.85, 1522.0], [3030.8, 5100.0], [3030.75, 2507.0], [3030.65, 5000.0], [3030.6, 2797.0], [3030.45, 5681.0], [3030.4, 4157.0], [3030.35, 19000.0], [3030.3, 23697.0], [3030.25, 5399.0], [3030.2, 61056.0], [3030.15, 19000.0], [3030.1, 1250.0], [3030.05, 100.0], [3030.0, 8871.0], [3029.95, 24399.0], [3029.85, 16125.0]], "asks": [[3031.15, 47000.0], [3031.2, 5100.0], [3031.25, 5110.0], [3031.3, 15000.0], [3031.35, 18956.0], [3031.45, 28046.0], [3031.5, 80030.0], [3031.55, 3122.0], [3031.6, 10459.0], [3031.7, 5672.0], [3031.75, 19000.0], [3031.8, 5399.0], [3031.95, 10808.0], [3032.0, 5364.0], [3032.05, 19000.0], [3032.1, 3002.0], [3032.15, 13204.0], [3032.2, 23007.0], [3032.25, 26855.0], [3032.3, 22012.0]]}}}
{"jsonrpc": "2.0", "method": "subscription", "params": {"channel": "book.ETH-PERPETUAL.none.20.100ms", "data": {"timestamp": 1766364934383, "change_id": 102355181464, "instrument_name": "ETH-PERPETUAL", "bids": [[3031.1, 12223.0], [3031.05, 17682.0], [3031.0, 1000.0], [3030.85, 1522.0], [3030.8, 5100.0], [3030.75, 2507.0], [3030.65, 5000.0], [3030.6, 2797.0], [3030.45, 5681.0], [3030.4, 4157.0], [3030.35, 19000.0], [3030.3, 23697.0], [3030.25, 55399.0], [3030.2, 8056.0], [3030.15, 20298.0], [3030.1, 1250.0], [3030.05, 3100.0], [3030.0, 8871.0], [3029.95, 24399.0], [3029.85, 16125.0]], "asks": [[3031.15, 41850.0], [3031.2, 5100.0], [3031.25, 5110.0], [3031.3, 15000.0], [3031.35, 18956.0], [3031.4, 3300.0], [3031.45, 28046.0], [3031.5, 80030.0], [3031.55, 3122.0], [3031.6, 10459.0], [3031.7, 5672.0], [3031.75, 19000.0], [3031.8, 5399.0], [3031.9, 3001.0], [3031.95, 7807.0], [3032.0, 5364.0], [3032.05, 19000.0], [3032.1, 3002.0], [3032.15, 7230.0], [3032.2, 5222.0]]}}}
{"jsonrpc": "2.0", "method": "subscription", "params": {"channel": "book.ETH-PERPETUAL.none.20.100ms", "data": {"timestamp": 1766364934710, "change_id": 102355181766, "instrument_name": "ETH-PERPETUAL", "bids": [[3031.1, 17323.0], [3031.05, 17682.0], [3031.0, 1000.0], [3030.85, 1522.0], [3030.8, 5100.0], [3030.75, 2507.0], [3030.65, 5000.0], [3030.6, 2797.0], [3030.45, 21121.0], [3030.4, 4157.0], [3030.35, 69000.0], [3030.3, 7164.0], [3030.25, 5399.0], [3030.2, 8056.0], [3030.15, 20298.0], [3030.1, 1250.0], [3030.05, 3100.0], [3030.0, 8871.0], [3029.95, 24399.0], [3029.85, 16125.0]], "asks": [[3031.15, 41950.0], [3031.2, 5100.0], [3031.25, 5110.0], [3031.3, 15000.0], [3031.35, 18956.0], [3031.4, 3300.0], [3031.45, 28046.0], [3031.5, 80030.0], [3031.55, 3122.0], [3031.6, 10459.0], [3031.7, 5672.0], [3031.75, 19000.0], [3031.8, 5399.0], [3031.9, 3001.0], [3031.95, 7807.0], [3032.0, 5364.0], [3032.05, 19000.0], [3032.1, 3002.0], [3032.15, 7230.0], [3032.2, 5222.0]]}}}
{"jsonrpc": "2.0", "method": "subscription", "params": {"channel": "book.ETH-PERPETUAL.none.20.100ms", "data": {"timestamp": 1766364935087, "change_id": 102355182398, "instrument_name": "ETH-PERPETUAL", "bids": [[3031.1, 12223.0], [3031.05, 17682.0], [3031.0, 1000.0], [3030.85, 1522.0], [3030.8, 5100.0], [3030.75, 2507.0], [3030.65, 5000.0], [3030.6, 2797.0], [3030.45, 21121.0], [3030.4, 4157.0], [3030.35, 69000.0], [3030.3, 7164.0], [3030.25, 5399.0], [3030.2, 8056.0], [3030.15, 20298.0], [3030.1, 1250.0], [3030.05, 3100.0], [3030.0, 8871.0], [3029.95, 24399.0], [3029.85, 16125.0]], "asks": [[3031.15, 41950.0], [3031.2, 5100.0], [3031.25, 5110.0], [3031.3, 15000.0], [3031.35, 18956.0], [3031.4, 3300.0], [3031.45, 28046.0], [3031.5, 80030.0], [3031.55, 3122.0], [3031.6, 10459.0], [3031.7, 5672.0], [3031.75, 19000.0], [3031.8, 5399.0], [3031.9, 3001.0], [3031.95, 7807.0], [3032.0, 5364.0], [3032.05, 19000.0], [3032.1, 3002.0], [3032.15, 16943.0], [3032.2, 43018.0]]}}}
{"jsonrpc": "2.0", "method": "subscription", "params": {"channel": "book.ETH-PERPETUAL.none.20.100ms", "data": {"timestamp": 1766364935406, "change_id": 102355182540, "instrument_name": "ETH-PERPETUAL", "bids": [[3031.1, 3402.0], [3031.05, 17682.0], [3031.0, 1000.0], [3030.85, 1522.0], [3030.8, 5100.0], [3030.75, 2507.0], [3030.65, 5000.0], [3030.6, 1468.0], [3030.45, 5681.0], [3030.4, 4157.0], [3030.35, 19000.0], [3030.3, 23697.0], [3030.25, 55399.0], [3030.2, 8056.0], [3030.15, 20298.0], [3030.1, 1250.0], [3030.05, 3100.0], [3030.0, 8871.0], [3029.95, 24399.0], [3029.85, 16125.0]], "asks": [[3031.15, 42460.0], [3031.2, 5100.0], [3031.25, 5100.0], [3031.3, 15000.0], [3031.35, 18956.0], [3031.4, 3300.0], [3031.45, 28046.0], [3031.5, 80030.0], [3031.55, 3122.0], [3031.6, 10459.0], [3031.7, 5672.0], [3031.75, 19000.0], [3031.8, 5399.0], [3031.9, 3001.0], [3031.95, 7807.0], [3032.0, 5364.0], [3032.05, 19000.0], [3032.1, 3002.0], [3032.15, 12539.0], [3032.2, 23007.0]]}}}
{"jsonrpc": "2.0", "method": "subscription", "params": {"channel": "book.ETH-PERPETUAL.none.20.100ms", "data": {"timestamp": 1766364935680, "change_id": 102355182726, "instrument_name": "ETH-PERPETUAL", "bids": [[3031.1, 9188.0], [3031.05, 17682.0], [3031.0, 1000.0], [3030.85, 1522.0], [3030.8, 5100.0], [3030.75, 2507.0], [3030.65, 5000.0], [3030.6, 1468.0], [3030.45, 5681.0], [3030.4, 4157.0], [3030.35, 19000.0], [3030.3, 23697.0], [3030.25, 55399.0], [3030.2, 8056.0], [3030.15, 21627.0], [3030.1, 1250.0], [3030.05, 3100.0], [3030.0, 8871.0], [3029.95, 24399.0], [3029.85, 16125.0]], "asks": [[3031.15, 41960.0], [3031.2, 5100.0], [3031.25, 5100.0], [3031.3, 15000.0], [3031.35, 18956.0], [3031.4, 3300.0], [3031.45, 28046.0], [3031.5, 80030.0], [3031.55, 3122.0], [3031.6, 10459.0], [3031.7, 5672.0], [3031.75, 19000.0], [3031.8, 5399.0], [3031.9, 3001.0], [3031.95, 7817.0], [3032.0, 5364.0], [3032.05, 19000.0], [3032.1, 3002.0], [3032.2, 5222.0], [3032.25, 21157.0]]}}}
{"jsonrpc": "2.0", "method": "subscription", "params": {"channel": "book.ETH-PERPETUAL.none.20.100ms", "data": {"timestamp": 1766364936055, "change_id": 102355183341, "instrument_name": "ETH-PERPETUAL", "bids": [[3031.1, 15542.0], [3031.05, 17682.0], [3031.0, 1000.0], [3030.85, 1522.0], [3030.8, 5100.0], [3030.75, 2507.0], [3030.65, 5000.0], [3030.6, 1468.0], [3030.45, 5681.0], [3030.4, 4157.0], [3030.35, 19000.0], [3030.3, 23697.0], [3030.25, 55399.0], [3030.2, 8056.0], [3030.15, 21627.0], [3030.1, 1250.0], [3030.05, 3100.0], [3030.0, 8871.0], [3029.95, 24399.0], [3029.85, 16125.0]], "asks": [[3031.15, 36750.0], [3031.25, 5100.0], [3031.3, 15000.0], [3031.35, 18956.0], [3031.4, 3300.0], [3031.45, 28046.0], [3031.5, 80030.0], [3031.55, 3122.0], [3031.6, 10459.0], [3031.7, 5672.0], [3031.75, 22001.0], [3031.8, 5399.0], [3031.95, 7817.0], [3032.0, 5364.0], [3032.05, 19000.0], [3032.1, 3002.0], [3032.2, 5222.0], [3032.25, 32164.0], [3032.3, 39797.0], [3032.35, 5226.0]]}}}
{"jsonrpc": "2.0", "method": "subscription", "params": {"channel": "book.ETH-PERPETUAL.none.20.100ms", "data": {"timestamp": 1766364936405, "change_id": 102355183538, "instrument_name": "ETH-PERPETUAL", "bids": [[3031.1, 18169.0], [3031.05, 17682.0], [3031.0, 1000.0], [3030.85, 1522.0], [3030.8, 5100.0], [3030.75, 2507.0], [3030.65, 5000.0], [3030.6, 1468.0], [3030.55, 14928.0], [3030.5, 50000.0], [3030.45, 5681.0], [3030.4, 4157.0], [3030.35, 19000.0], [3030.3, 7164.0], [3030.25, 5399.0], [3030.2, 8056.0], [3030.15, 21627.0], [3030.1, 1250.0], [3030.05, 3100.0], [3030.0, 8871.0]], "asks": [[3031.15, 36750.0], [3031.25, 5100.0], [3031.3, 15000.0], [3031.35, 18956.0], [3031.4, 3300.0], [3031.45, 4157.0], [3031.5, 80030.0], [3031.55, 3122.0], [3031.6, 10459.0], [3031.7, 5672.0], [3031.75, 19000.0], [3031.8, 5399.0], [3031.9, 3001.0], [3031.95, 7817.0], [3032.0, 5364.0], [3032.05, 19000.0], [3032.1, 3002.0], [3032.2, 5222.0], [3032.25, 32164.0], [3032.3, 22012.0]]}}}
{"jsonrpc": "2.0", "method": "subscription", "params": {"channel": "book.ETH-PERPETUAL.none.20.100ms", "data": {"timestamp": 1766364936727, "change_id": 102355183829, "instrument_name": "ETH-PERPETUAL", "bids": [[3031.1, 18169.0], [3031.05, 17682.0], [3031.0, 1000.0], [3030.85, 1522.0], [3030.8, 5100.0], [3030.75, 2507.0], [3030.65, 5000.0], [3030.6, 1468.0], [3030.55, 14928.0], [3030.5, 50000.0], [3030.45, 5681.0], [3030.4, 4157.0], [3030.35, 19000.0], [3030.3, 10064.0], [3030.25, 5399.0], [3030.2, 8056.0], [3030.15, 23329.0], [3030.1, 1250.0], [3030.05, 100.0], [3030.0, 8871.0]], "asks": [[3031.15, 36750.0], [3031.25, 5100.0], [3031.3, 15000.0], [3031.35, 18956.0], [3031.4, 3300.0], [3031.45, 4157.0], [3031.5, 80030.0], [3031.55, 3122.0], [3031.6, 10459.0], [3031.7, 5672.0], [3031.75, 19000.0], [3031.8, 5399.0], [3031.9, 3001.0], [3031.95, 7817.0], [3032.0, 5364.0], [3032.05, 19000.0], [3032.1, 3002.0], [3032.2, 5222.0], [3032.25, 32164.0], [3032.3, 22012.0]]}}}
{"jsonrpc": "2.0", "method": "subscription", "params": {"channel": "book.ETH-PERPETUAL.none.20.100ms", "data": {"timestamp": 1766364937070, "change_id": 102355184550, "instrument_name": "ETH-PERPETUAL", "bids": [[3031.1, 3402.0], [3031.05, 17682.0], [3031.0, 1000.0], [3030.85, 1522.0], [3030.8, 5100.0], [3030.75, 2507.0], [3030.65, 5000.0], [3030.6, 1468.0], [3030.45, 5681.0], [3030.4, 4157.0], [3030.35, 19000.0], [3030.3, 10064.0], [3030.25, 55399.0], [3030.2, 8056.0], [3030.15, 20329.0], [3030.1, 1250.0], [3030.05, 3100.0], [3030.0, 8871.0], [3029.95, 24399.0], [3029.85, 5672.0]], "asks": [[3031.15, 46900.0], [3031.25, 5100.0], [3031.3, 15000.0], [3031.35, 18956.0], [3031.45, 28046.0], [3031.5, 80030.0], [3031.55, 3122.0], [3031.6, 10459.0], [3031.7, 5672.0], [3031.75, 22001.0], [3031.8, 5399.0], [3031.95, 7817.0], [3032.0, 5364.0], [3032.05, 19000.0], [3032.1, 3002.0], [3032.15, 27241.0], [3032.2, 23007.0], [3032.25, 21157.0], [3032.3, 2001.0], [3032.35, 5226.0]]}}}
{"jsonrpc": "2.0", "method": "subscription", "params": {"channel": "book.ETH-PERPETUAL.none.20.100ms", "data": {"timestamp": 1766364937399, "change_id": 102355184920, "instrument_name": "ETH-PERPETUAL", "bids": [[3031.1, 1.0], [3031.05, 600.0], [3030.7, 1931.0], [3030.65, 5000.0], [3030.6, 1468.0], [3030.45, 5672.0], [3030.35, 19000.0], [3030.3, 11325.0], [3030.25, 5399.0], [3030.2, 8056.0], [3030.15, 21976.0], [3030.1, 1250.0], [3030.05, 100.0], [3030.0, 13037.0], [3029.95, 74399.0], [3029.85, 8672.0], [3029.8, 5407.0], [3029.75, 19000.0], [3029.7, 8552.0], [3029.6, 5401.0]], "asks": [[3031.15, 47160.0], [3031.25, 15236.0], [3031.3, 15000.0], [3031.35, 18956.0], [3031.45, 28046.0], [3031.5, 80030.0], [3031.55, 3122.0], [3031.6, 10459.0], [3031.65, 3001.0], [3031.7, 5672.0], [3031.75, 19000.0], [3031.8, 5399.0], [3031.95, 7817.0], [3032.0, 43160.0], [3032.05, 19000.0], [3032.1, 3002.0], [3032.15, 7230.0], [3032.2, 6280.0], [3032.25, 21157.0], [3032.3, 2001.0]]}}}
