{"jsonrpc": "2.0", "id": 1, "result": ["book.ETH-PERPETUAL.none.20.100ms"], "usIn": 1757585321215962, "usOut": 1757585321216193, "usDiff": 231, "testnet": false}
{"jsonrpc": "2.0", "method": "subscription", "params": {"channel": "book.ETH-PERPETUAL.none.20.100ms", "data": {"timestamp": 1757585321206, "change_id": 86079758725, "instrument_name": "ETH-PERPETUAL", "bids": [[4426.4, 20851.0], [4426.05, 21200.0], [4426.0, 96613.0], [4425.95, 195998.0], [4425.85, 137373.0], [4425.75, 31563.0], [4425.7, 34763.0], [4425.65, 2695.0], [4425.6, 32808.0], [4425.55, 133375.0], [4425.5, 387016.0], [4425.4, 105304.0], [4425.25, 44.0], [4425.2, 14869.0], [4425.1, 80767.0], [4425.05, 302098.0], [4425.0, 3584.0], [4424.8, 14825.0], [4424.6, 39172.0], [4424.55, 104556.0]], "asks": [[4426.45, 268963.0], [4426.5, 30000.0], [4426.8, 2548.0], [4426.85, 5703.0], [4426.9, 2460.0], [4427.0, 15030.0], [4427.1, 50000.0], [4427.2, 6275.0], [4427.25, 20917.0], [4427.35, 2556.0], [4427.4, 17411.0], [4427.5, 14989.0], [4427.55, 20808.0], [4427.6, 22239.0], [4427.75, 4493.0], [4427.8, 14976.0], [4427.85, 1657.0], [4427.9, 5474.0], [4428.0, 4630.0], [4428.05, 14399.0]]}}}
{"jsonrpc": "2.0", "method": "subscription", "params": {"channel": "book.ETH-PERPETUAL.none.20.100ms", "data": {"timestamp": 1757585321469, "change_id": 86079758992, "instrument_name": "ETH-PERPETUAL", "bids": [[4426.4, 20851.0], [4426.05, 21200.0], [4426.0, 96613.0], [4425.95, 195998.0], [4425.85, 137373.0], [4425.75, 31563.0], [4425.7, 34763.0], [4425.65, 2695.0], [4425.6, 32808.0], [4425.55, 133375.0], [4425.5, 387016.0], [4425.4, 105304.0], [4425.25, 44.0], [4425.2, 14869.0], [4425.1, 80767.0], [4425.05, 302098.0], [4425.0, 3584.0], [4424.8, 14825.0], [4424.6, 39172.0], [4424.55, 104556.0]], "asks": [[4426.45, 296063.0], [4426.5, 30000.0], [4426.8, 2548.0], [4426.85, 5703.0], [4426.9, 2460.0], [4427.0, 15030.0], [4427.1, 50000.0], [4427.2, 6275.0], [4427.25, 20917.0], [4427.35, 2556.0], [4427.4, 17411.0], [4427.5, 14989.0], [4427.55, 20808.0], [4427.6, 22239.0], [4427.75, 4493.0], [4427.8, 14976.0], [4427.85, 1657.0], [4427.9, 5474.0], [4428.0, 4630.0], [4428.05, 14399.0]]}}}
{"jsonrpc": "2.0", "method": "subscription", "params": {"channel": "book.ETH-PERPETUAL.none.20.100ms", "data": {"timestamp": 1757585321798, "change_id": 86079759202, "instrument_name": "ETH-PERPETUAL", "bids": [[4426.4, 20851.0], [4426.05, 21200.0], [4425.95, 195998.0], [4425.85, 137373.0], [4425.75, 31563.0], [4425.7, 34763.0], [4425.65, 2695.0], [4425.6, 32808.0], [4425.55, 133375.0], [4425.5, 387016.0], [4425.4, 105304.0], [4425.25, 44.0], [4425.2, 14869.0], [4425.1, 80767.0], [4425.05, 302098.0], [4425.0, 3584.0], [4424.8, 14825.0], [4424.6, 39172.0], [4424.55, 104556.0], [4424.5, 336.0]], "asks": [[4426.45, 268963.0], [4426.5, 30000.0], [4426.8, 2548.0], [4426.85, 5703.0], [4426.9, 2460.0], [4427.0, 15030.0], [4427.1, 50000.0], [4427.2, 6275.0], [4427.25, 20917.0], [4427.35, 2556.0], [4427.4, 17411.0], [4427.5, 14989.0], [4427.55, 20808.0], [4427.6, 22239.0], [4427.75, 4493.0], [4427.8, 14976.0], [4427.85, 1657.0], [4427.9, 5474.0], [4428.0, 4630.0], [4428.05, 14399.0]]}}}
{"jsonrpc": "2.0", "method": "subscription", "params": {"channel": "book.ETH-PERPETUAL.none.20.100ms", "data": {"timestamp": 1757585322097, "change_id": 86079759702, "instrument_name": "ETH-PERPETUAL", "bids": [[4426.4, 20851.0], [4426.05, 21200.0], [4426.0, 100011.0], [4425.95, 195998.0], [4425.85, 137373.0], [4425.75, 31563.0], [4425.7, 34763.0], [4425.65, 2695.0], [4425.6, 32808.0], [4425.55, 133375.0], [4425.5, 387016.0], [4425.4, 105304.0], [4425.25, 44.0], [4425.2, 14869.0], [4425.1, 80767.0], [4425.05, 302098.0], [4425.0, 3584.0], [4424.8, 14825.0], [4424.6, 39172.0], [4424.55, 104556.0]], "asks": [[4426.45, 269063.0], [4426.5, 30000.0], [4426.8, 2548.0], [4426.85, 5703.0], [4426.9, 2460.0], [4427.0, 15030.0], [4427.1, 50000.0], [4427.2, 6275.0], [4427.25, 21117.0], [4427.35, 2556.0], [4427.4, 17411.0], [4427.5, 14989.0], [4427.55, 20808.0], [4427.6, 22239.0], [4427.75, 4493.0], [4427.8, 14976.0], [4427.85, 1657.0], [4427.9, 5474.0], [4428.0, 4630.0], [4428.05, 14399.0]]}}}
{"jsonrpc": "2.0", "method": "subscription", "params": {"channel": "book.ETH-PERPETUAL.none.20.100ms", "data": {"timestamp": 1757585322482, "change_id": 86079760120, "instrument_name": "ETH-PERPETUAL", "bids": [[4426.4, 20851.0], [4426.15, 11500.0], [4426.1, 6360.0], [4426.05, 21200.0], [4426.0, 100011.0], [4425.95, 195998.0], [4425.85, 137373.0], [4425.75, 31563.0], [4425.7, 34763.0], [4425.65, 2695.0], [4425.6, 32808.0], [4425.55, 133375.0], [4425.5, 387016.0], [4425.4, 105304.0], [4425.25, 44.0], [4425.2, 14869.0], [4425.1, 80767.0], [4425.05, 302098.0], [4425.0, 3584.0], [4424.8, 14825.0]], "asks": [[4426.45, 269063.0], [4426.5, 30000.0], [4426.8, 2548.0], [4426.85, 5703.0], [4426.9, 2460.0], [4427.0, 15030.0], [4427.1, 50000.0], [4427.2, 6275.0], [4427.25, 21117.0], [4427.35, 2556.0], [4427.4, 17411.0], [4427.5, 14989.0], [4427.55, 20808.0], [4427.6, 22239.0], [4427.75, 4493.0], [4427.8, 14976.0], [4427.85, 1657.0], [4427.9, 5474.0], [4428.0, 4630.0], [4428.05, 14399.0]]}}}
{"jsonrpc": "2.0", "method": "subscription", "params": {"channel": "book.ETH-PERPETUAL.none.20.100ms", "data": {"timestamp": 1757585322773, "change_id": 86079760362, "instrument_name": "ETH-PERPETUAL", "bids": [[4426.4, 20851.0], [4426.15, 11500.0], [4426.05, 21200.0], [4426.0, 100011.0], [4425.95, 195998.0], [4425.85, 137373.0], [4425.75, 31563.0], [4425.7, 34763.0], [4425.65, 2695.0], [4425.6, 32808.0], [4425.55, 133375.0], [4425.5, 387016.0], [4425.4, 105304.0], [4425.25, 44.0], [4425.2, 14869.0], [4425.1, 80767.0], [4425.05, 302098.0], [4425.0, 3584.0], [4424.8, 14825.0], [4424.6, 39172.0]], "asks": [[4426.45, 268963.0], [4426.5, 25000.0], [4426.75, 100.0], [4426.8, 2548.0], [4426.85, 5703.0], [4426.9, 2460.0], [4427.0, 15030.0], [4427.1, 50000.0], [4427.2, 6275.0], [4427.25, 21117.0], [4427.35, 2556.0], [4427.4, 17411.0], [4427.5, 14989.0], [4427.55, 20808.0], [4427.6, 22239.0], [4427.75, 4493.0], [4427.8, 14976.0], [4427.85, 1657.0], [4427.9, 5474.0], [4428.0, 4630.0]]}}}
{"jsonrpc": "2.0", "method": "subscription", "params": {"channel": "book.ETH-PERPETUAL.none.20.100ms", "data": {"timestamp": 1757585323143, "change_id": 86079760845, "instrument_name": "ETH-PERPETUAL", "bids": [[4426.4, 20851.0], [4426.15, 11500.0], [4426.05, 21200.0], [4426.0, 100011.0], [4425.95, 195998.0], [4425.85, 137373.0], [4425.75, 31563.0], [4425.7, 34763.0], [4425.65, 2695.0], [4425.6, 32808.0], [4425.55, 133375.0], [4425.5, 387016.0], [4425.4, 105304.0], [4425.25, 44.0], [4425.2, 14869.0], [4425.1, 80767.0], [4425.05, 302098.0], [4425.0, 3584.0], [4424.8, 14825.0], [4424.6, 39172.0]], "asks": [[4426.45, 269063.0], [4426.5, 25000.0], [4426.8, 2548.0], [4426.85, 5703.0], [4426.9, 2460.0], [4427.0, 15030.0], [4427.1, 50000.0], [4427.2, 6275.0], [4427.25, 21117.0], [4427.35, 2556.0], [4427.4, 17411.0], [4427.5, 14989.0], [4427.55, 20808.0], [4427.6, 22239.0], [4427.75, 4493.0], [4427.8, 14976.0], [4427.85, 1657.0], [4427.9, 5474.0], [4428.0, 4630.0], [4428.05, 14399.0]]}}}
{"jsonrpc": "2.0", "method": "subscription", "params": {"channel": "book.ETH-PERPETUAL.none.20.100ms", "data": {"timestamp": 1757585323447, "change_id": 86079761157, "instrument_name": "ETH-PERPETUAL", "bids": [[4426.4, 20851.0], [4426.05, 31200.0], [4426.0, 100011.0], [4425.95, 195998.0], [4425.85, 137373.0], [4425.75, 31563.0], [4425.7, 34763.0], [4425.65, 2695.0], [4425.6, 32808.0], [4425.55, 133375.0], [4425.5, 387016.0], [4425.4, 105304.0], [4425.25, 44.0], [4425.2, 14869.0], [4425.1, 80767.0], [4425.05, 302098.0], [4425.0, 3584.0], [4424.8, 14825.0], [4424.6, 39172.0], [4424.55, 104556.0]], "asks": [[4426.45, 269063.0], [4426.5, 25000.0], [4426.8, 2548.0], [4426.85, 5703.0], [4426.9, 2460.0], [4427.0, 15030.0], [4427.1, 50000.0], [4427.2, 6275.0], [4427.25, 21117.0], [4427.35, 2556.0], [4427.4, 17411.0], [4427.5, 14989.0], [4427.55, 20808.0], [4427.6, 22239.0], [4427.75, 4493.0], [4427.8, 14976.0], [4427.85, 1657.0], [4427.9, 5474.0], [4428.0, 105430.0], [4428.05, 14399.0]]}}}
{"jsonrpc": "2.0", "method": "subscription", "params": {"channel": "book.ETH-PERPETUAL.none.20.100ms", "data": {"timestamp": 1757585323774, "change_id": 86079761347, "instrument_name": "ETH-PERPETUAL", "bids": [[4426.4, 20851.0], [4426.1, 9360.0], [4426.05, 31200.0], [4426.0, 100011.0], [4425.95, 195998.0], [4425.85, 137373.0], [4425.75, 31563.0], [4425.7, 34763.0], [4425.65, 2695.0], [4425.6, 32808.0], [4425.55, 133375.0], [4425.5, 387016.0], [4425.4, 105304.0], [4425.25, 44.0], [4425.2, 14869.0], [4425.1, 80767.0], [4425.05, 302098.0], [4425.0, 3584.0], [4424.8, 14825.0], [4424.6, 39172.0]], "asks": [[4426.45, 269063.0], [4426.5, 25000.0], [4426.8, 2548.0], [4426.85, 5703.0], [4426.9, 2460.0], [4427.0, 15030.0], [4427.1, 50000.0], [4427.2, 6275.0], [4427.25, 21117.0], [4427.35, 2556.0], [4427.4, 17411.0], [4427.5, 14989.0], [4427.55, 20808.0], [4427.6, 22239.0], [4427.75, 4493.0], [4427.8, 14976.0], [4427.85, 1657.0], [4427.9, 5474.0], [4428.0, 105430.0], [4428.05, 14399.0]]}}}
{"jsonrpc": "2.0", "method": "subscription", "params": {"channel": "book.ETH-PERPETUAL.none.20.100ms", "data": {"timestamp": 1757585324091, "change_id": 86079761835, "instrument_name": "ETH-PERPETUAL", "bids": [[4426.4, 20851.0], [4426.1, 9360.0], [4426.05, 31200.0], [4426.0, 100011.0], [4425.95, 195998.0], [4425.85, 137373.0], [4425.75, 31563.0], [4425.7, 34763.0], [4425.65, 2695.0], [4425.6, 32808.0], [4425.55, 133375.0], [4425.5, 387016.0], [4425.4, 105304.0], [4425.25, 44.0], [4425.2, 14869.0], [4425.1, 80767.0], [4425.05, 302098.0], [4425.0, 3584.0], [4424.8, 14825.0], [4424.6, 39172.0]], "asks": [[4426.45, 269063.0], [4426.5, 25000.0], [4426.55, 1500.0], [4426.6, 5000.0], [4426.8, 2548.0], [4426.85, 5703.0], [4426.9, 2460.0], [4427.0, 15030.0], [4427.1, 50000.0], [4427.2, 6275.0], [4427.25, 21117.0], [4427.35, 2556.0], [4427.4, 17411.0], [4427.5, 14989.0], [4427.55, 20808.0], [4427.6, 22239.0], [4427.75, 4493.0], [4427.8, 14976.0], [4427.85, 1657.0], [4427.9, 5474.0]]}}}
{"jsonrpc": "2.0", "method": "subscription", "params": {"channel": "book.ETH-PERPETUAL.none.20.100ms", "data": {"timestamp": 1757585324439, "change_id": 86079762149, "instrument_name": "ETH-PERPETUAL", "bids": [[4426.4, 20851.0], [4426.15, 14100.0], [4426.1, 6360.0], [4426.05, 21200.0], [4426.0, 100011.0], [4425.95, 195998.0], [4425.85, 137373.0], [4425.75, 31563.0], [4425.7, 34763.0], [4425.65, 2695.0], [4425.6, 32808.0], [4425.55, 133375.0], [4425.5, 387016.0], [4425.4, 105304.0], [4425.25, 44.0], [4425.2, 14869.0], [4425.1, 80767.0], [4425.05, 302098.0], [4425.0, 3584.0], [4424.8, 14825.0]], "asks": [[4426.45, 269063.0], [4426.5, 25000.0], [4426.8, 2548.0], [4426.85, 5703.0], [4426.9, 2460.0], [4427.0, 15030.0], [4427.1, 50000.0], [4427.2, 6275.0], [4427.25, 21117.0], [4427.35, 2556.0], [4427.4, 17411.0], [4427.5, 14989.0], [4427.55, 20808.0], [4427.6, 22239.0], [4427.75, 4493.0], [4427.8, 14976.0], [4427.85, 1657.0], [4427.9, 5474.0], [4428.0, 105430.0], [4428.05, 14399.0]]}}}
{"jsonrpc": "2.0", "method": "subscription", "params": {"channel": "book.ETH-PERPETUAL.none.20.100ms", "data": {"timestamp": 1757585324775, "change_id": 86079762350, "instrument_name": "ETH-PERPETUAL", "bids": [[4426.4, 20851.0], [4426.15, 14100.0], [4426.1, 6360.0], [4426.05, 21200.0], [4426.0, 100011.0], [4425.95, 195998.0], [4425.85, 137373.0], [4425.75, 31563.0], [4425.7, 34763.0], [4425.65, 2695.0], [4425.6, 32808.0], [4425.55, 133375.0], [4425.5, 387016.0], [4425.4, 105304.0], [4425.25, 44.0], [4425.2, 14869.0], [4425.1, 80767.0], [4425.05, 302098.0], [4425.0, 3584.0], [4424.8, 14825.0]], "asks": [[4426.45, 269063.0], [4426.5, 30000.0], [4426.8, 2548.0], [4426.85, 5703.0], [4426.9, 2460.0], [4427.0, 15030.0], [4427.1, 50000.0], [4427.2, 6275.0], [4427.25, 21117.0], [4427.35, 2556.0], [4427.4, 17411.0], [4427.5, 14989.0], [4427.55, 20808.0], [4427.6, 22239.0], [4427.75, 4493.0], [4427.8, 14976.0], [4427.85, 1657.0], [4427.9, 5474.0], [4428.0, 105430.0], [4428.05, 14399.0]]}}}
{"jsonrpc": "2.0", "method": "subscription", "params": {"channel": "book.ETH-PERPETUAL.none.20.100ms", "data": {"timestamp": 1757585325060, "change_id": 86079762685, "instrument_name": "ETH-PERPETUAL", "bids": [[4426.4, 20851.0], [4426.15, 14100.0], [4426.1, 6360.0], [4426.05, 21200.0], [4426.0, 100011.0], [4425.95, 195998.0], [4425.85, 137373.0], [4425.75, 31563.0], [4425.7, 34763.0], [4425.65, 2695.0], [4425.6, 32808.0], [4425.55, 133375.0], [4425.5, 387016.0], [4425.4, 105304.0], [4425.25, 44.0], [4425.2, 14869.0], [4425.1, 80767.0], [4425.05, 302098.0], [4425.0, 3584.0], [4424.8, 14825.0]], "asks": [[4426.45, 269063.0], [4426.5, 30000.0], [4426.8, 2548.0], [4426.85, 5703.0], [4426.9, 2460.0], [4427.0, 15030.0], [4427.1, 50000.0], [4427.2, 6275.0], [4427.25, 21117.0], [4427.35, 2556.0], [4427.4, 17411.0], [4427.5, 14989.0], [4427.55, 20808.0], [4427.6, 22239.0], [4427.75, 4493.0], [4427.8, 14976.0], [4427.85, 1657.0], [4427.9, 5474.0], [4428.0, 105430.0], [4428.05, 14399.0]]}}}
{"jsonrpc": "2.0", "method": "subscription", "params": {"channel": "book.ETH-PERPETUAL.none.20.100ms", "data": {"timestamp": 1757585325424, "change_id": 86079763171, "instrument_name": "ETH-PERPETUAL", "bids": [[4426.4, 20851.0], [4426.05, 25200.0], [4426.0, 100011.0], [4425.95, 195998.0], [4425.85, 137373.0], [4425.75, 31563.0], [4425.7, 34763.0], [4425.65, 2695.0], [4425.6, 32808.0], [4425.55, 133375.0], [4425.5, 387016.0], [4425.4, 105304.0], [4425.25, 44.0], [4425.2, 14869.0], [4425.1, 80767.0], [4425.05, 302098.0], [4425.0, 3584.0], [4424.8, 14825.0], [4424.6, 39172.0], [4424.55, 104556.0]], "asks": [[4426.45, 269063.0], [4426.5, 30000.0], [4426.8, 2548.0], [4426.85, 5703.0], [4426.9, 2460.0], [4427.0, 15030.0], [4427.1, 50000.0], [4427.2, 6275.0], [4427.25, 21117.0], [4427.35, 2556.0], [4427.4, 17411.0], [4427.5, 14989.0], [4427.55, 20808.0], [4427.6, 22239.0], [4427.75, 4493.0], [4427.8, 14976.0], [4427.85, 31690.0], [4427.9, 5474.0], [4428.0, 105430.0], [4428.05, 14399.0]]}}}
{"jsonrpc": "2.0", "method": "subscription", "params": {"channel": "book.ETH-PERPETUAL.none.20.100ms", "data": {"timestamp": 1757585325775, "change_id": 86079763357, "instrument_name": "ETH-PERPETUAL", "bids": [[4426.4, 20851.0], [4426.05, 25200.0], [4426.0, 100011.0], [4425.95, 195998.0], [4425.85, 137373.0], [4425.75, 31563.0], [4425.7, 34763.0], [4425.65, 1361.0], [4425.6, 34142.0], [4425.55, 133375.0], [4425.5, 387016.0], [4425.4, 105304.0], [4425.25, 44.0], [4425.2, 14869.0], [4425.1, 80767.0], [4425.05, 302098.0], [4425.0, 3584.0], [4424.8, 14825.0], [4424.6, 39172.0], [4424.55, 104556.0]], "asks": [[4426.45, 269063.0], [4426.5, 30000.0], [4426.8, 2548.0], [4426.85, 5703.0], [4426.9, 2460.0], [4427.0, 15030.0], [4427.1, 50000.0], [4427.2, 6275.0], [4427.25, 21117.0], [4427.35, 2556.0], [4427.4, 17411.0], [4427.5, 14989.0], [4427.55, 20808.0], [4427.6, 22239.0], [4427.75, 4493.0], [4427.8, 14976.0], [4427.85, 31690.0], [4427.9, 5474.0], [4428.0, 105430.0], [4428.05, 14399.0]]}}}
{"jsonrpc": "2.0", "method": "subscription", "params": {"channel": "book.ETH-PERPETUAL.none.20.100ms", "data": {"timestamp": 1757585325837, "change_id": 86079763414, "instrument_name": "ETH-PERPETUAL", "bids": [[4426.4, 20851.0], [4426.05, 25200.0], [4425.95, 195998.0], [4425.85, 137373.0], [4425.75, 31563.0], [4425.7, 34763.0], [4425.65, 1361.0], [4425.6, 34142.0], [4425.55, 133375.0], [4425.5, 387016.0], [4425.4, 105304.0], [4425.25, 44.0], [4425.2, 14869.0], [4425.1, 80767.0], [4425.05, 302098.0], [4425.0, 3584.0], [4424.8, 14825.0], [4424.6, 39172.0], [4424.55, 104556.0], [4424.5, 336.0]], "asks": [[4426.45, 269063.0], [4426.5, 30000.0], [4426.8, 2548.0], [4426.85, 5703.0], [4426.9, 2460.0], [4427.0, 15030.0], [4427.1, 50000.0], [4427.2, 6275.0], [4427.25, 21117.0], [4427.35, 2556.0], [4427.4, 17411.0], [4427.5, 14989.0], [4427.55, 20808.0], [4427.6, 22239.0], [4427.75, 4493.0], [4427.8, 14976.0], [4427.85, 31690.0], [4427.9, 5474.0], [4428.0, 105430.0], [4428.05, 14399.0]]}}}
{"jsonrpc": "2.0", "method": "subscription", "params": {"channel": "book.ETH-PERPETUAL.none.20.100ms", "data": {"timestamp": 1757585326414, "change_id": 86079764160, "instrument_name": "ETH-PERPETUAL", "bids": [[4426.4, 20851.0], [4426.05, 31200.0], [4426.0, 100011.0], [4425.95, 195998.0], [4425.85, 137373.0], [4425.75, 31563.0], [4425.7, 34763.0], [4425.65, 1361.0], [4425.6, 34142.0], [4425.55, 133375.0], [4425.5, 387016.0], [4425.4, 105304.0], [4425.25, 44.0], [4425.2, 14869.0], [4425.1, 80767.0], [4425.05, 302098.0], [4425.0, 3584.0], [4424.8, 14825.0], [4424.6, 39172.0], [4424.55, 104556.0]], "asks": [[4426.45, 269063.0], [4426.5, 30000.0], [4426.8, 2548.0], [4426.85, 5703.0], [4426.9, 2460.0], [4427.0, 15030.0], [4427.1, 50000.0], [4427.2, 6275.0], [4427.25, 21117.0], [4427.35, 2556.0], [4427.4, 17411.0], [4427.5, 14989.0], [4427.55, 20808.0], [4427.6, 22239.0], [4427.75, 4493.0], [4427.8, 14976.0], [4427.85, 31690.0], [4427.9, 5474.0], [4428.0, 105430.0], [4428.05, 14399.0]]}}}
{"jsonrpc": "2.0", "method": "subscription", "params": {"channel": "book.ETH-PERPETUAL.none.20.100ms", "data": {"timestamp": 1757585326776, "change_id": 86079764426, "instrument_name": "ETH-PERPETUAL", "bids": [[4426.4, 20851.0], [4426.05, 9100.0], [4425.95, 195998.0], [4425.85, 137343.0], [4425.75, 21082.0], [4425.7, 34763.0], [4425.65, 1361.0], [4425.6, 32808.0], [4425.55, 133375.0], [4425.5, 388350.0], [4425.45, 5733.0], [4425.4, 105304.0], [4425.25, 44.0], [4425.2, 14869.0], [4425.1, 80767.0], [4425.05, 302098.0], [4425.0, 3584.0], [4424.8, 14825.0], [4424.6, 39172.0], [4424.55, 104556.0]], "asks": [[4426.45, 269063.0], [4426.5, 30000.0], [4426.8, 2548.0], [4426.85, 5703.0], [4426.9, 2460.0], [4427.0, 15030.0], [4427.1, 50000.0], [4427.2, 6275.0], [4427.25, 21117.0], [4427.35, 2556.0], [4427.4, 17411.0], [4427.5, 14989.0], [4427.55, 20808.0], [4427.6, 22239.0], [4427.75, 4493.0], [4427.8, 14976.0], [4427.85, 31690.0], [4427.9, 5474.0], [4428.0, 105430.0], [4428.05, 14399.0]]}}}
{"jsonrpc": "2.0", "method": "subscription", "params": {"channel": "book.ETH-PERPETUAL.none.20.100ms", "data": {"timestamp": 1757585326998, "change_id": 86079764795, "instrument_name": "ETH-PERPETUAL", "bids": [[4426.4, 20851.0], [4426.05, 9100.0], [4426.0, 100002.0], [4425.95, 195998.0], [4425.85, 137343.0], [4425.75, 21082.0], [4425.7, 34793.0], [4425.65, 1361.0], [4425.6, 32808.0], [4425.55, 133375.0], [4425.5, 388350.0], [4425.45, 5703.0], [4425.4, 105304.0], [4425.25, 44.0], [4425.2, 14869.0], [4425.1, 80767.0], [4425.05, 302098.0], [4425.0, 3584.0], [4424.8, 14825.0], [4424.6, 39172.0]], "asks": [[4426.45, 269063.0], [4426.5, 30000.0], [4426.8, 2548.0], [4426.85, 5703.0], [4426.9, 2460.0], [4427.0, 15030.0], [4427.1, 50000.0], [4427.2, 6275.0], [4427.25, 21117.0], [4427.35, 2556.0], [4427.4, 17411.0], [4427.5, 14989.0], [4427.55, 20808.0], [4427.6, 22239.0], [4427.75, 4493.0], [4427.8, 14976.0], [4427.85, 31690.0], [4427.9, 5474.0], [4428.0, 105430.0], [4428.05, 14399.0]]}}}
{"jsonrpc": "2.0", "method": "subscription", "params": {"channel": "book.ETH-PERPETUAL.none.20.100ms", "data": {"timestamp": 1757585327402, "change_id": 86079765186, "instrument_name": "ETH-PERPETUAL", "bids": [[4426.4, 20851.0], [4426.05, 31200.0], [4426.0, 100002.0], [4425.95, 195998.0], [4425.85, 137343.0], [4425.75, 21082.0], [4425.7, 34793.0], [4425.65, 1361.0], [4425.6, 32808.0], [4425.55, 133375.0], [4425.5, 388350.0], [4425.45, 5703.0], [4425.4, 105304.0], [4425.25, 44.0], [4425.2, 14869.0], [4425.1, 80767.0], [4425.05, 302098.0], [4425.0, 3584.0], [4424.8, 14825.0], [4424.6, 39172.0]], "asks": [[4426.45, 269063.0], [4426.5, 30000.0], [4426.8, 2548.0], [4426.85, 5703.0], [4426.9, 2460.0], [4427.0, 15030.0], [4427.1, 50000.0], [4427.2, 6275.0], [4427.25, 21117.0], [4427.35, 2556.0], [4427.4, 17411.0], [4427.5, 14989.0], [4427.55, 20808.0], [4427.6, 22239.0], [4427.75, 4493.0], [4427.8, 14976.0], [4427.85, 31690.0], [4427.9, 5474.0], [4428.0, 105430.0], [4428.05, 14399.0]]}}}
{"jsonrpc": "2.0", "method": "subscription", "params": {"channel": "book.ETH-PERPETUAL.none.20.100ms", "data": {"timestamp": 1757585327767, "change_id": 86079765521, "instrument_name": "ETH-PERPETUAL", "bids": [[4426.4, 20851.0], [4426.05, 31200.0], [4426.0, 100002.0], [4425.95, 195998.0], [4425.85, 137343.0], [4425.75, 21082.0], [4425.7, 34793.0], [4425.65, 1361.0], [4425.6, 32808.0], [4425.55, 134709.0], [4425.5, 387016.0], [4425.4, 105304.0], [4425.25, 44.0], [4425.2, 14869.0], [4425.1, 80767.0], [4425.05, 302098.0], [4425.0, 3584.0], [4424.8, 14825.0], [4424.6, 39172.0], [4424.55, 104556.0]], "asks": [[4426.45, 269063.0], [4426.5, 30000.0], [4426.9, 2460.0], [4427.0, 15030.0], [4427.1, 50000.0], [4427.2, 6275.0], [4427.25, 21117.0], [4427.35, 2556.0], [4427.4, 17411.0], [4427.5, 14989.0], [4427.55, 20808.0], [4427.6, 22239.0], [4427.75, 4493.0], [4427.8, 14976.0], [4427.85, 31690.0], [4427.9, 5474.0], [4428.0, 105430.0], [4428.05, 14399.0], [4428.3, 5044.0], [4428.35, 16812.0]]}}}
{"jsonrpc": "2.0", "method": "subscription", "params": {"channel": "book.ETH-PERPETUAL.none.20.100ms", "data": {"timestamp": 1757585328094, "change_id": 86079766050, "instrument_name": "ETH-PERPETUAL", "bids": [[4426.4, 20851.0], [4426.05, 9100.0], [4425.95, 195998.0], [4425.85, 137343.0], [4425.75, 21082.0], [4425.7, 34793.0], [4425.65, 1361.0], [4425.6, 32808.0], [4425.55, 133375.0], [4425.5, 392719.0], [4425.4, 4504.0], [4425.25, 44.0], [4425.2, 14869.0], [4425.1, 80767.0], [4425.05, 302098.0], [4425.0, 34240.0], [4424.8, 115625.0], [4424.6, 39172.0], [4424.55, 104556.0], [4424.5, 336.0]], "asks": [[4426.45, 269063.0], [4426.5, 30000.0], [4426.7, 1711.0], [4426.75, 5703.0], [4426.9, 2460.0], [4427.0, 15030.0], [4427.1, 50000.0], [4427.2, 6275.0], [4427.25, 21117.0], [4427.35, 2556.0], [4427.4, 17411.0], [4427.5, 14989.0], [4427.55, 20808.0], [4427.6, 22239.0], [4427.75, 4493.0], [4427.8, 14976.0], [4427.85, 31690.0], [4427.9, 5474.0], [4428.0, 105430.0], [4428.05, 14399.0]]}}}
{"jsonrpc": "2.0", "method": "subscription", "params": {"channel": "book.ETH-PERPETUAL.none.20.100ms", "data": {"timestamp": 1757585328427, "change_id": 86079766663, "instrument_name": "ETH-PERPETUAL", "bids": [[4426.4, 20657.0], [4425.95, 195998.0], [4425.75, 2.0], [4425.7, 34763.0], [4425.65, 1361.0], [4425.55, 133375.0], [4425.5, 362016.0], [4425.4, 4504.0], [4425.35, 30.0], [4425.25, 44.0], [4425.2, 14869.0], [4425.15, 25000.0], [4425.1, 80767.0], [4425.05, 311572.0], [4425.0, 34240.0], [4424.8, 116959.0], [4424.6, 39172.0], [4424.55, 104556.0], [4424.5, 336.0], [4424.4, 14825.0]], "asks": [[4426.45, 300263.0], [4426.5, 30000.0], [4426.65, 16711.0], [4426.75, 5703.0], [4426.8, 50000.0], [4426.9, 2460.0], [4427.0, 30.0], [4427.2, 6275.0], [4427.25, 21117.0], [4427.35, 2556.0], [4427.4, 17411.0], [4427.5, 14989.0], [4427.55, 20808.0], [4427.6, 22239.0], [4427.75, 4493.0], [4427.8, 14976.0], [4427.85, 31690.0], [4427.9, 5474.0], [4428.0, 105430.0], [4428.05, 14399.0]]}}}
{"jsonrpc": "2.0", "method": "subscription", "params": {"channel": "book.ETH-PERPETUAL.none.20.100ms", "data": {"timestamp": 1757585328717, "change_id": 86079767148, "instrument_name": "ETH-PERPETUAL", "bids": [[4426.4, 20657.0], [4425.95, 195998.0], [4425.75, 2.0], [4425.7, 34763.0], [4425.6, 20808.0], [4425.55, 133375.0], [4425.5, 499341.0], [4425.4, 4504.0], [4425.35, 30.0], [4425.25, 44.0], [4425.2, 14869.0], [4425.15, 25000.0], [4425.1, 80767.0], [4425.05, 311572.0], [4425.0, 39943.0], [4424.8, 116959.0], [4424.6, 39172.0], [4424.55, 104556.0], [4424.5, 336.0], [4424.4, 14825.0]], "asks": [[4426.45, 300263.0], [4426.5, 30000.0], [4426.65, 1711.0], [4426.75, 5703.0], [4426.85, 15747.0], [4426.9, 52460.0], [4427.0, 30.0], [4427.2, 6275.0], [4427.25, 21117.0], [4427.35, 2556.0], [4427.4, 24399.0], [4427.5, 14989.0], [4427.55, 51357.0], [4427.6, 22239.0], [4427.75, 4493.0], [4427.8, 14976.0], [4427.85, 31690.0], [4427.9, 6494.0], [4428.0, 173215.0], [4428.05, 14399.0]]}}}
{"jsonrpc": "2.0", "method": "subscription", "params": {"channel": "book.ETH-PERPETUAL.none.20.100ms", "data": {"timestamp": 1757585329054, "change_id": 86079767579, "instrument_name": "ETH-PERPETUAL", "bids": [[4426.4, 20657.0], [4425.95, 195998.0], [4425.75, 2.0], [4425.7, 34763.0], [4425.6, 20808.0], [4425.55, 133375.0], [4425.5, 499341.0], [4425.4, 4504.0], [4425.35, 30.0], [4425.25, 44.0], [4425.2, 14869.0], [4425.15, 25000.0], [4425.1, 80767.0], [4425.05, 311572.0], [4425.0, 39943.0], [4424.85, 1360.0], [4424.8, 116959.0], [4424.6, 39172.0], [4424.55, 104556.0], [4424.5, 336.0]], "asks": [[4426.45, 301464.0], [4426.5, 30000.0], [4426.65, 1711.0], [4426.75, 5703.0], [4426.85, 15747.0], [4426.9, 52460.0], [4427.0, 30.0], [4427.2, 6275.0], [4427.25, 21117.0], [4427.35, 2556.0], [4427.4, 24399.0], [4427.5, 14989.0], [4427.55, 51357.0], [4427.6, 22239.0], [4427.75, 4493.0], [4427.8, 14976.0], [4427.85, 31690.0], [4427.9, 6494.0], [4428.0, 123215.0], [4428.05, 14399.0]]}}}
{"jsonrpc": "2.0", "method": "subscription", "params": {"channel": "book.ETH-PERPETUAL.none.20.100ms", "data": {"timestamp": 1757585329347, "change_id": 86079767944, "instrument_name": "ETH-PERPETUAL", "bids": [[4426.4, 20657.0], [4425.95, 195998.0], [4425.75, 2.0], [4425.7, 34763.0], [4425.6, 20808.0], [4425.55, 133375.0], [4425.5, 499341.0], [4425.4, 4504.0], [4425.35, 30.0], [4425.25, 44.0], [4425.2, 14869.0], [4425.15, 25000.0], [4425.1, 80767.0], [4425.05, 311572.0], [4425.0, 39943.0], [4424.85, 1360.0], [4424.8, 116959.0], [4424.6, 39172.0], [4424.55, 104556.0], [4424.5, 336.0]], "asks": [[4426.45, 301864.0], [4426.5, 30000.0], [4426.65, 1711.0], [4426.75, 5703.0], [4426.85, 15747.0], [4426.9, 52460.0], [4427.0, 30.0], [4427.2, 6275.0], [4427.25, 21117.0], [4427.35, 2556.0], [4427.4, 24399.0], [4427.5, 14989.0], [4427.55, 51357.0], [4427.6, 22239.0], [4427.75, 4493.0], [4427.8, 14976.0], [4427.85, 31690.0], [4427.9, 6494.0], [4428.0, 173215.0], [4428.05, 14399.0]]}}}
{"jsonrpc": "2.0", "method": "subscription", "params": {"channel": "book.ETH-PERPETUAL.none.20.100ms", "data": {"timestamp": 1757585329461, "change_id": 86079768049, "instrument_name": "ETH-PERPETUAL", "bids": [[4426.4, 20657.0], [4425.95, 195998.0], [4425.75, 2.0], [4425.7, 34763.0], [4425.6, 20808.0], [4425.55, 133375.0], [4425.5, 499341.0], [4425.4, 4504.0], [4425.35, 30.0], [4425.25, 44.0], [4425.2, 14869.0], [4425.15, 25000.0], [4425.1, 80767.0], [4425.05, 311572.0], [4425.0, 39943.0], [4424.85, 1360.0], [4424.8, 116959.0], [4424.6, 39172.0], [4424.55, 104556.0], [4424.5, 336.0]], "asks": [[4426.45, 301864.0], [4426.5, 30000.0], [4426.65, 1711.0], [4426.75, 5703.0], [4426.85, 15747.0], [4426.9, 52460.0], [4427.0, 30.0], [4427.2, 6275.0], [4427.25, 21117.0], [4427.35, 2556.0], [4427.4, 24399.0], [4427.5, 14989.0], [4427.55, 51357.0], [4427.6, 22239.0], [4427.75, 4493.0], [4427.8, 14976.0], [4427.85, 48577.0], [4427.9, 6494.0], [4428.0, 173215.0], [4428.05, 14399.0]]}}}
{"jsonrpc": "2.0", "method": "subscription", "params": {"channel": "book.ETH-PERPETUAL.none.20.100ms", "data": {"timestamp": 1757585330043, "change_id": 86079768594, "instrument_name": "ETH-PERPETUAL", "bids": [[4426.4, 20657.0], [4425.95, 207948.0], [4425.75, 2.0], [4425.7, 34763.0], [4425.6, 20808.0], [4425.55, 133375.0], [4425.5, 512791.0], [4425.4, 4504.0], [4425.35, 30.0], [4425.25, 44.0], [4425.2, 14869.0], [4425.15, 25000.0], [4425.1, 80767.0], [4425.05, 286172.0], [4425.0, 39943.0], [4424.85, 1360.0], [4424.8, 116959.0], [4424.6, 39172.0], [4424.55, 104556.0], [4424.5, 336.0]], "asks": [[4426.45, 301864.0], [4426.5, 30000.0], [4426.65, 1711.0], [4426.75, 5703.0], [4426.85, 15747.0], [4426.9, 52460.0], [4427.0, 30.0], [4427.2, 6275.0], [4427.25, 21117.0], [4427.35, 2556.0], [4427.4, 24399.0], [4427.5, 14989.0], [4427.55, 51357.0], [4427.6, 22239.0], [4427.75, 4493.0], [4427.8, 14976.0], [4427.85, 48577.0], [4427.9, 6494.0], [4428.0, 173215.0], [4428.05, 14399.0]]}}}
{"jsonrpc": "2.0", "method": "subscription", "params": {"channel": "book.ETH-PERPETUAL.none.20.100ms", "data": {"timestamp": 1757585330407, "change_id": 86079768960, "instrument_name": "ETH-PERPETUAL", "bids": [[4426.4, 20657.0], [4425.95, 207948.0], [4425.75, 2.0], [4425.7, 34763.0], [4425.6, 20808.0], [4425.55, 133375.0], [4425.5, 512791.0], [4425.4, 4504.0], [4425.35, 30.0], [4425.25, 44.0], [4425.2, 14869.0], [4425.15, 25000.0], [4425.1, 80767.0], [4425.05, 286172.0], [4425.0, 34240.0], [4424.85, 1360.0], [4424.8, 116959.0], [4424.6, 39172.0], [4424.55, 104556.0], [4424.5, 336.0]], "asks": [[4426.45, 301864.0], [4426.5, 30000.0], [4426.65, 1711.0], [4426.75, 5703.0], [4426.85, 15747.0], [4426.9, 52460.0], [4427.0, 30.0], [4427.2, 6275.0], [4427.25, 21117.0], [4427.35, 2556.0], [4427.4, 24399.0], [4427.5, 14989.0], [4427.55, 51357.0], [4427.6, 22239.0], [4427.75, 4493.0], [4427.8, 14976.0], [4427.9, 6494.0], [4428.0, 105430.0], [4428.05, 14399.0], [4428.25, 17785.0]]}}}
{"jsonrpc": "2.0", "method": "subscription", "params": {"channel": "book.ETH-PERPETUAL.none.20.100ms", "data": {"timestamp": 1757585330742, "change_id": 86079769287, "instrument_name": "ETH-PERPETUAL", "bids": [[4426.4, 20657.0], [4425.95, 207948.0], [4425.75, 2.0], [4425.7, 34763.0], [4425.6, 20808.0], [4425.55, 133375.0], [4425.5, 512791.0], [4425.4, 4504.0], [4425.35, 30.0], [4425.25, 44.0], [4425.2, 14869.0], [4425.15, 25000.0], [4425.1, 80767.0], [4425.05, 291875.0], [4425.0, 34240.0], [4424.85, 1360.0], [4424.8, 116959.0], [4424.6, 39172.0], [4424.55, 104556.0], [4424.5, 336.0]], "asks": [[4426.45, 301507.0], [4426.5, 30000.0], [4426.65, 1711.0], [4426.75, 5703.0], [4426.85, 15747.0], [4426.9, 52460.0], [4427.0, 30.0], [4427.2, 6275.0], [4427.25, 21117.0], [4427.35, 2556.0], [4427.4, 24399.0], [4427.5, 14989.0], [4427.55, 51357.0], [4427.6, 22239.0], [4427.75, 4493.0], [4427.8, 14976.0], [4427.9, 5474.0], [4428.0, 155430.0], [4428.05, 14399.0], [4428.25, 17785.0]]}}}
{"jsonrpc": "2.0", "method": "subscription", "params": {"channel": "book.ETH-PERPETUAL.none.20.100ms", "data": {"timestamp": 1757585331079, "change_id": 86079769840, "instrument_name": "ETH-PERPETUAL", "bids": [[4426.4, 20657.0], [4425.95, 207948.0], [4425.75, 16673.0], [4425.7, 34763.0], [4425.6, 20808.0], [4425.55, 133375.0], [4425.5, 512791.0], [4425.4, 11420.0], [4425.35, 30.0], [4425.3, 25000.0], [4425.25, 44.0], [4425.2, 14869.0], [4425.1, 80767.0], [4425.05, 291875.0], [4425.0, 34240.0], [4424.85, 1360.0], [4424.8, 116959.0], [4424.6, 39172.0], [4424.55, 104556.0], [4424.5, 336.0]], "asks": [[4426.45, 123358.0], [4426.5, 30000.0], [4426.65, 1711.0], [4426.75, 5703.0], [4426.85, 15747.0], [4426.9, 52460.0], [4427.0, 12780.0], [4427.05, 20000.0], [4427.1, 25000.0], [4427.2, 6275.0], [4427.25, 21217.0], [4427.35, 2556.0], [4427.4, 24399.0], [4427.5, 14989.0], [4427.55, 51357.0], [4427.6, 22239.0], [4427.75, 4493.0], [4427.8, 14976.0], [4427.9, 5474.0], [4428.0, 105430.0]]}}}
{"jsonrpc": "2.0", "method": "subscription", "params": {"channel": "book.ETH-PERPETUAL.none.20.100ms", "data": {"timestamp": 1757585331406, "change_id": 86079770451, "instrument_name": "ETH-PERPETUAL", "bids": [[4426.4, 20697.0], [4426.05, 17200.0], [4426.0, 62384.0], [4425.95, 207948.0], [4425.75, 16673.0], [4425.7, 34763.0], [4425.65, 1361.0], [4425.6, 20838.0], [4425.55, 134709.0], [4425.5, 375466.0], [4425.45, 162321.0], [4425.4, 16504.0], [4425.25, 44.0], [4425.2, 14869.0], [4425.1, 80767.0], [4425.05, 279875.0], [4425.0, 34240.0], [4424.8, 115625.0], [4424.6, 39172.0], [4424.55, 104556.0]], "asks": [[4426.45, 300246.0], [4426.5, 25000.0], [4426.55, 1711.0], [4426.6, 5703.0], [4426.85, 15747.0], [4426.9, 52460.0], [4427.0, 30.0], [4427.2, 6275.0], [4427.25, 21117.0], [4427.35, 2556.0], [4427.4, 24399.0], [4427.5, 14989.0], [4427.55, 51357.0], [4427.6, 22239.0], [4427.75, 4493.0], [4427.8, 14976.0], [4427.9, 12581.0], [4428.0, 105430.0], [4428.05, 14399.0], [4428.1, 54102.0]]}}}
{"jsonrpc": "2.0", "method": "subscription", "params": {"channel": "book.ETH-PERPETUAL.none.20.100ms", "data": {"timestamp": 1757585331727, "change_id": 86079770746, "instrument_name": "ETH-PERPETUAL", "bids": [[4426.4, 20697.0], [4426.05, 17200.0], [4426.0, 62384.0], [4425.95, 207948.0], [4425.75, 16673.0], [4425.7, 34763.0], [4425.65, 1361.0], [4425.6, 20838.0], [4425.55, 134709.0], [4425.5, 375466.0], [4425.45, 162321.0], [4425.4, 16504.0], [4425.25, 44.0], [4425.2, 14869.0], [4425.1, 80767.0], [4425.05, 279875.0], [4425.0, 34240.0], [4424.8, 115625.0], [4424.6, 39172.0], [4424.55, 104556.0]], "asks": [[4426.45, 300246.0], [4426.5, 25000.0], [4426.55, 1711.0], [4426.6, 5703.0], [4426.85, 15747.0], [4426.9, 52460.0], [4427.0, 30.0], [4427.2, 6275.0], [4427.25, 21117.0], [4427.35, 2556.0], [4427.4, 24399.0], [4427.5, 14989.0], [4427.55, 51357.0], [4427.6, 22239.0], [4427.75, 4493.0], [4427.8, 14976.0], [4427.9, 12581.0], [4427.95, 30255.0], [4428.0, 105430.0], [4428.05, 14399.0]]}}}
{"jsonrpc": "2.0", "method": "subscription", "params": {"channel": "book.ETH-PERPETUAL.none.20.100ms", "data": {"timestamp": 1757585332020, "change_id": 86079771117, "instrument_name": "ETH-PERPETUAL", "bids": [[4426.4, 20697.0], [4426.05, 17200.0], [4426.0, 62384.0], [4425.95, 207948.0], [4425.75, 16673.0], [4425.7, 34763.0], [4425.65, 1361.0], [4425.6, 20838.0], [4425.55, 134709.0], [4425.5, 375466.0], [4425.45, 162321.0], [4425.4, 16504.0], [4425.25, 44.0], [4425.2, 14869.0], [4425.1, 80767.0], [4425.05, 279875.0], [4425.0, 34240.0], [4424.8, 115625.0], [4424.6, 39172.0], [4424.55, 104556.0]], "asks": [[4426.45, 300246.0], [4426.5, 25000.0], [4426.55, 1711.0], [4426.6, 5703.0], [4426.85, 15747.0], [4426.9, 52460.0], [4427.0, 30.0], [4427.2, 6275.0], [4427.25, 21117.0], [4427.35, 2556.0], [4427.4, 24399.0], [4427.5, 14989.0], [4427.55, 51357.0], [4427.6, 22239.0], [4427.75, 4493.0], [4427.8, 14976.0], [4427.9, 12581.0], [4427.95, 30255.0], [4428.0, 105430.0], [4428.05, 14399.0]]}}}
{"jsonrpc": "2.0", "method": "subscription", "params": {"channel": "book.ETH-PERPETUAL.none.20.100ms", "data": {"timestamp": 1757585332384, "change_id": 86079771558, "instrument_name": "ETH-PERPETUAL", "bids": [[4426.4, 20657.0], [4426.0, 25400.0], [4425.95, 207948.0], [4425.75, 16673.0], [4425.7, 34763.0], [4425.65, 1361.0], [4425.6, 20808.0], [4425.55, 133375.0], [4425.5, 375466.0], [4425.45, 137321.0], [4425.4, 23411.0], [4425.3, 30.0], [4425.25, 44.0], [4425.2, 39869.0], [4425.1, 80767.0], [4425.05, 279875.0], [4425.0, 34240.0], [4424.8, 116959.0], [4424.6, 39172.0], [4424.55, 104556.0]], "asks": [[4426.45, 300246.0], [4426.5, 25000.0], [4426.55, 1711.0], [4426.6, 5703.0], [4426.85, 15747.0], [4426.9, 52460.0], [4427.0, 30.0], [4427.2, 6275.0], [4427.25, 21117.0], [4427.35, 2556.0], [4427.4, 24399.0], [4427.5, 14989.0], [4427.55, 51357.0], [4427.6, 22239.0], [4427.75, 4493.0], [4427.8, 14976.0], [4427.9, 12581.0], [4427.95, 30255.0], [4428.0, 105430.0], [4428.05, 14399.0]]}}}
{"jsonrpc": "2.0", "method": "subscription", "params": {"channel": "book.ETH-PERPETUAL.none.20.100ms", "data": {"timestamp": 1757585332680, "change_id": 86079771849, "instrument_name": "ETH-PERPETUAL", "bids": [[4426.4, 20657.0], [4425.95, 207948.0], [4425.75, 2.0], [4425.7, 34763.0], [4425.65, 1361.0], [4425.6, 20808.0], [4425.55, 133375.0], [4425.5, 375466.0], [4425.45, 137321.0], [4425.4, 23411.0], [4425.3, 30.0], [4425.25, 44.0], [4425.2, 39869.0], [4425.1, 80767.0], [4425.05, 279875.0], [4425.0, 34240.0], [4424.8, 116959.0], [4424.6, 39172.0], [4424.55, 104556.0], [4424.5, 336.0]], "asks": [[4426.45, 300366.0], [4426.5, 25000.0], [4426.55, 1711.0], [4426.6, 5703.0], [4426.85, 15747.0], [4426.9, 52460.0], [4427.0, 30.0], [4427.2, 6275.0], [4427.25, 21117.0], [4427.35, 2556.0], [4427.4, 24399.0], [4427.5, 14989.0], [4427.55, 51357.0], [4427.6, 22239.0], [4427.75, 4493.0], [4427.8, 14976.0], [4427.9, 12581.0], [4427.95, 30255.0], [4428.0, 105430.0], [4428.05, 14399.0]]}}}
{"jsonrpc": "2.0", "method": "subscription", "params": {"channel": "book.ETH-PERPETUAL.none.20.100ms", "data": {"timestamp": 1757585333015, "change_id": 86079772252, "instrument_name": "ETH-PERPETUAL", "bids": [[4426.4, 20657.0], [4425.95, 207948.0], [4425.75, 2.0], [4425.7, 34763.0], [4425.65, 1361.0], [4425.6, 20808.0], [4425.55, 133375.0], [4425.5, 375466.0], [4425.45, 137321.0], [4425.4, 23411.0], [4425.3, 30.0], [4425.25, 44.0], [4425.2, 39869.0], [4425.1, 80767.0], [4425.05, 279875.0], [4425.0, 34240.0], [4424.8, 116959.0], [4424.6, 39172.0], [4424.55, 104556.0], [4424.5, 336.0]], "asks": [[4426.45, 300366.0], [4426.5, 25000.0], [4426.55, 1711.0], [4426.6, 5703.0], [4426.85, 15747.0], [4426.9, 52460.0], [4427.0, 30.0], [4427.2, 6275.0], [4427.25, 21117.0], [4427.35, 2556.0], [4427.4, 24399.0], [4427.5, 14989.0], [4427.55, 51357.0], [4427.6, 22239.0], [4427.75, 4493.0], [4427.8, 14976.0], [4427.9, 12581.0], [4427.95, 30255.0], [4428.0, 105430.0], [4428.05, 14399.0]]}}}
{"jsonrpc": "2.0", "method": "subscription", "params": {"channel": "book.ETH-PERPETUAL.none.20.100ms", "data": {"timestamp": 1757585333335, "change_id": 86079772537, "instrument_name": "ETH-PERPETUAL", "bids": [[4426.4, 20657.0], [4426.0, 17800.0], [4425.95, 207948.0], [4425.75, 17082.0], [4425.7, 34763.0], [4425.65, 1361.0], [4425.6, 20808.0], [4425.55, 133375.0], [4425.5, 375466.0], [4425.45, 137321.0], [4425.4, 23411.0], [4425.3, 30.0], [4425.25, 44.0], [4425.2, 39869.0], [4425.1, 80767.0], [4425.05, 279875.0], [4425.0, 34240.0], [4424.8, 116959.0], [4424.6, 39172.0], [4424.55, 104556.0]], "asks": [[4426.45, 300246.0], [4426.5, 30000.0], [4426.55, 1711.0], [4426.6, 5703.0], [4426.85, 25747.0], [4426.9, 52460.0], [4427.0, 30.0], [4427.2, 6275.0], [4427.25, 21117.0], [4427.35, 2556.0], [4427.4, 24399.0], [4427.5, 14989.0], [4427.55, 51357.0], [4427.6, 22239.0], [4427.75, 4493.0], [4427.8, 14976.0], [4427.9, 12581.0], [4427.95, 30255.0], [4428.0, 105430.0], [4428.05, 14399.0]]}}}
{"jsonrpc": "2.0", "method": "subscription", "params": {"channel": "book.ETH-PERPETUAL.none.20.100ms", "data": {"timestamp": 1757585333609, "change_id": 86079772817, "instrument_name": "ETH-PERPETUAL", "bids": [[4426.4, 20697.0], [4426.0, 17800.0], [4425.95, 207948.0], [4425.75, 17082.0], [4425.7, 34763.0], [4425.65, 1361.0], [4425.6, 20808.0], [4425.55, 133375.0], [4425.5, 375466.0], [4425.45, 137321.0], [4425.4, 23420.0], [4425.3, 25030.0], [4425.25, 44.0], [4425.2, 14869.0], [4425.1, 80767.0], [4425.05, 279875.0], [4425.0, 34240.0], [4424.8, 116959.0], [4424.6, 39172.0], [4424.55, 104556.0]], "asks": [[4426.45, 300246.0], [4426.5, 30000.0], [4426.55, 1711.0], [4426.6, 5703.0], [4426.85, 25747.0], [4426.9, 52460.0], [4427.0, 30.0], [4427.2, 6275.0], [4427.25, 21117.0], [4427.35, 2556.0], [4427.4, 24399.0], [4427.5, 14989.0], [4427.55, 51357.0], [4427.6, 22239.0], [4427.75, 4493.0], [4427.8, 14976.0], [4427.9, 12581.0], [4427.95, 30255.0], [4428.0, 105430.0], [4428.05, 14399.0]]}}}
{"jsonrpc": "2.0", "method": "subscription", "params": {"channel": "book.ETH-PERPETUAL.none.20.100ms", "data": {"timestamp": 1757585334034, "change_id": 86079773277, "instrument_name": "ETH-PERPETUAL", "bids": [[4426.4, 20697.0], [4426.0, 17800.0], [4425.95, 207948.0], [4425.75, 17082.0], [4425.7, 34763.0], [4425.65, 1361.0], [4425.6, 20808.0], [4425.55, 133375.0], [4425.5, 375466.0], [4425.45, 137321.0], [4425.4, 23420.0], [4425.3, 25030.0], [4425.25, 44.0], [4425.2, 14869.0], [4425.1, 80767.0], [4425.05, 279875.0], [4425.0, 34240.0], [4424.8, 116959.0], [4424.6, 39172.0], [4424.55, 104556.0]], "asks": [[4426.45, 300246.0], [4426.5, 30000.0], [4426.55, 1711.0], [4426.6, 5703.0], [4426.85, 25747.0], [4426.9, 52460.0], [4427.0, 30.0], [4427.2, 6275.0], [4427.25, 21117.0], [4427.35, 2556.0], [4427.4, 24399.0], [4427.5, 14989.0], [4427.55, 51357.0], [4427.6, 22239.0], [4427.75, 4493.0], [4427.8, 14976.0], [4427.9, 12581.0], [4427.95, 30255.0], [4428.0, 105430.0], [4428.05, 14399.0]]}}}
{"jsonrpc": "2.0", "method": "subscription", "params": {"channel": "book.ETH-PERPETUAL.none.20.100ms", "data": {"timestamp": 1757585334324, "change_id": 86079773595, "instrument_name": "ETH-PERPETUAL", "bids": [[4426.4, 20697.0], [4426.0, 31200.0], [4425.95, 207948.0], [4425.75, 17082.0], [4425.7, 34763.0], [4425.65, 1361.0], [4425.6, 20808.0], [4425.55, 133375.0], [4425.5, 375466.0], [4425.45, 137321.0], [4425.4, 23420.0], [4425.3, 25030.0], [4425.25, 44.0], [4425.2, 14869.0], [4425.1, 80767.0], [4425.05, 279875.0], [4425.0, 34240.0], [4424.8, 116959.0], [4424.6, 39172.0], [4424.55, 104556.0]], "asks": [[4426.45, 300246.0], [4426.5, 25000.0], [4426.55, 1711.0], [4426.6, 5703.0], [4426.85, 25747.0], [4426.9, 52460.0], [4427.0, 30.0], [4427.2, 6275.0], [4427.25, 21117.0], [4427.35, 2556.0], [4427.4, 24399.0], [4427.5, 14989.0], [4427.55, 51357.0], [4427.6, 22239.0], [4427.75, 4493.0], [4427.8, 14976.0], [4427.9, 12581.0], [4427.95, 30255.0], [4428.0, 105430.0], [4428.05, 14399.0]]}}}
{"jsonrpc": "2.0", "method": "subscription", "params": {"channel": "book.ETH-PERPETUAL.none.20.100ms", "data": {"timestamp": 1757585334782, "change_id": 86079773976, "instrument_name": "ETH-PERPETUAL", "bids": [[4426.4, 20697.0], [4426.0, 31200.0], [4425.95, 207948.0], [4425.75, 17082.0], [4425.7, 34763.0], [4425.65, 1361.0], [4425.6, 20808.0], [4425.55, 133375.0], [4425.5, 375466.0], [4425.45, 137321.0], [4425.4, 23420.0], [4425.3, 25030.0], [4425.25, 44.0], [4425.2, 14869.0], [4425.1, 80767.0], [4425.05, 279875.0], [4425.0, 34240.0], [4424.8, 116959.0], [4424.6, 39172.0], [4424.55, 104556.0]], "asks": [[4426.45, 300246.0], [4426.5, 25000.0], [4426.55, 1711.0], [4426.6, 5703.0], [4426.85, 25747.0], [4426.9, 52460.0], [4427.0, 30.0], [4427.2, 6275.0], [4427.25, 21117.0], [4427.35, 2556.0], [4427.4, 24399.0], [4427.5, 14989.0], [4427.55, 51357.0], [4427.6, 22239.0], [4427.75, 4493.0], [4427.8, 14976.0], [4427.9, 12581.0], [4427.95, 30255.0], [4428.0, 105430.0], [4428.05, 14399.0]]}}}
{"jsonrpc": "2.0", "method": "subscription", "params": {"channel": "book.ETH-PERPETUAL.none.20.100ms", "data": {"timestamp": 1757585335044, "change_id": 86079774348, "instrument_name": "ETH-PERPETUAL", "bids": [[4426.4, 20697.0], [4426.0, 31200.0], [4425.95, 207948.0], [4425.75, 17082.0], [4425.7, 34763.0], [4425.65, 1361.0], [4425.6, 20808.0], [4425.55, 133375.0], [4425.5, 375466.0], [4425.45, 137321.0], [4425.4, 23420.0], [4425.3, 25030.0], [4425.25, 44.0], [4425.2, 14869.0], [4425.1, 80767.0], [4425.05, 279875.0], [4425.0, 34240.0], [4424.8, 116959.0], [4424.6, 39172.0], [4424.55, 104556.0]], "asks": [[4426.45, 300246.0], [4426.5, 25000.0], [4426.55, 2997.0], [4426.6, 10703.0], [4426.85, 25747.0], [4426.9, 52460.0], [4427.0, 30.0], [4427.2, 6275.0], [4427.25, 21117.0], [4427.35, 2556.0], [4427.4, 24399.0], [4427.5, 14989.0], [4427.55, 51357.0], [4427.6, 22239.0], [4427.75, 4493.0], [4427.8, 14976.0], [4427.9, 12581.0], [4427.95, 30255.0], [4428.0, 105430.0], [4428.05, 14399.0]]}}}
{"jsonrpc": "2.0", "method": "subscription", "params": {"channel": "book.ETH-PERPETUAL.none.20.100ms", "data": {"timestamp": 1757585335384, "change_id": 86079774719, "instrument_name": "ETH-PERPETUAL", "bids": [[4426.4, 20697.0], [4426.0, 31200.0], [4425.95, 207948.0], [4425.75, 17082.0], [4425.7, 34763.0], [4425.65, 1361.0], [4425.6, 20808.0], [4425.55, 133375.0], [4425.5, 375466.0], [4425.45, 137321.0], [4425.4, 23420.0], [4425.3, 25030.0], [4425.25, 44.0], [4425.2, 14869.0], [4425.1, 80767.0], [4425.05, 279875.0], [4425.0, 34240.0], [4424.8, 116959.0], [4424.6, 39172.0], [4424.55, 104556.0]], "asks": [[4426.45, 300246.0], [4426.5, 25000.0], [4426.55, 1711.0], [4426.6, 5703.0], [4426.85, 25747.0], [4426.9, 52460.0], [4427.0, 30.0], [4427.2, 6275.0], [4427.25, 21117.0], [4427.35, 2556.0], [4427.4, 24399.0], [4427.5, 14989.0], [4427.55, 51357.0], [4427.6, 22239.0], [4427.75, 4493.0], [4427.8, 14976.0], [4427.9, 12581.0], [4427.95, 30255.0], [4428.0, 105430.0], [4428.05, 14399.0]]}}}
{"jsonrpc": "2.0", "method": "subscription", "params": {"channel": "book.ETH-PERPETUAL.none.20.100ms", "data": {"timestamp": 1757585335672, "change_id": 86079774946, "instrument_name": "ETH-PERPETUAL", "bids": [[4426.4, 20697.0], [4426.0, 17800.0], [4425.95, 207948.0], [4425.75, 17082.0], [4425.7, 34763.0], [4425.65, 1361.0], [4425.6, 20808.0], [4425.55, 133375.0], [4425.5, 375466.0], [4425.45, 137321.0], [4425.4, 23420.0], [4425.3, 25030.0], [4425.25, 44.0], [4425.2, 14869.0], [4425.1, 80767.0], [4425.05, 279875.0], [4425.0, 34240.0], [4424.8, 116959.0], [4424.6, 39172.0], [4424.55, 104556.0]], "asks": [[4426.45, 300246.0], [4426.5, 25000.0], [4426.55, 1711.0], [4426.6, 5703.0], [4426.85, 25747.0], [4426.9, 52460.0], [4427.0, 30.0], [4427.2, 6275.0], [4427.25, 21117.0], [4427.35, 2556.0], [4427.4, 24399.0], [4427.5, 14989.0], [4427.55, 51357.0], [4427.6, 22239.0], [4427.75, 4493.0], [4427.8, 14976.0], [4427.9, 12581.0], [4427.95, 30255.0], [4428.0, 105430.0], [4428.05, 14399.0]]}}}
{"jsonrpc": "2.0", "method": "subscription", "params": {"channel": "book.ETH-PERPETUAL.none.20.100ms", "data": {"timestamp": 1757585336058, "change_id": 86079775391, "instrument_name": "ETH-PERPETUAL", "bids": [[4426.4, 20697.0], [4426.0, 17800.0], [4425.95, 207948.0], [4425.75, 17082.0], [4425.7, 34763.0], [4425.65, 1361.0], [4425.6, 20808.0], [4425.55, 133415.0], [4425.5, 375466.0], [4425.45, 137321.0], [4425.4, 23420.0], [4425.3, 25000.0], [4425.25, 44.0], [4425.2, 14869.0], [4425.1, 80767.0], [4425.05, 279875.0], [4425.0, 34240.0], [4424.8, 116959.0], [4424.6, 39172.0], [4424.55, 104556.0]], "asks": [[4426.45, 300246.0], [4426.5, 25000.0], [4426.55, 1711.0], [4426.6, 5703.0], [4426.85, 25747.0], [4426.9, 52460.0], [4427.0, 30.0], [4427.2, 6275.0], [4427.25, 21117.0], [4427.35, 2556.0], [4427.4, 24399.0], [4427.5, 14989.0], [4427.55, 51357.0], [4427.6, 22239.0], [4427.75, 4493.0], [4427.8, 14976.0], [4427.9, 12581.0], [4427.95, 30255.0], [4428.0, 105430.0], [4428.05, 14399.0]]}}}
{"jsonrpc": "2.0", "method": "subscription", "params": {"channel": "book.ETH-PERPETUAL.none.20.100ms", "data": {"timestamp": 1757585336373, "change_id": 86079775742, "instrument_name": "ETH-PERPETUAL", "bids": [[4426.4, 20697.0], [4426.0, 17800.0], [4425.95, 207948.0], [4425.75, 17082.0], [4425.7, 34763.0], [4425.65, 1361.0], [4425.6, 20808.0], [4425.55, 133415.0], [4425.5, 375466.0], [4425.45, 137321.0], [4425.4, 23420.0], [4425.3, 25000.0], [4425.25, 44.0], [4425.2, 14869.0], [4425.1, 80767.0], [4425.05, 279875.0], [4425.0, 34240.0], [4424.8, 116959.0], [4424.6, 39172.0], [4424.55, 104556.0]], "asks": [[4426.45, 300246.0], [4426.5, 25000.0], [4426.55, 1711.0], [4426.6, 5703.0], [4426.85, 25747.0], [4426.9, 52460.0], [4427.0, 30.0], [4427.2, 6275.0], [4427.25, 21117.0], [4427.35, 2556.0], [4427.4, 24399.0], [4427.5, 14989.0], [4427.55, 51357.0], [4427.6, 22239.0], [4427.75, 4493.0], [4427.8, 14976.0], [4427.9, 12581.0], [4427.95, 30255.0], [4428.0, 105430.0], [4428.05, 14399.0]]}}}
{"jsonrpc": "2.0", "method": "subscription", "params": {"channel": "book.ETH-PERPETUAL.none.20.100ms", "data": {"timestamp": 1757585336786, "change_id": 86079776003, "instrument_name": "ETH-PERPETUAL", "bids": [[4426.4, 20697.0], [4426.0, 17800.0], [4425.95, 207948.0], [4425.75, 17082.0], [4425.7, 34763.0], [4425.65, 1361.0], [4425.6, 20808.0], [4425.55, 133415.0], [4425.5, 375466.0], [4425.45, 137321.0], [4425.4, 23420.0], [4425.3, 25000.0], [4425.25, 44.0], [4425.2, 14869.0], [4425.1, 80767.0], [4425.05, 279875.0], [4425.0, 34240.0], [4424.8, 116959.0], [4424.6, 39172.0], [4424.55, 104556.0]], "asks": [[4426.45, 300246.0], [4426.5, 25000.0], [4426.55, 1711.0], [4426.6, 5703.0], [4426.85, 25747.0], [4426.9, 52460.0], [4427.0, 30.0], [4427.2, 6275.0], [4427.25, 21117.0], [4427.35, 2556.0], [4427.4, 24399.0], [4427.5, 14989.0], [4427.55, 51357.0], [4427.6, 22239.0], [4427.75, 4493.0], [4427.8, 14976.0], [4427.9, 12581.0], [4427.95, 30255.0], [4428.0, 105430.0], [4428.05, 14399.0]]}}}
{"jsonrpc": "2.0", "method": "subscription", "params": {"channel": "book.ETH-PERPETUAL.none.20.100ms", "data": {"timestamp": 1757585337105, "change_id": 86079776515, "instrument_name": "ETH-PERPETUAL", "bids": [[4426.4, 20697.0], [4426.0, 17800.0], [4425.95, 207948.0], [4425.75, 17082.0], [4425.7, 34763.0], [4425.65, 1361.0], [4425.6, 20808.0], [4425.55, 133415.0], [4425.5, 375466.0], [4425.45, 137321.0], [4425.4, 23420.0], [4425.3, 25000.0], [4425.25, 44.0], [4425.2, 14869.0], [4425.1, 80767.0], [4425.05, 279875.0], [4425.0, 34240.0], [4424.8, 116959.0], [4424.6, 39172.0], [4424.55, 104556.0]], "asks": [[4426.45, 300246.0], [4426.5, 25000.0], [4426.55, 1711.0], [4426.6, 5703.0], [4426.85, 25747.0], [4426.9, 52460.0], [4427.0, 30.0], [4427.2, 6275.0], [4427.25, 21117.0], [4427.35, 2556.0], [4427.4, 24399.0], [4427.5, 14989.0], [4427.55, 51357.0], [4427.6, 22239.0], [4427.75, 4493.0], [4427.8, 14976.0], [4427.9, 12581.0], [4427.95, 30255.0], [4428.0, 105430.0], [4428.05, 14399.0]]}}}
{"jsonrpc": "2.0", "method": "subscription", "params": {"channel": "book.ETH-PERPETUAL.none.20.100ms", "data": {"timestamp": 1757585337423, "change_id": 86079776863, "instrument_name": "ETH-PERPETUAL", "bids": [[4426.4, 20697.0], [4426.0, 31200.0], [4425.95, 207948.0], [4425.75, 17082.0], [4425.7, 34763.0], [4425.65, 1361.0], [4425.6, 20808.0], [4425.55, 133415.0], [4425.5, 375466.0], [4425.45, 137321.0], [4425.4, 23420.0], [4425.3, 25000.0], [4425.25, 44.0], [4425.2, 14869.0], [4425.1, 80767.0], [4425.05, 279875.0], [4425.0, 34240.0], [4424.8, 116959.0], [4424.6, 39172.0], [4424.55, 104556.0]], "asks": [[4426.45, 300246.0], [4426.5, 25000.0], [4426.55, 1711.0], [4426.6, 5703.0], [4426.85, 25747.0], [4426.9, 52460.0], [4427.0, 30.0], [4427.2, 6275.0], [4427.25, 21117.0], [4427.35, 2556.0], [4427.4, 24399.0], [4427.5, 14989.0], [4427.55, 51357.0], [4427.6, 22239.0], [4427.75, 4493.0], [4427.8, 14976.0], [4427.9, 5474.0], [4427.95, 30255.0], [4428.0, 105430.0], [4428.05, 14399.0]]}}}
{"jsonrpc": "2.0", "method": "subscription", "params": {"channel": "book.ETH-PERPETUAL.none.20.100ms", "data": {"timestamp": 1757585337693, "change_id": 86079777031, "instrument_name": "ETH-PERPETUAL", "bids": [[4426.4, 20697.0], [4426.0, 31200.0], [4425.95, 207948.0], [4425.75, 17082.0], [4425.7, 34763.0], [4425.65, 1361.0], [4425.6, 20808.0], [4425.55, 133415.0], [4425.5, 375466.0], [4425.45, 137321.0], [4425.4, 23420.0], [4425.3, 25000.0], [4425.25, 44.0], [4425.2, 14869.0], [4425.1, 80767.0], [4425.05, 279875.0], [4425.0, 34240.0], [4424.8, 116959.0], [4424.6, 39172.0], [4424.55, 104556.0]], "asks": [[4426.45, 300246.0], [4426.5, 25000.0], [4426.55, 1711.0], [4426.6, 5703.0], [4426.85, 25747.0], [4426.9, 52460.0], [4427.0, 30.0], [4427.2, 6275.0], [4427.25, 21117.0], [4427.35, 2556.0], [4427.4, 24399.0], [4427.5, 14989.0], [4427.55, 51357.0], [4427.6, 22239.0], [4427.75, 4493.0], [4427.8, 14976.0], [4427.9, 5474.0], [4427.95, 30255.0], [4428.0, 105430.0], [4428.05, 14399.0]]}}}
{"jsonrpc": "2.0", "method": "subscription", "params": {"channel": "book.ETH-PERPETUAL.none.20.100ms", "data": {"timestamp": 1757585337904, "change_id": 86079777232, "instrument_name": "ETH-PERPETUAL", "bids": [[4426.4, 20433.0], [4426.0, 31200.0], [4425.95, 207948.0], [4425.75, 17082.0], [4425.7, 34763.0], [4425.65, 1361.0], [4425.6, 20808.0], [4425.55, 133415.0], [4425.5, 375466.0], [4425.45, 137321.0], [4425.4, 23420.0], [4425.3, 25000.0], [4425.25, 44.0], [4425.2, 14869.0], [4425.1, 80767.0], [4425.05, 279875.0], [4425.0, 34240.0], [4424.8, 116959.0], [4424.6, 39172.0], [4424.55, 104556.0]], "asks": [[4426.45, 300246.0], [4426.5, 25000.0], [4426.55, 1711.0], [4426.6, 5703.0], [4426.85, 25747.0], [4426.9, 52460.0], [4427.0, 30.0], [4427.2, 6275.0], [4427.25, 21117.0], [4427.35, 2556.0], [4427.4, 24399.0], [4427.5, 14989.0], [4427.55, 51357.0], [4427.6, 22239.0], [4427.75, 4493.0], [4427.8, 14976.0], [4427.9, 5474.0], [4427.95, 30255.0], [4428.0, 105430.0], [4428.05, 14399.0]]}}}
{"jsonrpc": "2.0", "method": "subscription", "params": {"channel": "book.ETH-PERPETUAL.none.20.100ms", "data": {"timestamp": 1757585338383, "change_id": 86079777758, "instrument_name": "ETH-PERPETUAL", "bids": [[4426.4, 20433.0], [4426.0, 31200.0], [4425.95, 207948.0], [4425.75, 17082.0], [4425.7, 34763.0], [4425.65, 1361.0], [4425.6, 20808.0], [4425.55, 133415.0], [4425.5, 375466.0], [4425.45, 137321.0], [4425.4, 23420.0], [4425.3, 25000.0], [4425.25, 44.0], [4425.2, 14869.0], [4425.1, 80767.0], [4425.05, 279875.0], [4425.0, 34240.0], [4424.8, 116959.0], [4424.6, 39172.0], [4424.55, 104556.0]], "asks": [[4426.45, 300246.0], [4426.5, 30000.0], [4426.55, 1711.0], [4426.6, 5703.0], [4426.85, 25747.0], [4426.9, 52460.0], [4427.0, 30.0], [4427.2, 6275.0], [4427.25, 21117.0], [4427.35, 2556.0], [4427.4, 24399.0], [4427.5, 14989.0], [4427.55, 51357.0], [4427.6, 22239.0], [4427.75, 4493.0], [4427.8, 14976.0], [4427.9, 5474.0], [4427.95, 30255.0], [4428.0, 105430.0], [4428.05, 14399.0]]}}}
{"jsonrpc": "2.0", "method": "subscription", "params": {"channel": "book.ETH-PERPETUAL.none.20.100ms", "data": {"timestamp": 1757585338746, "change_id": 86079778071, "instrument_name": "ETH-PERPETUAL", "bids": [[4426.4, 20433.0], [4426.0, 80184.0], [4425.95, 207948.0], [4425.75, 17082.0], [4425.7, 34763.0], [4425.65, 1361.0], [4425.6, 20808.0], [4425.55, 133415.0], [4425.5, 375466.0], [4425.45, 137321.0], [4425.4, 23420.0], [4425.3, 25000.0], [4425.25, 44.0], [4425.2, 14869.0], [4425.1, 80767.0], [4425.05, 282318.0], [4425.0, 34240.0], [4424.8, 116959.0], [4424.6, 39172.0], [4424.55, 104556.0]], "asks": [[4426.45, 300246.0], [4426.5, 25000.0], [4426.55, 1711.0], [4426.6, 5703.0], [4426.85, 25747.0], [4426.9, 52460.0], [4427.0, 30.0], [4427.2, 6275.0], [4427.25, 21117.0], [4427.35, 2556.0], [4427.4, 24399.0], [4427.5, 14989.0], [4427.55, 51357.0], [4427.6, 22239.0], [4427.75, 4493.0], [4427.8, 14976.0], [4427.9, 5474.0], [4427.95, 30255.0], [4428.0, 105430.0], [4428.05, 14399.0]]}}}
{"jsonrpc": "2.0", "method": "subscription", "params": {"channel": "book.ETH-PERPETUAL.none.20.100ms", "data": {"timestamp": 1757585339097, "change_id": 86079778667, "instrument_name": "ETH-PERPETUAL", "bids": [[4426.4, 20433.0], [4426.05, 5340.0], [4426.0, 80184.0], [4425.95, 207948.0], [4425.75, 17082.0], [4425.7, 34763.0], [4425.65, 1361.0], [4425.6, 20808.0], [4425.55, 134749.0], [4425.5, 375466.0], [4425.45, 162321.0], [4425.4, 22207.0], [4425.25, 44.0], [4425.2, 14869.0], [4425.1, 80767.0], [4425.05, 276615.0], [4425.0, 34240.0], [4424.8, 115625.0], [4424.6, 39172.0], [4424.55, 104556.0]], "asks": [[4426.45, 269046.0], [4426.5, 25000.0], [4426.55, 1711.0], [4426.6, 5703.0], [4426.85, 25747.0], [4426.9, 52460.0], [4427.0, 30.0], [4427.2, 6275.0], [4427.25, 21117.0], [4427.35, 2556.0], [4427.4, 24399.0], [4427.5, 14989.0], [4427.55, 51357.0], [4427.6, 22239.0], [4427.75, 4493.0], [4427.8, 14976.0], [4427.9, 5474.0], [4427.95, 30255.0], [4428.0, 105430.0], [4428.05, 14399.0]]}}}
{"jsonrpc": "2.0", "method": "subscription", "params": {"channel": "book.ETH-PERPETUAL.none.20.100ms", "data": {"timestamp": 1757585339428, "change_id": 86079779861, "instrument_name": "ETH-PERPETUAL", "bids": [[4426.4, 20797.0], [4426.35, 1711.0], [4426.3, 5703.0], [4426.2, 12173.0], [4426.05, 25000.0], [4426.0, 80184.0], [4425.95, 207948.0], [4425.8, 10640.0], [4425.75, 12002.0], [4425.7, 1163.0], [4425.65, 1361.0], [4425.6, 20808.0], [4425.55, 134709.0], [4425.5, 377909.0], [4425.4, 4504.0], [4425.25, 44.0], [4425.2, 14869.0], [4425.1, 83705.0], [4425.05, 276615.0], [4425.0, 34240.0]], "asks": [[4426.45, 37879.0], [4426.6, 33600.0], [4426.8, 131051.0], [4427.0, 30.0], [4427.1, 7500.0], [4427.15, 25000.0], [4427.2, 9075.0], [4427.25, 309.0], [4427.35, 2556.0], [4427.4, 31990.0], [4427.45, 25100.0], [4427.6, 7823.0], [4427.8, 7831.0], [4427.9, 2456.0], [4427.95, 30255.0], [4428.0, 105430.0], [4428.05, 14399.0], [4428.25, 50000.0], [4428.35, 16812.0], [4428.6, 14356.0]]}}}
{"jsonrpc": "2.0", "method": "subscription", "params": {"channel": "book.ETH-PERPETUAL.none.20.100ms", "data": {"timestamp": 1757585339758, "change_id": 86079780329, "instrument_name": "ETH-PERPETUAL", "bids": [[4426.4, 37171.0], [4426.35, 1711.0], [4426.3, 5703.0], [4426.2, 21410.0], [4426.05, 25000.0], [4426.0, 147191.0], [4425.95, 207948.0], [4425.9, 137307.0], [4425.8, 14878.0], [4425.75, 2.0], [4425.7, 1163.0], [4425.6, 51344.0], [4425.55, 133375.0], [4425.5, 377909.0], [4425.4, 4504.0], [4425.25, 44.0], [4425.2, 14869.0], [4425.1, 83705.0], [4425.05, 276615.0], [4425.0, 34240.0]], "asks": [[4426.45, 37822.0], [4426.6, 33600.0], [4426.8, 131051.0], [4427.0, 30.0], [4427.1, 7500.0], [4427.15, 25000.0], [4427.2, 6093.0], [4427.25, 309.0], [4427.35, 100.0], [4427.4, 37766.0], [4427.45, 25000.0], [4427.5, 15758.0], [4427.55, 5703.0], [4427.6, 23457.0], [4427.65, 20808.0], [4427.9, 52456.0], [4427.95, 30255.0], [4428.0, 105430.0], [4428.05, 14399.0], [4428.35, 16812.0]]}}}
{"jsonrpc": "2.0", "method": "subscription", "params": {"channel": "book.ETH-PERPETUAL.none.20.100ms", "data": {"timestamp": 1757585340091, "change_id": 86079781080, "instrument_name": "ETH-PERPETUAL", "bids": [[4426.4, 47534.0], [4426.35, 19527.0], [4426.3, 39303.0], [4426.2, 30340.0], [4426.0, 113591.0], [4425.95, 210391.0], [4425.9, 137307.0], [4425.8, 14878.0], [4425.75, 2.0], [4425.7, 1163.0], [4425.6, 51344.0], [4425.55, 133375.0], [4425.5, 377909.0], [4425.4, 4504.0], [4425.25, 44.0], [4425.2, 14869.0], [4425.1, 83705.0], [4425.05, 296607.0], [4425.0, 34240.0], [4424.8, 115625.0]], "asks": [[4426.45, 37822.0], [4426.6, 33600.0], [4426.8, 131051.0], [4427.0, 30.0], [4427.05, 25000.0], [4427.2, 6093.0], [4427.25, 309.0], [4427.35, 100.0], [4427.4, 31990.0], [4427.45, 25000.0], [4427.55, 5703.0], [4427.6, 15665.0], [4427.65, 20808.0], [4427.75, 4401.0], [4427.8, 15648.0], [4427.9, 2456.0], [4427.95, 30255.0], [4428.0, 113258.0], [4428.05, 14399.0], [4428.35, 16812.0]]}}}
{"jsonrpc": "2.0", "method": "subscription", "params": {"channel": "book.ETH-PERPETUAL.none.20.100ms", "data": {"timestamp": 1757585340386, "change_id": 86079781408, "instrument_name": "ETH-PERPETUAL", "bids": [[4426.4, 82941.0], [4426.35, 49027.0], [4426.3, 39303.0], [4426.2, 30340.0], [4426.0, 113591.0], [4425.95, 214725.0], [4425.9, 137307.0], [4425.8, 14878.0], [4425.75, 2.0], [4425.6, 51344.0], [4425.55, 133375.0], [4425.5, 439804.0], [4425.4, 4504.0], [4425.25, 44.0], [4425.2, 14869.0], [4425.1, 83705.0], [4425.05, 230378.0], [4425.0, 34240.0], [4424.8, 115625.0], [4424.6, 39172.0]], "asks": [[4426.45, 37822.0], [4426.6, 33600.0], [4426.8, 131051.0], [4427.0, 30.0], [4427.05, 25000.0], [4427.2, 6093.0], [4427.25, 309.0], [4427.35, 100.0], [4427.4, 39482.0], [4427.45, 25000.0], [4427.5, 15758.0], [4427.55, 5703.0], [4427.6, 29718.0], [4427.65, 20808.0], [4427.9, 2456.0], [4427.95, 30255.0], [4428.0, 105430.0], [4428.05, 14399.0], [4428.3, 20044.0], [4428.35, 16812.0]]}}}
{"jsonrpc": "2.0", "method": "subscription", "params": {"channel": "book.ETH-PERPETUAL.none.20.100ms", "data": {"timestamp": 1757585340646, "change_id": 86079781594, "instrument_name": "ETH-PERPETUAL", "bids": [[4426.4, 82941.0], [4426.35, 49027.0], [4426.3, 39303.0], [4426.2, 30340.0], [4426.0, 113591.0], [4425.95, 214725.0], [4425.9, 137307.0], [4425.8, 14878.0], [4425.75, 2.0], [4425.6, 51344.0], [4425.55, 133375.0], [4425.5, 439804.0], [4425.4, 4504.0], [4425.25, 44.0], [4425.2, 14869.0], [4425.1, 83705.0], [4425.05, 230378.0], [4425.0, 34240.0], [4424.8, 115625.0], [4424.6, 39172.0]], "asks": [[4426.45, 37822.0], [4426.6, 33600.0], [4426.8, 131051.0], [4427.0, 30.0], [4427.05, 25000.0], [4427.2, 6093.0], [4427.25, 309.0], [4427.35, 100.0], [4427.4, 39482.0], [4427.45, 25000.0], [4427.5, 15758.0], [4427.55, 5703.0], [4427.6, 29718.0], [4427.65, 20808.0], [4427.9, 2456.0], [4427.95, 30255.0], [4428.0, 105430.0], [4428.05, 14399.0], [4428.3, 20044.0], [4428.35, 16812.0]]}}}
{"jsonrpc": "2.0", "method": "subscription", "params": {"channel": "book.ETH-PERPETUAL.none.20.100ms", "data": {"timestamp": 1757585341083, "change_id": 86079782193, "instrument_name": "ETH-PERPETUAL", "bids": [[4426.4, 82941.0], [4426.35, 49027.0], [4426.3, 39303.0], [4426.2, 30340.0], [4426.0, 113591.0], [4425.95, 214725.0], [4425.9, 137307.0], [4425.8, 14878.0], [4425.75, 2.0], [4425.6, 51344.0], [4425.55, 133375.0], [4425.5, 439804.0], [4425.4, 4504.0], [4425.25, 44.0], [4425.2, 14869.0], [4425.1, 83705.0], [4425.05, 230378.0], [4425.0, 34240.0], [4424.8, 115625.0], [4424.6, 39172.0]], "asks": [[4426.45, 37822.0], [4426.6, 33600.0], [4426.8, 131051.0], [4427.0, 30.0], [4427.05, 25000.0], [4427.2, 6093.0], [4427.25, 309.0], [4427.35, 100.0], [4427.4, 39482.0], [4427.45, 25000.0], [4427.5, 15758.0], [4427.6, 35421.0], [4427.65, 20808.0], [4427.9, 2456.0], [4427.95, 30255.0], [4428.0, 105430.0], [4428.05, 14399.0], [4428.3, 20044.0], [4428.35, 16812.0], [4428.4, 50000.0]]}}}
{"jsonrpc": "2.0", "method": "subscription", "params": {"channel": "book.ETH-PERPETUAL.none.20.100ms", "data": {"timestamp": 1757585341409, "change_id": 86079782579, "instrument_name": "ETH-PERPETUAL", "bids": [[4426.4, 79897.0], [4426.35, 89073.0], [4426.3, 39303.0], [4426.25, 137306.0], [4426.2, 5340.0], [4426.0, 80184.0], [4425.95, 239725.0], [4425.8, 14878.0], [4425.75, 2.0], [4425.6, 51344.0], [4425.55, 133375.0], [4425.5, 439804.0], [4425.4, 4504.0], [4425.25, 44.0], [4425.2, 14869.0], [4425.1, 83705.0], [4425.05, 210386.0], [4425.0, 34240.0], [4424.85, 19992.0], [4424.8, 115625.0]], "asks": [[4426.45, 37822.0], [4426.6, 33600.0], [4426.8, 131051.0], [4426.9, 25000.0], [4427.0, 30.0], [4427.2, 11603.0], [4427.25, 21117.0], [4427.35, 100.0], [4427.4, 39482.0], [4427.45, 25000.0], [4427.5, 15758.0], [4427.6, 35421.0], [4427.65, 20808.0], [4427.9, 2456.0], [4427.95, 80255.0], [4428.0, 105430.0], [4428.05, 14399.0], [4428.35, 16812.0], [4428.6, 14356.0], [4428.7, 6944.0]]}}}
{"jsonrpc": "2.0", "method": "subscription", "params": {"channel": "book.ETH-PERPETUAL.none.20.100ms", "data": {"timestamp": 1757585341702, "change_id": 86079782890, "instrument_name": "ETH-PERPETUAL", "bids": [[4426.4, 78563.0], [4426.35, 89073.0], [4426.3, 39303.0], [4426.25, 137306.0], [4426.0, 62384.0], [4425.95, 239725.0], [4425.8, 14878.0], [4425.75, 2.0], [4425.6, 51344.0], [4425.55, 133375.0], [4425.5, 439804.0], [4425.4, 4504.0], [4425.25, 44.0], [4425.2, 14869.0], [4425.1, 83705.0], [4425.05, 230378.0], [4425.0, 34240.0], [4424.8, 115625.0], [4424.6, 39172.0], [4424.55, 104556.0]], "asks": [[4426.45, 37822.0], [4426.6, 33600.0], [4426.8, 131051.0], [4426.9, 25000.0], [4427.0, 30.0], [4427.2, 6093.0], [4427.25, 309.0], [4427.35, 100.0], [4427.4, 39482.0], [4427.45, 25000.0], [4427.5, 15758.0], [4427.6, 35421.0], [4427.65, 20808.0], [4427.9, 2456.0], [4427.95, 80255.0], [4428.0, 105430.0], [4428.05, 14399.0], [4428.35, 16812.0], [4428.6, 14356.0], [4428.7, 6944.0]]}}}
{"jsonrpc": "2.0", "method": "subscription", "params": {"channel": "book.ETH-PERPETUAL.none.20.100ms", "data": {"timestamp": 1757585342029, "change_id": 86079783287, "instrument_name": "ETH-PERPETUAL", "bids": [[4426.4, 78563.0], [4426.35, 89073.0], [4426.3, 39303.0], [4426.25, 137306.0], [4426.0, 62384.0], [4425.95, 239725.0], [4425.9, 1334.0], [4425.8, 14878.0], [4425.75, 2.0], [4425.6, 51344.0], [4425.55, 133375.0], [4425.5, 439804.0], [4425.4, 4504.0], [4425.25, 44.0], [4425.2, 14869.0], [4425.1, 83705.0], [4425.05, 230378.0], [4425.0, 34240.0], [4424.8, 115625.0], [4424.6, 39172.0]], "asks": [[4426.45, 37822.0], [4426.6, 33600.0], [4426.8, 131051.0], [4426.9, 25000.0], [4427.0, 30.0], [4427.2, 6093.0], [4427.25, 309.0], [4427.35, 100.0], [4427.4, 39482.0], [4427.45, 25000.0], [4427.5, 15758.0], [4427.6, 35421.0], [4427.65, 20808.0], [4427.9, 2456.0], [4427.95, 80255.0], [4428.0, 105430.0], [4428.05, 14399.0], [4428.35, 16812.0], [4428.6, 14356.0], [4428.7, 6944.0]]}}}
{"jsonrpc": "2.0", "method": "subscription", "params": {"channel": "book.ETH-PERPETUAL.none.20.100ms", "data": {"timestamp": 1757585342276, "change_id": 86079783511, "instrument_name": "ETH-PERPETUAL", "bids": [[4426.4, 78563.0], [4426.35, 89073.0], [4426.3, 39303.0], [4426.25, 137306.0], [4426.0, 62384.0], [4425.95, 239725.0], [4425.9, 1334.0], [4425.8, 14878.0], [4425.75, 2.0], [4425.6, 51344.0], [4425.55, 133375.0], [4425.5, 439804.0], [4425.4, 4504.0], [4425.25, 44.0], [4425.2, 14869.0], [4425.1, 83705.0], [4425.05, 230378.0], [4425.0, 34240.0], [4424.8, 115625.0], [4424.6, 39172.0]], "asks": [[4426.45, 37822.0], [4426.6, 33600.0], [4426.75, 25700.0], [4426.8, 131051.0], [4426.9, 25000.0], [4427.0, 5030.0], [4427.2, 6093.0], [4427.25, 309.0], [4427.35, 100.0], [4427.4, 39482.0], [4427.45, 25000.0], [4427.5, 15758.0], [4427.6, 35421.0], [4427.65, 20808.0], [4427.9, 2456.0], [4427.95, 80255.0], [4428.0, 105430.0], [4428.05, 14399.0], [4428.35, 16812.0], [4428.6, 14356.0]]}}}
{"jsonrpc": "2.0", "method": "subscription", "params": {"channel": "book.ETH-PERPETUAL.none.20.100ms", "data": {"timestamp": 1757585342716, "change_id": 86079783958, "instrument_name": "ETH-PERPETUAL", "bids": [[4426.4, 78563.0], [4426.35, 59573.0], [4426.3, 39303.0], [4426.25, 137306.0], [4426.0, 62384.0], [4425.95, 239725.0], [4425.9, 1334.0], [4425.8, 14878.0], [4425.75, 2.0], [4425.6, 51344.0], [4425.55, 133375.0], [4425.5, 439804.0], [4425.4, 4504.0], [4425.25, 44.0], [4425.2, 14869.0], [4425.1, 83705.0], [4425.05, 230378.0], [4425.0, 34240.0], [4424.8, 115625.0], [4424.6, 39172.0]], "asks": [[4426.45, 37822.0], [4426.6, 33600.0], [4426.8, 131051.0], [4426.9, 25000.0], [4427.0, 5030.0], [4427.2, 11603.0], [4427.25, 21117.0], [4427.35, 100.0], [4427.4, 39482.0], [4427.45, 25000.0], [4427.5, 15758.0], [4427.6, 29718.0], [4427.65, 20808.0], [4427.9, 2456.0], [4427.95, 30255.0], [4428.0, 105430.0], [4428.05, 14399.0], [4428.1, 50000.0], [4428.3, 5044.0], [4428.35, 16812.0]]}}}
{"jsonrpc": "2.0", "method": "subscription", "params": {"channel": "book.ETH-PERPETUAL.none.20.100ms", "data": {"timestamp": 1757585342791, "change_id": 86079783965, "instrument_name": "ETH-PERPETUAL", "bids": [[4426.4, 78563.0], [4426.35, 59573.0], [4426.3, 39303.0], [4426.25, 137306.0], [4426.0, 62384.0], [4425.95, 239725.0], [4425.9, 1334.0], [4425.8, 14878.0], [4425.75, 2.0], [4425.6, 51344.0], [4425.55, 133375.0], [4425.5, 439804.0], [4425.4, 4504.0], [4425.25, 44.0], [4425.2, 14869.0], [4425.1, 83705.0], [4425.05, 230378.0], [4425.0, 34240.0], [4424.8, 115625.0], [4424.6, 39172.0]], "asks": [[4426.45, 37822.0], [4426.6, 33600.0], [4426.8, 131051.0], [4426.9, 25000.0], [4427.0, 5030.0], [4427.2, 11603.0], [4427.25, 21117.0], [4427.35, 100.0], [4427.4, 39482.0], [4427.45, 25000.0], [4427.5, 21461.0], [4427.6, 29718.0], [4427.65, 20808.0], [4427.9, 2456.0], [4427.95, 30255.0], [4428.0, 105430.0], [4428.05, 14399.0], [4428.1, 50000.0], [4428.3, 5044.0], [4428.35, 16812.0]]}}}
{"jsonrpc": "2.0", "method": "subscription", "params": {"channel": "book.ETH-PERPETUAL.none.20.100ms", "data": {"timestamp": 1757585343343, "change_id": 86079784649, "instrument_name": "ETH-PERPETUAL", "bids": [[4426.4, 78563.0], [4426.35, 59573.0], [4426.3, 33600.0], [4426.25, 137306.0], [4426.2, 5703.0], [4426.0, 62384.0], [4425.95, 239725.0], [4425.9, 1334.0], [4425.8, 14878.0], [4425.75, 2.0], [4425.6, 51344.0], [4425.55, 133375.0], [4425.5, 439804.0], [4425.4, 4504.0], [4425.25, 44.0], [4425.2, 14869.0], [4425.1, 83705.0], [4425.05, 230378.0], [4425.0, 34240.0], [4424.8, 115625.0]], "asks": [[4426.45, 37822.0], [4426.6, 33600.0], [4426.75, 31200.0], [4426.8, 131051.0], [4426.9, 25000.0], [4427.0, 5030.0], [4427.15, 25000.0], [4427.2, 11603.0], [4427.25, 21117.0], [4427.35, 100.0], [4427.4, 31990.0], [4427.5, 21461.0], [4427.6, 29718.0], [4427.65, 20808.0], [4427.9, 2456.0], [4427.95, 30255.0], [4428.0, 155430.0], [4428.05, 14399.0], [4428.3, 5044.0], [4428.35, 16812.0]]}}}
{"jsonrpc": "2.0", "method": "subscription", "params": {"channel": "book.ETH-PERPETUAL.none.20.100ms", "data": {"timestamp": 1757585343724, "change_id": 86079785028, "instrument_name": "ETH-PERPETUAL", "bids": [[4426.4, 78563.0], [4426.35, 59573.0], [4426.3, 33600.0], [4426.25, 137306.0], [4426.2, 5703.0], [4426.0, 62384.0], [4425.95, 239725.0], [4425.9, 1334.0], [4425.8, 14878.0], [4425.75, 2.0], [4425.6, 51344.0], [4425.55, 133375.0], [4425.5, 439804.0], [4425.4, 4504.0], [4425.25, 44.0], [4425.2, 14869.0], [4425.1, 83705.0], [4425.05, 210386.0], [4425.0, 34240.0], [4424.9, 19992.0]], "asks": [[4426.45, 37822.0], [4426.6, 33600.0], [4426.75, 31200.0], [4426.8, 131051.0], [4426.9, 25000.0], [4426.95, 5000.0], [4427.0, 30.0], [4427.1, 7500.0], [4427.15, 25000.0], [4427.2, 11603.0], [4427.25, 21117.0], [4427.35, 2543.0], [4427.4, 31990.0], [4427.5, 21461.0], [4427.6, 29718.0], [4427.65, 20808.0], [4427.9, 2456.0], [4427.95, 30255.0], [4428.0, 155430.0], [4428.05, 14399.0]]}}}
{"jsonrpc": "2.0", "method": "subscription", "params": {"channel": "book.ETH-PERPETUAL.none.20.100ms", "data": {"timestamp": 1757585343838, "change_id": 86079785101, "instrument_name": "ETH-PERPETUAL", "bids": [[4426.4, 78563.0], [4426.35, 59573.0], [4426.3, 33600.0], [4426.25, 137306.0], [4426.2, 5703.0], [4426.0, 62384.0], [4425.95, 239725.0], [4425.9, 1334.0], [4425.8, 14878.0], [4425.75, 2.0], [4425.6, 51344.0], [4425.55, 133375.0], [4425.5, 439804.0], [4425.4, 4504.0], [4425.25, 44.0], [4425.2, 14869.0], [4425.1, 83705.0], [4425.05, 230378.0], [4425.0, 34240.0], [4424.85, 56418.0]], "asks": [[4426.45, 37822.0], [4426.6, 33600.0], [4426.75, 31200.0], [4426.8, 131051.0], [4426.9, 25000.0], [4426.95, 5000.0], [4427.0, 30.0], [4427.1, 7500.0], [4427.15, 25000.0], [4427.2, 11603.0], [4427.25, 21117.0], [4427.35, 2543.0], [4427.4, 31990.0], [4427.5, 21461.0], [4427.6, 29718.0], [4427.65, 20808.0], [4427.9, 52456.0], [4427.95, 30255.0], [4428.0, 105430.0], [4428.05, 14399.0]]}}}
{"jsonrpc": "2.0", "method": "subscription", "params": {"channel": "book.ETH-PERPETUAL.none.20.100ms", "data": {"timestamp": 1757585344263, "change_id": 86079785604, "instrument_name": "ETH-PERPETUAL", "bids": [[4426.4, 78563.0], [4426.35, 59573.0], [4426.3, 33600.0], [4426.25, 137306.0], [4426.2, 5703.0], [4426.0, 62384.0], [4425.95, 239725.0], [4425.9, 1334.0], [4425.8, 14878.0], [4425.75, 2.0], [4425.6, 51344.0], [4425.55, 133375.0], [4425.5, 439804.0], [4425.4, 4504.0], [4425.25, 44.0], [4425.2, 14869.0], [4425.1, 83705.0], [4425.05, 230378.0], [4425.0, 34240.0], [4424.85, 56418.0]], "asks": [[4426.45, 37822.0], [4426.6, 33600.0], [4426.75, 31200.0], [4426.8, 131051.0], [4426.9, 25000.0], [4426.95, 5000.0], [4427.0, 30.0], [4427.1, 7500.0], [4427.15, 25000.0], [4427.2, 11603.0], [4427.25, 21117.0], [4427.35, 2543.0], [4427.4, 31990.0], [4427.5, 21461.0], [4427.6, 29718.0], [4427.65, 20808.0], [4427.9, 52456.0], [4427.95, 30255.0], [4428.0, 105430.0], [4428.05, 14399.0]]}}}
{"jsonrpc": "2.0", "method": "subscription", "params": {"channel": "book.ETH-PERPETUAL.none.20.100ms", "data": {"timestamp": 1757585344721, "change_id": 86079786416, "instrument_name": "ETH-PERPETUAL", "bids": [[4426.4, 21596.0], [4426.0, 62384.0], [4425.95, 212282.0], [4425.9, 1334.0], [4425.85, 33600.0], [4425.8, 12908.0], [4425.75, 2.0], [4425.7, 25000.0], [4425.6, 20808.0], [4425.55, 133375.0], [4425.5, 437361.0], [4425.4, 4504.0], [4425.25, 44.0], [4425.2, 14869.0], [4425.15, 1255.0], [4425.1, 83705.0], [4425.05, 210386.0], [4425.0, 34240.0], [4424.8, 115625.0], [4424.6, 39172.0]], "asks": [[4426.45, 55174.0], [4426.6, 58600.0], [4426.7, 50175.0], [4426.75, 31200.0], [4426.8, 131051.0], [4426.9, 2443.0], [4427.0, 13530.0], [4427.05, 20000.0], [4427.1, 100.0], [4427.15, 25000.0], [4427.2, 6093.0], [4427.25, 21117.0], [4427.35, 2443.0], [4427.4, 25271.0], [4427.5, 15758.0], [4427.6, 79718.0], [4427.65, 20808.0], [4427.9, 2456.0], [4427.95, 30255.0], [4428.0, 105430.0]]}}}
{"jsonrpc": "2.0", "method": "subscription", "params": {"channel": "book.ETH-PERPETUAL.none.20.100ms", "data": {"timestamp": 1757585345043, "change_id": 86079787568, "instrument_name": "ETH-PERPETUAL", "bids": [[4426.4, 20393.0], [4425.95, 212282.0], [4425.85, 33600.0], [4425.75, 2.0], [4425.6, 20808.0], [4425.55, 270672.0], [4425.5, 437361.0], [4425.45, 1202.0], [4425.4, 4504.0], [4425.25, 44.0], [4425.2, 14869.0], [4425.15, 26255.0], [4425.1, 92767.0], [4425.05, 210386.0], [4425.0, 39943.0], [4424.8, 115625.0], [4424.6, 39172.0], [4424.55, 104556.0], [4424.5, 336.0], [4424.4, 14825.0]], "asks": [[4426.45, 146837.0], [4426.5, 137298.0], [4426.55, 21151.0], [4426.6, 33600.0], [4426.75, 31200.0], [4426.9, 2443.0], [4426.95, 15009.0], [4427.0, 57530.0], [4427.2, 6093.0], [4427.25, 21117.0], [4427.35, 2443.0], [4427.4, 11990.0], [4427.5, 15758.0], [4427.6, 29718.0], [4427.65, 20808.0], [4427.9, 2456.0], [4427.95, 33277.0], [4428.0, 105430.0], [4428.05, 14399.0], [4428.25, 17784.0]]}}}
{"jsonrpc": "2.0", "method": "subscription", "params": {"channel": "book.ETH-PERPETUAL.none.20.100ms", "data": {"timestamp": 1757585345382, "change_id": 86079788214, "instrument_name": "ETH-PERPETUAL", "bids": [[4426.4, 20393.0], [4425.95, 212282.0], [4425.85, 33600.0], [4425.75, 2.0], [4425.6, 20808.0], [4425.55, 133375.0], [4425.5, 437361.0], [4425.45, 1162.0], [4425.4, 4504.0], [4425.25, 44.0], [4425.2, 14869.0], [4425.15, 25040.0], [4425.1, 92767.0], [4425.05, 207943.0], [4425.0, 39943.0], [4424.8, 115625.0], [4424.7, 1334.0], [4424.65, 1166.0], [4424.6, 40532.0], [4424.55, 104556.0]], "asks": [[4426.45, 189490.0], [4426.5, 142298.0], [4426.55, 10080.0], [4426.6, 33600.0], [4426.9, 2443.0], [4426.95, 15009.0], [4427.0, 57530.0], [4427.2, 6093.0], [4427.25, 21117.0], [4427.35, 2443.0], [4427.4, 11990.0], [4427.5, 15758.0], [4427.6, 29718.0], [4427.65, 20808.0], [4427.8, 1020.0], [4427.9, 2456.0], [4427.95, 49830.0], [4428.0, 155430.0], [4428.05, 14399.0], [4428.25, 17784.0]]}}}
{"jsonrpc": "2.0", "method": "subscription", "params": {"channel": "book.ETH-PERPETUAL.none.20.100ms", "data": {"timestamp": 1757585345713, "change_id": 86079788691, "instrument_name": "ETH-PERPETUAL", "bids": [[4426.4, 20393.0], [4425.95, 212282.0], [4425.85, 33600.0], [4425.75, 2.0], [4425.65, 6242.0], [4425.6, 20808.0], [4425.55, 133375.0], [4425.5, 437361.0], [4425.45, 1202.0], [4425.4, 148707.0], [4425.25, 25044.0], [4425.2, 14869.0], [4425.1, 92767.0], [4425.05, 207943.0], [4425.0, 34240.0], [4424.8, 115625.0], [4424.7, 1334.0], [4424.65, 1166.0], [4424.6, 40532.0], [4424.55, 104556.0]], "asks": [[4426.45, 315266.0], [4426.5, 5000.0], [4426.55, 10080.0], [4426.6, 33600.0], [4426.9, 2443.0], [4426.95, 15009.0], [4427.0, 57530.0], [4427.2, 6093.0], [4427.25, 21117.0], [4427.35, 2443.0], [4427.4, 19436.0], [4427.5, 46307.0], [4427.6, 29718.0], [4427.65, 20808.0], [4427.8, 1020.0], [4427.9, 2456.0], [4427.95, 33277.0], [4428.0, 105430.0], [4428.05, 14399.0], [4428.1, 6984.0]]}}}
{"jsonrpc": "2.0", "method": "subscription", "params": {"channel": "book.ETH-PERPETUAL.none.20.100ms", "data": {"timestamp": 1757585345961, "change_id": 86079789122, "instrument_name": "ETH-PERPETUAL", "bids": [[4426.4, 20393.0], [4425.95, 212282.0], [4425.85, 33600.0], [4425.75, 2.0], [4425.65, 6242.0], [4425.6, 20808.0], [4425.55, 133375.0], [4425.5, 437361.0], [4425.45, 13202.0], [4425.4, 11411.0], [4425.25, 30747.0], [4425.2, 14869.0], [4425.1, 80767.0], [4425.05, 207943.0], [4425.0, 34240.0], [4424.8, 115625.0], [4424.7, 1334.0], [4424.65, 1166.0], [4424.6, 40532.0], [4424.55, 104556.0]], "asks": [[4426.45, 315355.0], [4426.5, 5000.0], [4426.55, 10080.0], [4426.6, 33600.0], [4426.9, 2443.0], [4426.95, 15009.0], [4427.0, 57530.0], [4427.2, 6093.0], [4427.25, 21117.0], [4427.35, 2443.0], [4427.4, 19436.0], [4427.5, 46307.0], [4427.6, 29718.0], [4427.65, 20808.0], [4427.9, 2456.0], [4427.95, 33277.0], [4428.0, 105430.0], [4428.05, 14399.0], [4428.1, 6984.0], [4428.25, 17784.0]]}}}
{"jsonrpc": "2.0", "method": "subscription", "params": {"channel": "book.ETH-PERPETUAL.none.20.100ms", "data": {"timestamp": 1757585346370, "change_id": 86079789671, "instrument_name": "ETH-PERPETUAL", "bids": [[4426.4, 20393.0], [4425.95, 212282.0], [4425.85, 33600.0], [4425.75, 2.0], [4425.65, 6242.0], [4425.6, 20808.0], [4425.55, 133375.0], [4425.5, 437361.0], [4425.45, 150497.0], [4425.4, 11411.0], [4425.25, 30747.0], [4425.2, 14869.0], [4425.1, 80767.0], [4425.05, 207943.0], [4425.0, 34240.0], [4424.8, 115625.0], [4424.7, 1334.0], [4424.65, 1166.0], [4424.6, 40532.0], [4424.55, 104556.0]], "asks": [[4426.45, 315266.0], [4426.5, 5000.0], [4426.55, 10080.0], [4426.6, 33600.0], [4426.9, 2443.0], [4426.95, 15009.0], [4427.0, 57530.0], [4427.2, 6093.0], [4427.25, 21117.0], [4427.35, 2443.0], [4427.4, 19436.0], [4427.5, 46307.0], [4427.6, 29718.0], [4427.65, 20808.0], [4427.9, 2456.0], [4427.95, 33277.0], [4428.0, 105430.0], [4428.05, 14399.0], [4428.1, 6984.0], [4428.25, 17784.0]]}}}
{"jsonrpc": "2.0", "method": "subscription", "params": {"channel": "book.ETH-PERPETUAL.none.20.100ms", "data": {"timestamp": 1757585346640, "change_id": 86079789874, "instrument_name": "ETH-PERPETUAL", "bids": [[4426.4, 20393.0], [4425.95, 212282.0], [4425.85, 33600.0], [4425.75, 2.0], [4425.65, 6242.0], [4425.6, 20808.0], [4425.55, 133375.0], [4425.5, 437361.0], [4425.45, 150497.0], [4425.4, 11411.0], [4425.25, 30747.0], [4425.2, 14869.0], [4425.1, 80767.0], [4425.05, 207943.0], [4425.0, 34240.0], [4424.8, 115625.0], [4424.7, 1334.0], [4424.65, 1166.0], [4424.6, 40532.0], [4424.55, 104556.0]], "asks": [[4426.45, 315266.0], [4426.5, 5000.0], [4426.55, 10080.0], [4426.6, 33600.0], [4426.9, 2443.0], [4426.95, 15009.0], [4427.0, 57530.0], [4427.2, 6093.0], [4427.25, 21117.0], [4427.35, 2443.0], [4427.4, 19436.0], [4427.5, 46307.0], [4427.6, 29718.0], [4427.65, 20808.0], [4427.9, 2456.0], [4427.95, 33277.0], [4428.0, 105430.0], [4428.05, 14399.0], [4428.1, 6984.0], [4428.25, 17784.0]]}}}
{"jsonrpc": "2.0", "method": "subscription", "params": {"channel": "book.ETH-PERPETUAL.none.20.100ms", "data": {"timestamp": 1757585346879, "change_id": 86079790221, "instrument_name": "ETH-PERPETUAL", "bids": [[4426.4, 20393.0], [4425.95, 212282.0], [4425.85, 33600.0], [4425.75, 2.0], [4425.65, 6242.0], [4425.6, 20808.0], [4425.55, 133375.0], [4425.5, 437361.0], [4425.45, 150497.0], [4425.4, 11411.0], [4425.25, 30747.0], [4425.2, 14869.0], [4425.1, 80767.0], [4425.05, 207943.0], [4425.0, 34240.0], [4424.8, 115625.0], [4424.6, 39172.0], [4424.55, 104556.0], [4424.5, 336.0], [4424.4, 14825.0]], "asks": [[4426.45, 315266.0], [4426.5, 5000.0], [4426.55, 10080.0], [4426.6, 33600.0], [4426.9, 2443.0], [4426.95, 15009.0], [4427.0, 57530.0], [4427.2, 6093.0], [4427.25, 21117.0], [4427.35, 2443.0], [4427.4, 19436.0], [4427.5, 46307.0], [4427.6, 29718.0], [4427.65, 20808.0], [4427.9, 2456.0], [4427.95, 33277.0], [4428.0, 105430.0], [4428.05, 14399.0], [4428.1, 6984.0], [4428.25, 17784.0]]}}}
{"jsonrpc": "2.0", "method": "subscription", "params": {"channel": "book.ETH-PERPETUAL.none.20.100ms", "data": {"timestamp": 1757585347264, "change_id": 86079790648, "instrument_name": "ETH-PERPETUAL", "bids": [[4426.4, 20393.0], [4426.0, 25100.0], [4425.95, 212282.0], [4425.85, 33600.0], [4425.75, 2.0], [4425.65, 6242.0], [4425.6, 20808.0], [4425.55, 133375.0], [4425.5, 437361.0], [4425.45, 151831.0], [4425.4, 11411.0], [4425.35, 1361.0], [4425.25, 30747.0], [4425.2, 14869.0], [4425.1, 80767.0], [4425.05, 207943.0], [4425.0, 34240.0], [4424.8, 115625.0], [4424.6, 39172.0], [4424.55, 104556.0]], "asks": [[4426.45, 315266.0], [4426.5, 5000.0], [4426.55, 10080.0], [4426.6, 33600.0], [4426.9, 2443.0], [4426.95, 15009.0], [4427.0, 57530.0], [4427.2, 6093.0], [4427.25, 21117.0], [4427.35, 2443.0], [4427.4, 19436.0], [4427.5, 46307.0], [4427.6, 29718.0], [4427.65, 20808.0], [4427.9, 2456.0], [4427.95, 33277.0], [4428.0, 105430.0], [4428.05, 14399.0], [4428.1, 6984.0], [4428.25, 17784.0]]}}}
{"jsonrpc": "2.0", "method": "subscription", "params": {"channel": "book.ETH-PERPETUAL.none.20.100ms", "data": {"timestamp": 1757585347644, "change_id": 86079790985, "instrument_name": "ETH-PERPETUAL", "bids": [[4426.4, 20393.0], [4425.95, 212282.0], [4425.85, 33600.0], [4425.75, 2.0], [4425.65, 6242.0], [4425.6, 20808.0], [4425.55, 133375.0], [4425.5, 437361.0], [4425.45, 151831.0], [4425.4, 11411.0], [4425.35, 1361.0], [4425.25, 30747.0], [4425.2, 14869.0], [4425.1, 80767.0], [4425.05, 207943.0], [4425.0, 34240.0], [4424.8, 115625.0], [4424.6, 39172.0], [4424.55, 104556.0], [4424.5, 336.0]], "asks": [[4426.45, 315266.0], [4426.5, 5000.0], [4426.55, 10080.0], [4426.6, 33600.0], [4426.9, 2443.0], [4426.95, 15009.0], [4427.0, 57530.0], [4427.2, 6093.0], [4427.25, 21117.0], [4427.35, 2443.0], [4427.4, 19436.0], [4427.5, 46307.0], [4427.6, 29718.0], [4427.65, 20808.0], [4427.9, 2456.0], [4427.95, 33277.0], [4428.0, 105430.0], [4428.05, 14399.0], [4428.1, 6984.0], [4428.25, 17784.0]]}}}
{"jsonrpc": "2.0", "method": "subscription", "params": {"channel": "book.ETH-PERPETUAL.none.20.100ms", "data": {"timestamp": 1757585347909, "change_id": 86079791276, "instrument_name": "ETH-PERPETUAL", "bids": [[4426.4, 20393.0], [4425.95, 212282.0], [4425.85, 33600.0], [4425.75, 2.0], [4425.65, 6242.0], [4425.6, 20808.0], [4425.55, 133375.0], [4425.5, 437361.0], [4425.45, 151831.0], [4425.4, 11411.0], [4425.35, 1361.0], [4425.25, 30718.0], [4425.2, 14869.0], [4425.1, 80767.0], [4425.05, 207943.0], [4425.0, 34240.0], [4424.8, 115625.0], [4424.6, 39172.0], [4424.55, 104556.0], [4424.5, 229.0]], "asks": [[4426.45, 315188.0], [4426.5, 5000.0], [4426.55, 10080.0], [4426.6, 33600.0], [4426.9, 2443.0], [4426.95, 15009.0], [4427.0, 57530.0], [4427.2, 6093.0], [4427.25, 21008.0], [4427.35, 2443.0], [4427.4, 19436.0], [4427.5, 46307.0], [4427.6, 29718.0], [4427.65, 20808.0], [4427.9, 2456.0], [4427.95, 33277.0], [4428.0, 105430.0], [4428.05, 14399.0], [4428.1, 6984.0], [4428.2, 10685.0]]}}}
{"jsonrpc": "2.0", "method": "subscription", "params": {"channel": "book.ETH-PERPETUAL.none.20.100ms", "data": {"timestamp": 1757585348340, "change_id": 86079791785, "instrument_name": "ETH-PERPETUAL", "bids": [[4426.4, 20393.0], [4425.95, 212282.0], [4425.85, 33600.0], [4425.75, 2.0], [4425.65, 6242.0], [4425.6, 20808.0], [4425.55, 133375.0], [4425.5, 437361.0], [4425.45, 151831.0], [4425.4, 11411.0], [4425.35, 1361.0], [4425.25, 30718.0], [4425.2, 14869.0], [4425.1, 80767.0], [4425.05, 207943.0], [4425.0, 34240.0], [4424.8, 115625.0], [4424.6, 39172.0], [4424.55, 104556.0], [4424.5, 229.0]], "asks": [[4426.45, 315188.0], [4426.5, 5000.0], [4426.55, 10080.0], [4426.6, 33600.0], [4426.9, 2443.0], [4426.95, 15009.0], [4427.0, 57530.0], [4427.2, 6093.0], [4427.25, 21008.0], [4427.35, 2443.0], [4427.4, 19436.0], [4427.5, 46307.0], [4427.6, 29718.0], [4427.65, 20808.0], [4427.9, 2456.0], [4427.95, 33277.0], [4428.0, 105430.0], [4428.05, 14399.0], [4428.1, 6984.0], [4428.2, 10685.0]]}}}
{"jsonrpc": "2.0", "method": "subscription", "params": {"channel": "book.ETH-PERPETUAL.none.20.100ms", "data": {"timestamp": 1757585348685, "change_id": 86079792243, "instrument_name": "ETH-PERPETUAL", "bids": [[4426.4, 13157.0], [4425.95, 212282.0], [4425.85, 33600.0], [4425.75, 2.0], [4425.55, 133375.0], [4425.5, 437361.0], [4425.45, 2496.0], [4425.4, 4504.0], [4425.35, 1361.0], [4425.25, 5772.0], [4425.2, 14869.0], [4425.1, 80767.0], [4425.05, 207973.0], [4425.0, 34240.0], [4424.95, 37000.0], [4424.8, 115625.0], [4424.6, 39172.0], [4424.55, 104556.0], [4424.5, 229.0], [4424.4, 14825.0]], "asks": [[4426.45, 315401.0], [4426.5, 5000.0], [4426.55, 23820.0], [4426.6, 33600.0], [4426.75, 50000.0], [4426.9, 2443.0], [4427.0, 138.0], [4427.2, 6093.0], [4427.25, 21008.0], [4427.35, 2443.0], [4427.4, 19436.0], [4427.5, 46307.0], [4427.6, 29718.0], [4427.65, 20808.0], [4427.9, 2456.0], [4427.95, 33277.0], [4428.0, 105430.0], [4428.05, 14399.0], [4428.1, 6984.0], [4428.2, 10685.0]]}}}
{"jsonrpc": "2.0", "method": "subscription", "params": {"channel": "book.ETH-PERPETUAL.none.20.100ms", "data": {"timestamp": 1757585348980, "change_id": 86079793128, "instrument_name": "ETH-PERPETUAL", "bids": [[4425.95, 212282.0], [4425.75, 2.0], [4425.5, 437361.0], [4425.45, 1162.0], [4425.3, 33600.0], [4425.25, 69.0], [4425.1, 80767.0], [4425.05, 207973.0], [4425.0, 34240.0], [4424.95, 37000.0], [4424.8, 128328.0], [4424.75, 20808.0], [4424.6, 36646.0], [4424.55, 104556.0], [4424.5, 229.0], [4424.4, 14825.0], [4424.35, 2938.0], [4424.25, 108.0], [4424.2, 5221.0], [4424.15, 14878.0]], "asks": [[4426.0, 347071.0], [4426.05, 39303.0], [4426.25, 2524.0], [4426.4, 58469.0], [4426.45, 71014.0], [4426.65, 15000.0], [4426.7, 50000.0], [4426.8, 20808.0], [4426.9, 2443.0], [4427.0, 11974.0], [4427.05, 15849.0], [4427.15, 23605.0], [4427.25, 21008.0], [4427.35, 2443.0], [4427.4, 11990.0], [4427.5, 46307.0], [4427.9, 2456.0], [4427.95, 19575.0], [4428.0, 173214.0], [4428.05, 14399.0]]}}}
{"jsonrpc": "2.0", "method": "subscription", "params": {"channel": "book.ETH-PERPETUAL.none.20.100ms", "data": {"timestamp": 1757585349337, "change_id": 86079793877, "instrument_name": "ETH-PERPETUAL", "bids": [[4425.95, 212282.0], [4425.75, 2.0], [4425.5, 437361.0], [4425.45, 1162.0], [4425.35, 10101.0], [4425.3, 33600.0], [4425.25, 69.0], [4425.1, 80767.0], [4425.05, 345262.0], [4425.0, 34240.0], [4424.95, 26334.0], [4424.8, 128328.0], [4424.75, 20808.0], [4424.6, 36646.0], [4424.55, 116556.0], [4424.5, 229.0], [4424.4, 14825.0], [4424.35, 2938.0], [4424.25, 108.0], [4424.2, 5221.0]], "asks": [[4426.0, 347113.0], [4426.05, 39303.0], [4426.25, 2524.0], [4426.4, 31200.0], [4426.45, 282.0], [4426.65, 15000.0], [4426.7, 50000.0], [4426.8, 20808.0], [4426.9, 2443.0], [4427.0, 11974.0], [4427.05, 15849.0], [4427.15, 23605.0], [4427.25, 21008.0], [4427.35, 2443.0], [4427.4, 11990.0], [4427.5, 46307.0], [4427.9, 2456.0], [4427.95, 19575.0], [4428.0, 173214.0], [4428.05, 34411.0]]}}}
{"jsonrpc": "2.0", "method": "subscription", "params": {"channel": "book.ETH-PERPETUAL.none.20.100ms", "data": {"timestamp": 1757585349671, "change_id": 86079794352, "instrument_name": "ETH-PERPETUAL", "bids": [[4425.95, 212282.0], [4425.75, 2.0], [4425.55, 131557.0], [4425.5, 437361.0], [4425.45, 1162.0], [4425.35, 10101.0], [4425.3, 33600.0], [4425.25, 69.0], [4425.1, 80767.0], [4425.05, 345262.0], [4425.0, 34240.0], [4424.95, 26334.0], [4424.9, 12000.0], [4424.85, 1360.0], [4424.8, 128328.0], [4424.75, 20808.0], [4424.6, 39170.0], [4424.55, 104556.0], [4424.5, 229.0], [4424.4, 14825.0]], "asks": [[4426.0, 390351.0], [4426.05, 33600.0], [4426.15, 5703.0], [4426.25, 2524.0], [4426.4, 31200.0], [4426.45, 282.0], [4426.65, 15000.0], [4426.7, 50000.0], [4426.8, 20808.0], [4426.9, 2443.0], [4427.0, 11974.0], [4427.05, 15849.0], [4427.15, 23605.0], [4427.25, 21008.0], [4427.35, 2443.0], [4427.5, 15758.0], [4427.9, 2456.0], [4427.95, 19575.0], [4428.0, 123214.0], [4428.05, 69990.0]]}}}
{"jsonrpc": "2.0", "method": "subscription", "params": {"channel": "book.ETH-PERPETUAL.none.20.100ms", "data": {"timestamp": 1757585349967, "change_id": 86079794747, "instrument_name": "ETH-PERPETUAL", "bids": [[4425.95, 212282.0], [4425.75, 2.0], [4425.5, 437361.0], [4425.45, 1162.0], [4425.35, 10101.0], [4425.3, 33600.0], [4425.25, 69.0], [4425.1, 80767.0], [4425.05, 345262.0], [4425.0, 34240.0], [4424.95, 26334.0], [4424.9, 12000.0], [4424.85, 1360.0], [4424.8, 128328.0], [4424.75, 20808.0], [4424.6, 39170.0], [4424.55, 104556.0], [4424.5, 229.0], [4424.4, 14825.0], [4424.35, 2938.0]], "asks": [[4426.0, 390351.0], [4426.05, 33600.0], [4426.1, 1711.0], [4426.15, 5703.0], [4426.25, 2524.0], [4426.35, 9360.0], [4426.4, 31200.0], [4426.45, 282.0], [4426.65, 15000.0], [4426.7, 50000.0], [4426.8, 20808.0], [4426.9, 2443.0], [4427.0, 11974.0], [4427.05, 15849.0], [4427.15, 23605.0], [4427.25, 21008.0], [4427.35, 2443.0], [4427.5, 15758.0], [4427.9, 2456.0], [4427.95, 51543.0]]}}}
{"jsonrpc": "2.0", "method": "subscription", "params": {"channel": "book.ETH-PERPETUAL.none.20.100ms", "data": {"timestamp": 1757585350326, "change_id": 86079795291, "instrument_name": "ETH-PERPETUAL", "bids": [[4425.75, 2.0], [4425.5, 210406.0], [4425.45, 1162.0], [4425.35, 10101.0], [4425.3, 33600.0], [4425.25, 69.0], [4425.1, 225254.0], [4425.05, 569533.0], [4425.0, 50269.0], [4424.95, 26334.0], [4424.9, 12000.0], [4424.85, 22168.0], [4424.8, 121328.0], [4424.65, 65247.0], [4424.6, 254136.0], [4424.55, 104556.0], [4424.5, 229.0], [4424.45, 20808.0], [4424.4, 14825.0], [4424.35, 2938.0]], "asks": [[4425.8, 287099.0], [4425.95, 52044.0], [4426.0, 80071.0], [4426.05, 33600.0], [4426.15, 5703.0], [4426.25, 2524.0], [4426.45, 282.0], [4426.65, 21726.0], [4426.7, 50000.0], [4426.75, 23612.0], [4426.8, 20808.0], [4426.9, 2443.0], [4426.95, 6284.0], [4427.0, 20946.0], [4427.05, 15849.0], [4427.25, 16048.0], [4427.35, 2443.0], [4427.5, 15758.0], [4427.9, 2456.0], [4427.95, 51543.0]]}}}
{"jsonrpc": "2.0", "method": "subscription", "params": {"channel": "book.ETH-PERPETUAL.none.20.100ms", "data": {"timestamp": 1757585350630, "change_id": 86079795650, "instrument_name": "ETH-PERPETUAL", "bids": [[4425.75, 2.0], [4425.5, 210406.0], [4425.45, 1162.0], [4425.35, 10101.0], [4425.3, 33600.0], [4425.25, 69.0], [4425.1, 225254.0], [4425.05, 569533.0], [4425.0, 50269.0], [4424.95, 26334.0], [4424.9, 12000.0], [4424.85, 22168.0], [4424.8, 121328.0], [4424.65, 65247.0], [4424.6, 254136.0], [4424.55, 104556.0], [4424.5, 229.0], [4424.45, 20808.0], [4424.4, 14825.0], [4424.35, 2938.0]], "asks": [[4425.8, 287099.0], [4425.9, 25000.0], [4425.95, 31200.0], [4426.0, 11833.0], [4426.05, 33600.0], [4426.15, 5703.0], [4426.25, 2524.0], [4426.45, 282.0], [4426.65, 21726.0], [4426.7, 50000.0], [4426.75, 23612.0], [4426.8, 20808.0], [4426.9, 2443.0], [4426.95, 6284.0], [4427.0, 20946.0], [4427.05, 15849.0], [4427.25, 16048.0], [4427.35, 2443.0], [4427.5, 15758.0], [4427.9, 2456.0]]}}}
{"jsonrpc": "2.0", "method": "subscription", "params": {"channel": "book.ETH-PERPETUAL.none.20.100ms", "data": {"timestamp": 1757585350999, "change_id": 86079796135, "instrument_name": "ETH-PERPETUAL", "bids": [[4425.75, 2.0], [4425.5, 210406.0], [4425.45, 1162.0], [4425.35, 10101.0], [4425.3, 33600.0], [4425.25, 69.0], [4425.1, 225254.0], [4425.05, 569533.0], [4425.0, 50269.0], [4424.95, 26334.0], [4424.9, 12000.0], [4424.85, 22168.0], [4424.8, 121328.0], [4424.65, 65247.0], [4424.6, 254136.0], [4424.55, 104556.0], [4424.5, 229.0], [4424.45, 20808.0], [4424.4, 14825.0], [4424.35, 2938.0]], "asks": [[4425.8, 330943.0], [4425.9, 25000.0], [4425.95, 31200.0], [4426.0, 11833.0], [4426.05, 33600.0], [4426.15, 5703.0], [4426.25, 2524.0], [4426.45, 282.0], [4426.65, 21726.0], [4426.7, 50000.0], [4426.75, 23612.0], [4426.8, 20808.0], [4426.9, 2443.0], [4426.95, 6284.0], [4427.0, 20946.0], [4427.05, 15849.0], [4427.2, 5547.0], [4427.25, 16048.0], [4427.35, 2443.0], [4427.5, 15758.0]]}}}
{"jsonrpc": "2.0", "method": "subscription", "params": {"channel": "book.ETH-PERPETUAL.none.20.100ms", "data": {"timestamp": 1757585351310, "change_id": 86079796516, "instrument_name": "ETH-PERPETUAL", "bids": [[4425.75, 2.0], [4425.5, 36.0], [4425.45, 1162.0], [4425.3, 243970.0], [4425.25, 69.0], [4425.1, 6242.0], [4425.05, 20808.0], [4425.0, 171687.0], [4424.95, 1334.0], [4424.85, 433574.0], [4424.8, 121328.0], [4424.75, 8287.0], [4424.7, 25000.0], [4424.6, 102034.0], [4424.55, 104556.0], [4424.5, 12229.0], [4424.45, 20808.0], [4424.4, 229791.0], [4424.35, 2938.0], [4424.25, 108.0]], "asks": [[4425.8, 338646.0], [4425.85, 21873.0], [4425.9, 25000.0], [4425.95, 31200.0], [4426.0, 11833.0], [4426.05, 33600.0], [4426.25, 2524.0], [4426.45, 282.0], [4426.65, 21726.0], [4426.7, 50000.0], [4426.75, 23612.0], [4426.8, 20808.0], [4426.9, 2443.0], [4426.95, 6284.0], [4427.0, 20946.0], [4427.05, 15849.0], [4427.2, 5547.0], [4427.25, 16048.0], [4427.35, 2443.0], [4427.5, 15758.0]]}}}
{"jsonrpc": "2.0", "method": "subscription", "params": {"channel": "book.ETH-PERPETUAL.none.20.100ms", "data": {"timestamp": 1757585351623, "change_id": 86079796970, "instrument_name": "ETH-PERPETUAL", "bids": [[4425.75, 9752.0], [4425.5, 36.0], [4425.45, 1162.0], [4425.3, 243970.0], [4425.25, 69.0], [4425.1, 46648.0], [4425.05, 20808.0], [4425.0, 308972.0], [4424.95, 1334.0], [4424.85, 412766.0], [4424.8, 121328.0], [4424.75, 8287.0], [4424.7, 25000.0], [4424.6, 102034.0], [4424.55, 104556.0], [4424.5, 12229.0], [4424.45, 20808.0], [4424.4, 229791.0], [4424.35, 2938.0], [4424.25, 108.0]], "asks": [[4425.8, 338646.0], [4425.85, 21873.0], [4425.9, 25000.0], [4425.95, 31200.0], [4426.0, 11833.0], [4426.05, 33600.0], [4426.25, 2524.0], [4426.45, 282.0], [4426.65, 21726.0], [4426.7, 50000.0], [4426.75, 23612.0], [4426.8, 20808.0], [4426.9, 2443.0], [4426.95, 6284.0], [4427.0, 20946.0], [4427.05, 15849.0], [4427.2, 5547.0], [4427.25, 16048.0], [4427.35, 2443.0], [4427.5, 65758.0]]}}}
{"jsonrpc": "2.0", "method": "subscription", "params": {"channel": "book.ETH-PERPETUAL.none.20.100ms", "data": {"timestamp": 1757585351995, "change_id": 86079797585, "instrument_name": "ETH-PERPETUAL", "bids": [[4425.75, 9752.0], [4425.5, 36.0], [4425.45, 1162.0], [4425.3, 243970.0], [4425.25, 69.0], [4425.1, 6242.0], [4425.05, 20808.0], [4425.0, 171687.0], [4424.95, 138618.0], [4424.85, 412766.0], [4424.8, 115625.0], [4424.75, 8287.0], [4424.7, 25000.0], [4424.6, 102034.0], [4424.55, 104556.0], [4424.5, 12229.0], [4424.45, 26511.0], [4424.4, 229791.0], [4424.35, 2938.0], [4424.25, 108.0]], "asks": [[4425.8, 338688.0], [4425.85, 21873.0], [4425.9, 25000.0], [4425.95, 31200.0], [4426.0, 11791.0], [4426.05, 33600.0], [4426.25, 2524.0], [4426.45, 15282.0], [4426.5, 50000.0], [4426.65, 15000.0], [4426.75, 23612.0], [4426.8, 20808.0], [4426.9, 2443.0], [4426.95, 6284.0], [4427.0, 20946.0], [4427.05, 15849.0], [4427.2, 5547.0], [4427.25, 16048.0], [4427.35, 2443.0], [4427.5, 15758.0]]}}}
{"jsonrpc": "2.0", "method": "subscription", "params": {"channel": "book.ETH-PERPETUAL.none.20.100ms", "data": {"timestamp": 1757585352278, "change_id": 86079798145, "instrument_name": "ETH-PERPETUAL", "bids": [[4425.75, 9752.0], [4425.5, 36.0], [4425.45, 1162.0], [4425.35, 27000.0], [4425.3, 243970.0], [4425.25, 69.0], [4424.95, 22142.0], [4424.9, 295801.0], [4424.85, 412766.0], [4424.8, 115625.0], [4424.75, 30.0], [4424.6, 102034.0], [4424.55, 110259.0], [4424.5, 12229.0], [4424.45, 45808.0], [4424.4, 229791.0], [4424.35, 2938.0], [4424.25, 108.0], [4424.2, 5221.0], [4424.15, 14878.0]], "asks": [[4425.8, 338848.0], [4425.85, 21873.0], [4425.9, 25000.0], [4425.95, 31200.0], [4426.0, 11791.0], [4426.05, 33600.0], [4426.25, 17524.0], [4426.3, 50000.0], [4426.45, 282.0], [4426.65, 15000.0], [4426.75, 23612.0], [4426.8, 20808.0], [4426.85, 16180.0], [4426.9, 32988.0], [4427.0, 20946.0], [4427.05, 15849.0], [4427.2, 5547.0], [4427.25, 16048.0], [4427.35, 2443.0], [4427.5, 65758.0]]}}}
{"jsonrpc": "2.0", "method": "subscription", "params": {"channel": "book.ETH-PERPETUAL.none.20.100ms", "data": {"timestamp": 1757585352645, "change_id": 86079798506, "instrument_name": "ETH-PERPETUAL", "bids": [[4425.75, 9752.0], [4425.5, 36.0], [4425.45, 1162.0], [4425.35, 27000.0], [4425.3, 243970.0], [4425.25, 69.0], [4424.95, 22142.0], [4424.9, 295801.0], [4424.85, 412766.0], [4424.8, 115625.0], [4424.75, 30.0], [4424.65, 7500.0], [4424.6, 127034.0], [4424.55, 110259.0], [4424.5, 12229.0], [4424.45, 20808.0], [4424.4, 229791.0], [4424.35, 2938.0], [4424.25, 108.0], [4424.2, 5221.0]], "asks": [[4425.8, 338688.0], [4425.85, 12500.0], [4425.9, 25000.0], [4426.0, 11791.0], [4426.05, 33600.0], [4426.25, 17524.0], [4426.3, 50000.0], [4426.45, 282.0], [4426.65, 15000.0], [4426.75, 23612.0], [4426.8, 20808.0], [4426.85, 16180.0], [4426.9, 32988.0], [4427.0, 20946.0], [4427.05, 15849.0], [4427.2, 5547.0], [4427.25, 16048.0], [4427.35, 2443.0], [4427.5, 15758.0], [4427.65, 1020.0]]}}}
{"jsonrpc": "2.0", "method": "subscription", "params": {"channel": "book.ETH-PERPETUAL.none.20.100ms", "data": {"timestamp": 1757585352981, "change_id": 86079798946, "instrument_name": "ETH-PERPETUAL", "bids": [[4425.75, 9752.0], [4425.5, 36.0], [4425.45, 1162.0], [4425.35, 100212.0], [4425.3, 243970.0], [4425.25, 69.0], [4424.95, 22142.0], [4424.9, 295801.0], [4424.85, 412766.0], [4424.8, 115625.0], [4424.75, 9241.0], [4424.7, 25000.0], [4424.6, 107737.0], [4424.55, 104556.0], [4424.5, 12229.0], [4424.45, 20808.0], [4424.4, 229791.0], [4424.35, 2938.0], [4424.25, 108.0], [4424.2, 5221.0]], "asks": [[4425.8, 338688.0], [4425.85, 7500.0], [4425.9, 25000.0], [4425.95, 5000.0], [4426.0, 11791.0], [4426.05, 33600.0], [4426.25, 17524.0], [4426.3, 50000.0], [4426.45, 282.0], [4426.65, 15000.0], [4426.75, 23612.0], [4426.8, 20808.0], [4426.85, 16180.0], [4426.9, 32988.0], [4427.0, 25701.0], [4427.05, 15849.0], [4427.2, 5547.0], [4427.25, 16048.0], [4427.35, 2443.0], [4427.5, 15758.0]]}}}
{"jsonrpc": "2.0", "method": "subscription", "params": {"channel": "book.ETH-PERPETUAL.none.20.100ms", "data": {"timestamp": 1757585353263, "change_id": 86079799472, "instrument_name": "ETH-PERPETUAL", "bids": [[4425.75, 32552.0], [4425.5, 36.0], [4425.45, 1162.0], [4425.35, 100212.0], [4425.3, 244000.0], [4425.25, 69.0], [4424.95, 22142.0], [4424.9, 295801.0], [4424.85, 449766.0], [4424.8, 115625.0], [4424.75, 1711.0], [4424.6, 107737.0], [4424.55, 104556.0], [4424.5, 229.0], [4424.45, 20808.0], [4424.4, 229791.0], [4424.35, 2938.0], [4424.25, 108.0], [4424.2, 5221.0], [4424.15, 14878.0]], "asks": [[4425.8, 301785.0], [4425.85, 7500.0], [4425.9, 25000.0], [4426.0, 11791.0], [4426.05, 33600.0], [4426.15, 5703.0], [4426.25, 2524.0], [4426.45, 282.0], [4426.65, 26451.0], [4426.75, 23612.0], [4426.8, 70808.0], [4426.85, 16180.0], [4426.9, 32988.0], [4427.0, 25701.0], [4427.05, 15849.0], [4427.2, 5547.0], [4427.25, 16048.0], [4427.35, 2443.0], [4427.5, 15758.0], [4427.85, 56279.0]]}}}
{"jsonrpc": "2.0", "method": "subscription", "params": {"channel": "book.ETH-PERPETUAL.none.20.100ms", "data": {"timestamp": 1757585353638, "change_id": 86079799834, "instrument_name": "ETH-PERPETUAL", "bids": [[4425.75, 9752.0], [4425.5, 36.0], [4425.45, 1162.0], [4425.35, 100212.0], [4425.3, 244000.0], [4425.25, 69.0], [4424.95, 22142.0], [4424.9, 295801.0], [4424.85, 449766.0], [4424.8, 115625.0], [4424.75, 1711.0], [4424.6, 107737.0], [4424.55, 104556.0], [4424.5, 229.0], [4424.45, 20808.0], [4424.4, 229791.0], [4424.35, 2938.0], [4424.25, 108.0], [4424.2, 5221.0], [4424.15, 14878.0]], "asks": [[4425.8, 301785.0], [4425.85, 7500.0], [4425.9, 25000.0], [4426.0, 11791.0], [4426.05, 33600.0], [4426.15, 5703.0], [4426.25, 2524.0], [4426.45, 282.0], [4426.6, 28326.0], [4426.75, 23612.0], [4426.8, 70808.0], [4426.85, 7017.0], [4426.9, 2443.0], [4427.0, 25701.0], [4427.05, 15849.0], [4427.2, 5547.0], [4427.25, 16048.0], [4427.35, 2443.0], [4427.5, 15758.0], [4427.85, 56279.0]]}}}
{"jsonrpc": "2.0", "method": "subscription", "params": {"channel": "book.ETH-PERPETUAL.none.20.100ms", "data": {"timestamp": 1757585353965, "change_id": 86079800221, "instrument_name": "ETH-PERPETUAL", "bids": [[4425.75, 9752.0], [4425.5, 36.0], [4425.45, 1162.0], [4425.35, 100212.0], [4425.3, 244000.0], [4425.25, 69.0], [4424.95, 22142.0], [4424.9, 295801.0], [4424.85, 449766.0], [4424.8, 115625.0], [4424.75, 1711.0], [4424.6, 107737.0], [4424.55, 104556.0], [4424.5, 229.0], [4424.45, 20808.0], [4424.4, 229791.0], [4424.35, 2938.0], [4424.25, 108.0], [4424.2, 5221.0], [4424.15, 14878.0]], "asks": [[4425.8, 301785.0], [4425.85, 7500.0], [4425.9, 25000.0], [4426.0, 11791.0], [4426.05, 33600.0], [4426.15, 5703.0], [4426.25, 2524.0], [4426.45, 282.0], [4426.6, 28326.0], [4426.75, 23612.0], [4426.8, 70808.0], [4426.85, 7017.0], [4426.9, 2443.0], [4427.0, 25701.0], [4427.05, 15849.0], [4427.2, 5547.0], [4427.25, 16048.0], [4427.35, 2443.0], [4427.5, 15758.0], [4427.85, 56279.0]]}}}
